1992 3342
158 217 204 265 δύο
348 226 409 264 raas
424 226 447 275 1,
461 224 554 270 onaan.
572 224 635 274 xxv,
653 222 708 261 aar.
724 224 760 261 ur.

157 318 205 356 non
217 303 333 355 ordinatur
347 302 377 353 ad
389 300 498 353 elfeotrrm
510 299 569 351 sieut
581 298 611 349 ad
621 298 706 363 finan,
720 298 761 350 sed
773 301 839 364 magis
850 299 926 367 ipsust

158 378 210 429 linis
220 377 256 427 sui
266 375 373 427 effectas.

188 452 223 501 ad
232 448 327 499 tertium
340 446 474 509 dioeudum,
490 444 551 509 qudd
563 445 728 510 Philosophus,
742 446 835 507 iu·Vlll‚
849 448 927 512 Pdpn'r,

157 522 239 588 probat
256 520 316 584 qndd
334 521 354 570 si
372 518 463 583 aliquod
483 530 565 581 corpus
578 518 674 567 haberet
689 518 814 581 potentiam
828 519 932 579 indultam,

157 597 261 645 moueret
276 592 301 641 in
314 606 363 640 nou
376 594 500 653 lempna,-
519 593 543 639 et
565 593 642 639 tanam
660 589 760 640 ostendit
777 590 834 655 qudd
852 590 932 657 potentia

158 664 251 715 motoris
263 663 317 713 eoeli
329 667 364 713 est
372 661 477 724 induite,
489 662 543 725 quia
554 674 645 712 mouere
657 665 733 725 potest
747 665 844 727 tompore
854 665 931 726 infinito.

158 739 302 803 Relinquitur
315 752 369 802 ergo
388 736 513 789 seeundum
530 736 581 801 ejus
596 737 763 800 intentionem,
780 738 837 802 qudd
853 739 934 805 potentia

157 810 246 861 inllnita
257 810 358 875 corporis
368 810 387 860 si
398 813 467 873 esset,
480 806 583 860 moveret
592 808 616 858 in
625 824 672 858 non
684 812 809 873 tempore,
820 820 864 862 uon
877 817 934 863 auten
955 801 956 881 1

158 882 260 947 potentia
270 881 402 945 incorporei
415 880 518 931 motoris.
531 880 602 944 Cujus
615 881 672 932 ratio
685 885 733 944 est,
750 882 802 945 quia
816 896 935 948 corpusne
955 884 956 909 l

158 967 215 1005 rens
234 954 296 1007 aliud
312 968 410 1019 eorpus,
432 957 467 1004 est
480 967 551 1017 agens
566 954 706 1017 univocum3
724 955 784 1004 unde
797 959 881 1019 oportet
894 956 936 1020 qull

158 1030 206 1077 tota
216 1025 318 1092 potentia
329 1026 420 1091 agentis
433 1026 592 1077 manifestetur
599 1025 623 1074 in
638 1028 710 1077 motu.
725 1026 782 1086 Quia
793 1026 861 1090 igitur·
870 1026 937 1093 quanti

158 1101 272 1151 moventis
284 1101 384 1166 eorporis
396 1099 499 1163 potentia
515 1102 551 1148 est
563 1098 652 1162 major,
672 1097 738 1149 tantd
758 1098 854 1149 reloeids
864 1102 938 1153 moret

158 1185 253 1222 neeesse
267 1172 373 1237 estquod
384 1170 588 1233 silueritintlnita,
603 1173 693 1220 moveat
706 1170 939 1234 improportionabiliter

158 1242 238 1301 uitiis,
253 1246 312 1308 quod
332 1247 367 1295 est
386 1256 477 1294 morere
488 1242 513 1292 iu
527 1256 574 1291 non
586 1245 706 1307 tempore.
722 1242 767 1293 Sed
780 1256 870 1294 movens
882 1244 939 1293 incur·
956 1231 957 1309 1

159 1330 253 1379 pureum
266 1319 302 1367 est
314 1330 385 1378 agens
398 1327 444 1365 nou
459 1314 594 1378 univocum3
603 1316 664 1364 unde
674 1328 720 1364 non
734 1318 822 1379 oportet
832 1314 889 1379 qu'od
906 1318 939 1363 luta
956 1320 957 1323 ’

158 1388 232 1438 uirtus
250 1388 301 1452 eJus
318 1388 476 1437 manifestetur
493 1386 519 1436 iu
538 1390 614 1450 motu,
628 1387 661 1437 ita
681 1385 742 1451 qu'od
760 1392 849 1438 moreat
864 1387 887 1437 in
905 1402 939 1432 raon

160 1464 283 1526 tempore,
303 1465 328 1511 et
343 1459 469 1525 presertim
484 1458 538 1523 quia
554 1462 633 1510 moret
647 1458 772 1510 seeunddnt
788 1459 941 1524 dispositionem

158 1546 204 1585 suae
221 1532 353 1584 uoluntatis.

449 1622 607 1673 ARTICULUS
623 1622 664 1675 111.

374 1738 460 1783 Utn'rm
470 1740 535 1783 Deus
544 1737 577 1783 ait
585 1738 741 1795 omnipotens.

189 1859 224 1907 nd
239 1857 332 1907 tertium
344 1857 376 1907 sie
393 1857 524 1921 proceditur
542 1856 586 1923 (1).
606 1856 700 1909 Videtur
720 1857 782 1922 qudd
800 1859 858 1909 [leus
868 1872 913 1908 uon
926 1856 949 1905 sit

158 1929 311 1994 omnipotens.
334 1928 419 1980 lloreri
435 1929 497 1979 enim
518 1934 541 1979 et
563 1928 610 1992 pati
629 1929 714 1993 aliquid
734 1931 836 1985 omniurn
854 1934 894 1981 est.
912 1931 950 1978 Ser

159 2004 202 2053 hoe
211 2002 270 2053 Deus
278 2015 324 2053 non
335 2005 423 2065 potest,
440 2006 476 2053 est
489 2002 551 2051 euim
562 2000 699 2066 immobilis,
713 2005 739 2053 ut
752 2002 823 2068 supra
833 2003 913 2055 dietum
921 2010 949 2051 est

160 2073 214 2139 (qu.
225 2079 249 2137 2,
261 2076 303 2124 art.
320 2078 343 2137 3,
353 2076 377 2125 et
387 2088 426 2138 qu.
438 2078 462 2137 9,
478 2078 521 2124 art.
538 2073 571 2139 l).
582 2074 632 2125 Nou
645 2073 761 2137 igiturest
773 2077 923 2140 omnipotens,

190 2151 214 2197 2.
226 2149 347 2211 Praeterea,
356 2160 461 2211 peecare,
474 2146 561 2211 aliquid
572 2159 640 2209 agere
652 2150 695 2197 est.
706 2148 750 2197 Sed
760 2150 821 2203 Deus
829 2162 874 2201 uon
883 2152 951 2212 poles

159 2231 269 2282 peceare,
281 2232 355 2283 neque
368 2218 469 2282 seipsum
478 2232 572 2283 negare,
584 2224 610 2269 ut
624 2218 707 2269 dicitur
718 2220 739 2269 ll
755 2221 865 2273 Timoli,
878 2221 897 2271 ll
911 2222 941 2283 (a

158 2291 217 2352 Ergo
231 2291 291 2341 llerrs
303 2305 350 2341 nun
363 2294 399 2342 est
412 2290 564 2354 omnipotens.

191 2366 213 2412 3.
229 2362 355 2426 Praeterea,
369 2363 397 2414 de
414 2364 461 2413 ileu
476 2362 569 2425 dicitur,
585 2360 645 2427 qudd
659 2380 673 2411 n
686 2364 878 2431 omnipotentiam
895 2377 954 2414 suan.

157 2434 271 2498 parcendo
288 2432 387 2485 maxime
403 2438 428 2485 et
442 2433 571 2485 miserando
589 2434 741 2487 manifestat:
767 2438 875 2489 rrltimum
893 2436 958 2497 igitr·¹

157 2506 218 2569 quod
237 2509 313 2569 potest
332 2506 409 2557 diviua
419 2506 535 2570 potentia,
551 2511 585 2559 est
597 2520 690 2571 parcere
704 2514 727 2560 et
740 2511 856 2563 misereri.
874 2508 958 2569 anuum

157 2580 233 2627 autem
244 2580 279 2628 est
292 2577 362 2628 multo
377 2577 450 2642 majus
464 2578 532 2643 qnam
543 2593 637 2644 parcere
652 2584 675 2632 et
686 2582 801 2647 misereri,
817 2583 879 2633 siem
888 2592 958 2629 arear*

158 2698 270 2805 ἀρίθοεῐί1
280 2699 327 2744 Sol.
340 2701 391 2745 Non
401 2702 462 2745 enirn
476 2712 546 2746 unum
558 2702 706 2749 ordinabatur
720 2704 748 2749 ad
762 2704 845 2763 aliud,
859 2715 902 2748 nec
914 2698 958 2741 in:¹

157 2773 208 2817 epus
219 2774 258 2805 era
272 2794 277 2805 .

193 2830 223 2892 111
235 2836 267 2877 Ile
282 2833 319 2877 his
332 2835 402 2879 otiam
416 2839 448 2881 lll
461 2844 533 2895 part,
547 2852 586 2895 qu.
603 2838 641 2897 13,
658 2847 702 2888 art.
721 2840 748 2894 1;
762 2848 786 2886 et
801 2840 877 2886 Cont.
889 2839 946 2883 Gen·

158 2894 199 2939 lid.
214 2898 238 2953 Ι,
254 2909 305 2951 oap.
319 2897 350 2938 22
360 2904 385 2941 et
397 2898 440 2952 25;
453 2907 477 2944 et
490 2914 531 2957 qu.
544 2900 568 2960 7,
583 2902 611 2947 de
625 2904 727 2963 potdnt„
742 2912 787 2950 nrt.
803 2904 829 2950 i.

192 2963 223 3025 (2)
239 2968 317 3020 Quoad
330 2967 404 3014 solam
417 2972 542 3017 secundam
556 2971 715 3030 appendicem.
