1992 3342
128 217 173 263 328
314 223 375 259 nans
390 223 411 272 r,
428 223 520 267 ouum.
537 221 591 271 xix,
609 221 663 258 nnn.
682 218 734 259 vuer.

129 299 189 351 netis
199 311 255 350 uera
265 301 300 348 est
313 297 454 359 nommant,
463 296 567 360 seqnitur
580 309 635 359 ergo
644 296 704 360 qudd
718 309 786 348 omne
797 299 858 362 quod
873 299 926 350 Deus

130 373 192 434 vult,
206 370 236 420 sit
248 367 400 418 necessarium
414 366 525 417 absolute.

158 443 205 493 Sed
222 444 310 492 contra.
325 439 407 488 omnia
419 440 481 489 bona
493 451 545 502 que
559 438 633 500 fiunt,
648 439 707 490 deus
720 439 769 488 uult
783 439 832 489 fieri
846 440 893 506 (d).
907 440 926 490 Si

128 512 199 575 igitur
215 511 267 574 ejus
281 511 387 560 uoluntas
404 508 507 572 imponat
520 509 588 559 rebus
603 507 679 558 volitis
699 510 879 576 necessitatem,
899 524 929 561 sc·

71 627 76 637 ,
88 592 96 615 ¹
128 582 205 646 quitur
219 580 280 644 qudd
290 580 367 630 omnia
380 581 441 630 bona
454 592 484 629 ex
495 579 632 630 necessitate
645 579 772 643 eueniunt;
788 585 812 632 ct
825 582 861 632 sic
875 582 929 647 perit

127 653 225 702 iiioemm
238 651 366 715 arbitrium,
378 655 403 700 et
418 650 553 713 consilium,
568 654 592 700 et
606 649 684 700 omnia
696 651 837 714 hujusmodi.

160 723 316 788 (donauero.
325 748 356 758 -
366 721 448 770 Divina
456 721 561 770 voluntas
572 733 618 770 non
627 719 731 770 omnibus
741 721 782 770 sed
797 722 931 786 quibusdan

132 793 291 843 necessimem
302 792 414 857 imponit,
431 791 514 854 quibus
526 789 614 840 scilicet
625 803 703 841 causas
716 792 860 844 necessarius
874 799 932 859 apta·

131 864 180 927 uit3
199 863 384 928 contingentibus
402 866 479 914 summ
492 861 580 924 aptavit
594 861 753 923 confingentes
766 863 875 929 causas.)

162 935 297 998 despondeo
318 934 459 996 dicendum,
484 930 555 996 qudd·
570 931 648 981 divina
670 932 775 983 voluntas
799 934 934 997 pneumam

81 1007 98 1032 ''
131 1005 208 1056 volitis
220 1006 378 1055 necessitatem
395 1003 509 1067 imponit,
523 1015 569 1052 non
583 1007 660 1052 autem
673 1003 787 1054 omnibus.
803 1005 877 1070 cujum
889 1005 935 1070 qui·

132 1075 184 1127 dem
196 1076 309 1126 rationem
328 1074 399 1139 aliqui
414 1074 531 1137 assignem
546 1073 667 1124 voluerunt
689 1075 813 1126 excursis
832 1077 934 1127 mediis:

132 1146 186 1209 quia
197 1159 225 1195 ea
234 1159 286 1209 que
300 1145 406 1209 producit
417 1157 460 1208 per
472 1157 552 1193 causas
566 1143 713 1206 necessarias,
728 1147 782 1194 sunt
796 1147 934 1206 necessarie

132 1229 160 1267 ea
172 1215 228 1267 vero
246 1230 298 1280 que
320 1215 424 1279 producit
440 1227 482 1279 per
499 1226 580 1264 causm
593 1213 767 1278 contingentes,
782 1222 838 1267 sunt
851 1219 937 1270 contin-

133 1288 219 1351 gentia,
237 1289 282 1339 Sed
297 1290 341 1338 troc
355 1300 401 1337 nou
416 1286 508 1335 ridetur
517 1285 658 1336 sufficienter
668 1285 764 1349 dictum,
775 1292 874 1352 propter
886 1291 936 1339 duo.

132 1360 209 1411 enno
219 1359 320 1425 quidem,
335 1359 389 1424 quia
406 1359 502 1408 edoctus
513 1357 609 1421 alicujus
618 1357 697 1420 prima
710 1370 786 1409 cause
796 1364 834 1410 est
850 1361 938 1411 contiu-

133 1444 190 1493 gens
202 1435 296 1496 propter
306 1443 398 1481 causam
411 1429 544 1490 secundam,
555 1439 584 1477 ex
597 1441 625 1478 eo
638 1427 699 1491 quod
708 1427 835 1492 impeditur
845 1431 938 1482 effectus

132 1515 207 1552 muse
223 1502 303 1566 primae
315 1515 358 1564 per
371 1501 485 1551 deiectum
498 1513 573 1550 causae
590 1499 696 1549 secunde
708 1515 715 1563 3
728 1499 789 1550 sicut
802 1502 878 1553 virtus
888 1502 940 1554 sciis

133 1585 175 1636 per
189 1573 304 1623 deiectum
320 1573 405 1635 plante
419 1571 550 1635 impeditur.
564 1570 644 1619 Nullus
659 1574 736 1620 autem
750 1571 857 1623 deiectus
867 1586 939 1624 cause

133 1645 239 1694 secunde
248 1643 360 1708 impedire
370 1647 447 1707 potest
457 1643 491 1708 (Ξ)
504 1641 560 1706 quin
576 1641 681 1692 uoluntas
694 1641 736 1692 Dei
747 1643 858 1695 effectum
876 1657 941 1696 suum

169 1803 200 1867 (i)
213 1809 264 1851 Huc
276 1811 366 1862 spectat
382 1806 444 1863 qudd
452 1808 502 1864 J‘am
516 1818 586 1862 supra
599 1817 627 1850 ex
646 1807 749 1851 Roman.
768 1807 826 1867 XII,
843 1821 905 1854 vers.
918 1807 941 1864 2,

136 1873 239 1914 nodotum
266 1874 317 1926 est,
337 1880 390 1926 quse
412 1870 445 1913 sit
464 1869 578 1913 noluntas
597 1867 644 1912 Dei
664 1867 726 1912 dono
749 1873 808 1926 ete,
826 1875 852 1914 ut
869 1876 893 1914 et
912 1869 944 1914 od

138 1930 276 1989 coeman,
284 1941 346 1975 vers.
356 1930 386 1974 ts
401 1946 407 1973 r
421 1931 492 1975 scetis
504 1931 610 1988 perfecte·
620 1932 641 1974 et
649 1930 720 1986 ptem·
733 1930 763 1974 s'o
774 1933 845 1976 omasi
856 1933 943 1976 edun

137 1997 184 2038 tote
197 1994 261 2046 Det,·
281 1995 424 2048 sursumque
441 1994 466 2048 1,
484 1992 515 2036 ud
536 1991 638 2036 consu.
651 1993 697 2047 IV,
710 2002 773 2036 vers.
785 1992 801 2036 a
815 2009 822 2036 ι
837 1993 893 2038 Hoc
911 1995 944 2038 est
968 1983 969 2048 i

136 2055 249 2101 coluntur
262 2055 309 2098 Dei
322 2055 474 2112 sussctfleots'o
483 2057 581 2102 nestra,
596 2056 625 2097 att
635 2052 776 2097 abstinentis
794 2067 837 2100 nos
849 2061 896 2100 etc.
914 2058 946 2100 Et
968 2053 969 2114 f

137 2118 232 2162 interius
244 2129 298 2173 cap.
309 2119 339 2174 V,
355 2129 417 2161 uers.
429 2114 474 2160 15:
486 2116 587 2172 Semper
598 2114 662 2170 quod
673 2115 763 2158 boatum
771 2120 806 2160 est
816 2117 946 2162 nemius·

137 2180 167 2223 tn
182 2181 288 2224 inuicem
302 2182 323 2223 ct
337 2180 367 2222 to
385 2189 464 2222 omnes
481 2195 489 2221 .·
510 2177 565 2220 Haec
580 2180 613 2220 est
626 2177 691 2220 eodm
703 2175 820 2223 noluntas
837 2178 885 2224 Des*
897 2186 945 2222 etc.

137 2240 197 2284 Hinc
208 2246 232 2285 et
244 2241 300 2286 stibi
310 2240 396 2297 passim
404 2241 487 2298 {acere
502 2238 590 2283 tonum
600 2249 642 2293 pro
656 2237 739 2282 eodem
752 2240 854 2284 sumitur
865 2253 891 2285 nc
902 2241 948 2285 Idci

138 2302 280 2346 voluntatem
290 2301 367 2347 iacere
380 2308 426 2345 etc.

171 2369 202 2433 (Ξ)
215 2375 306 2430 Perse,
319 2371 419 2430 directe,
432 2369 571 2430 formaliter,
583 2369 649 2426 quasi
659 2368 742 2414 divine
754 2370 883 2418 uoluntatis
896 2371 949 2416 effi-

138 2435 227 2478 cacium
240 2435 357 2487 debititet;
373 2434 410 2479 vel
421 2432 487 2489 quasi
498 2437 562 2477 tanta
574 2432 660 2476 nonsit
672 2443 714 2475 nec
724 2434 849 2489 mutopere
862 2441 951 2491 potens

138 2496 263 2542 voluntatis
276 2496 359 2541 diuinas
371 2496 455 2548 uirtus,
473 2497 499 2537 ut
521 2494 582 2538 huuc
601 2493 716 2538 deiectum
733 2495 808 2550 possit
825 2507 951 2540 removero

139 2558 176 2602 vel
188 2558 231 2602 hoc
246 2558 433 2614 impedimentum
447 2567 570 2614 superare,
589 2557 609 2602 si
627 2553 731 2600 absolute
746 2555 779 2600 ita
795 2558 875 2602 vellet.
887 2559 951 2603 Nam

140 2619 226 2676 adoqui
236 2620 279 2664 lib.
290 2622 332 2679 IV,
343 2620 450 2667 Seorteot,
457 2618 511 2662 dist.
523 2617 562 2676 11,
574 2622 645 2673 quet.
656 2615 679 2674 1,
690 2622 734 2662 nrt.
744 2615 769 2674 3,
780 2619 909 2673 quaestione
924 2620 953 2664 3.

140 2681 168 2727 sd
189 2682 222 2739 2,
242 2682 375 2727 resistentia
393 2679 477 2736 duplex
498 2680 641 2738 assignatur,
664 2679 752 2724 scilicet
773 2680 811 2724 eei
836 2693 866 2726 ex
881 2689 954 2738 perne

141 2745 231 2801 agentis
249 2744 341 2801 quando
361 2755 391 2787 ex
406 2741 522 2787 contrario
541 2748 623 2799 agente
642 2741 774 2786 debilitatur
788 2743 842 2798 ejus
859 2743 953 2792 virtum

141 2806 179 2851 vei
192 2817 221 2850 ex
230 2813 296 2863 parte
309 2805 419 2864 effectus,
431 2804 524 2860 wando
536 2816 566 2848 ex
578 2803 694 2849 contraria
707 2803 858 2860 dispositione
873 2805 959 2861 tmpe-

142 2868 210 2913 ditnr.
232 2871 263 2914 nt
282 2868 429 2924 subiungitur
446 2866 508 2922 qudd
529 2866 559 2911 s'o
579 2865 760 2924 operationibus
780 2865 878 2912 da'cs'ss's
898 2879 960 2912 serr

143 2930 279 2975 ostenditur
297 2929 428 2987 difficultas
445 2928 579 2976 secondom
595 2928 758 2974 catalecticos
776 2928 808 2973 ud
825 2933 963 2986 coenum.
