1992 3342
335 243 368 280 ss
381 243 549 282 smumrsrs
562 246 613 284 um.
671 257 675 264 ·
845 238 874 288 11

98 313 877 440 umutfflriacmnewourserusesteoeuper

108 386 185 438 ‘dens
199 389 264 439 Unde
281 389 335 440 cium
352 390 520 440 mussitem
552 397 609 442 uter

77 515 106 530 Ἢ
168 462 215 510 test
224 473 276 510 esse
434 475 455 511 s.
526 476 568 513 uec
578 464 703 514 studentis
716 478 757 528 psr
769 477 794 514 se
806 464 842 530 (l)
851 466 877 516 in

70 542 96 578 ec
106 543 156 580 esse
167 535 273 594 possunt,
285 532 344 582 sicut
359 531 447 591 risibru
454 535 489 583 est
497 547 538 597 per
548 547 573 584 se
583 535 689 585 accidens
700 535 811 598 hominm,
823 537 877 600 quia

70 599 198 668 hujusmodi
212 601 343 654 accidentia
348 606 475 666 caumntpr
492 617 520 654 ux
535 605 653 670 principiis
668 606 774 670 subjecti.
786 608 813 656 lu
829 608 877 658 Deo

75 672 150 724 autem
160 671 218 722 nihil
231 675 309 735 polest
321 686 371 728 esse
385 677 518 737 causatum,
530 674 582 725 cutm
591 676 622 726 sit
635 689 704 727 cama
716 676 801 740 prima:
815 679 878 730 unde

76 739 218 806 reliquitur,
233 744 295 806 quud
309 743 334 794 iu
345 747 394 796 lieo
407 745 496 795 nullum
505 745 536 796 sit
545 746 658 796 semideus.
752 768 754 773 ·

104 811 137 888 fid
154 813 257 874 primum
271 827 327 878 ergo
343 815 478 878 dicendum,
496 815 558 879 qued
576 817 649 867 virum
661 820 686 867 et
698 817 811 881 sapientia
830 831 877 869 non

73 881 165 932 meoet
178 883 288 934 dicuntur
305 885 334 936 de
352 887 400 936 lieu
414 890 438 936 et
449 886 478 936 de
494 887 560 938 nohis
566 925 576 951 ‚
584 891 611 937 ui
629 887 690 938 inira
702 888 798 951 patebit.
812 889 878 939 llnele

74 963 117 1001 neu
125 954 230 1016 sequitur
238 955 301 1019 quud
312 955 358 1007 sint
371 957 497 1008 accidentia
509 956 533 1008 in
544 960 604 1022 lien,
614 958 705 1008 n'cutin
714 959 789 1009 nebu.

101 1025 134 1074 lu
144 1027 273 1076 secundum
288 1028 409 1078 dicendum
414 1065 423 1092 ,
437 1027 499 1092 quud
509 1043 561 1079 cum
572 1030 698 1080 susbtantia
706 1030 737 1080 sit
745 1031 807 1094 prior
818 1031 879 1081 acci·

73 1095 188 1160 dentibus,
204 1098 319 1163 principia
334 1099 487 1150 reddentium
503 1101 641 1151 reducuntur
658 1100 684 1150 in
700 1101 812 1164 principia
824 1102 878 1152 sult-

73 1168 157 1218 stanliae
162 1205 171 1232 ,
181 1168 243 1218 sicut
251 1169 278 1218 iu
290 1169 367 1233 priora
376 1186 382 1220 :
391 1171 495 1234 quarmis
504 1173 565 1221 Deus
576 1185 624 1221 uun
634 1171 665 1222 sit
674 1171 773 1236 primum
783 1175 879 1222 cunicu-

73 1241 120 1287 lum
128 1239 154 1288 in
169 1253 257 1302 genere
268 1240 414 1306 substantie,
429 1241 471 1292 sed
480 1240 578 1304 primum
591 1245 657 1292 extra
667 1255 734 1293 omne
745 1254 818 1306 genus
830 1257 879 1293 res-

75 1313 138 1372 pecte
147 1311 220 1362 totius
234 1324 295 1362 esse.

368 1411 526 1462 tnulcUths
540 1411 591 1462 VII.

262 1515 350 1561 Utrum
359 1517 426 1560 Deus
434 1516 467 1561 sit
476 1517 573 1561 omnino
581 1515 689 1572 simplem

104 1623 134 1672 ll
145 1623 274 1688 septimum
286 1623 320 1674 sic
335 1623 465 1688 proceditur
475 1622 518 1690 (i).
532 1623 627 1674 Videtur
640 1622 702 1689 qutrl
711 1623 772 1673 Deus
788 1635 834 1675 nou
850 1623 879 1674 sit

75 1693 159 1746 ommno
171 1695 283 1760 simplex.
303 1695 336 1746 Eu
350 1695 412 1744 euim
426 1709 476 1758 quae
490 1698 544 1745 sunt
554 1694 567 1743 i
577 1697 638 1758 lien,
652 1694 770 1745 imitantur
785 1694 877 1758 ipsum;

74 1767 128 1816 mle
143 1766 157 1816 l
174 1767 253 1830 primo
267 1767 324 1816 Ente
340 1770 394 1816 suut
411 1766 577 1829 omnicreans,
592 1771 615 1816 et
632 1765 731 1830 iprims
746 1767 809 1816 Bone
825 1770 880 1815 suut

75 1837 145 1888 omis
158 1838 230 1888 bona.
245 1837 292 1887 Sed
305 1837 331 1887 in
343 1839 413 1888 rebus
423 1875 432 1901 ,
446 1851 495 1902 quae
507 1841 560 1888 sunt
572 1837 656 1901 illes,
672 1837 730 1887 nihil
740 1840 776 1888 est
786 1835 879 1887 omnino

74 1909 177 1971 mplex,
188 1921 246 1971 ergo
257 1921 302 1958 uec
311 1909 381 1959 Deus.

104 1981 126 2027 Ξ.
139 1980 254 2029 Praeterea
261 2015 271 2042 ‚
285 1991 352 2029 omne
360 1977 422 2042 quod
433 1981 468 2028 est
477 1979 572 2043 melius,
583 1978 631 2029 lieo
643 1978 813 2028 attribuendum
829 1982 878 2043 est3

72 2048 111 2097 seul
125 2051 185 2113 apud
202 2063 247 2099 nos
260 2049 387 2113 composita
401 2051 455 2099 suut
467 2049 561 2100 meliora
581 2049 734 2113 simplicibus,
751 2048 809 2098 sicut
830 2063 881 2100 cur·

74 2131 127 2181 pora
143 2121 215 2172 mixta
230 2120 367 2183 elementis,
379 2123 404 2170 et
414 2119 520 2173 animalia
530 2120 577 2172 suis
585 2119 688 2184 partibus
703 2134 709 2168 :
724 2133 779 2183 ergo
789 2133 835 2171 neu
846 2125 882 2172 est

75 2189 189 2241 dicendum
203 2188 266 2255 quud
278 2185 339 2240 ll'eus
349 2190 380 2241 sit
393 2190 486 2240 omnine
498 2191 605 2254 simplex.

105 2263 145 2312 Sed
157 2267 238 2314 contra
250 2265 300 2325 est,
321 2261 384 2326 qurltd
400 2262 540 2325 Augustinus
558 2261 613 2312 dicit
621 2299 629 2325 ,
646 2261 678 2311 Vl
688 2261 720 2312 de
734 2262 803 2312 Tria.
821 2262 882 2326 quod

80 2335 174 2399 «Beue,
185 2333 242 2385 vert
256 2337 281 2385 et
291 2331 380 2384 summe
391 2333 488 2397 simplex
498 2337 535 2383 est
547 2333 590 2397 (8).
603 2347 617 2378 n

110 2449 137 2513 (l)
149 2454 201 2500 lion
213 2453 269 2510 quia
280 2452 326 2497 illis
343 2464 386 2508 per
396 2463 422 2495 se
434 2451 470 2496 vel
481 2450 637 2496 essentialiter
642 2449 768 2495 conveniet
778 2461 830 2494 esse
842 2460 883 2494 ae·

78 2513 171 2561 cideufia
183 2513 226 2576 (sic
237 2515 300 2559 enim
310 2525 358 2571 per
365 2526 391 2558 se
399 2520 469 2556 smne
480 2511 589 2558 accidens
606 2512 650 2556 (lici
661 2509 759 2570 posset),
774 2511 815 2555 seri
827 2511 881 2566 quia

82 2587 120 2630 per
133 2589 157 2622 se
170 2581 349 2632 consequuntur
368 2575 514 2632 subjeetum,
529 2575 564 2619 vel
583 2573 708 2618 secundum
719 2574 819 2629 aliquem
831 2585 884 2617 ms·

78 2637 126 2682 dum
135 2639 227 2684 dicendi
235 2651 283 2696 per
293 2650 318 2683 se
326 2635 460 2682 immediate
471 2636 504 2682 illi
514 2636 663 2690 conuenisse
672 2636 743 2681 eilib.
753 2635 765 2680 1
778 2636 883 2684 Postea,

79 2711 127 2756 cap.
139 2701 154 2745 l
180 2705 240 2746 text.
253 2699 277 2745 8.

110 2759 137 2822 (r)
151 2735 183 2808 rie
200 2764 238 2807 urs
249 2761 321 2814 esrem
335 2758 359 2818 r,
374 2759 427 2804 urse.
445 2757 472 2817 s,
485 2771 526 2814 qu.
539 2757 571 2815 s,
586 2765 630 2804 ss.
643 2758 669 2812 1;
682 2763 707 2803 et
719 2756 787 2802 coss.
799 2757 882 2806 esec,

80 2821 116 2868 lit.
131 2823 156 2883 1,
171 2837 226 2882 cap.
240 2822 287 2881 16,
305 2819 350 2879 18,
369 2820 407 2874 19,
426 2827 450 2866 et
467 2827 550 2877 quaest,
564 2820 594 2878 7,
608 2821 636 2866 de
649 2824 749 2876 putent,
762 2824 805 2863 art.
820 2817 843 2871 13
858 2825 883 2861 ei

83 2885 163 2942 (ipsse.
175 2887 200 2946 3,
215 2899 270 2942 cup.
285 2885 334 2929 ‘iel
346 2882 374 2928 21
385 2900 392 2937 3
405 2889 429 2928 et
441 2884 465 2928 in
474 2882 560 2928 librum
576 2882 605 2928 lle
619 2882 715 2929 Cauris,
728 2881 783 2925 lect.
795 2877 835 2922 21.

107 2947 135 3008 (³)
150 2949 194 2996 Ubi
208 2954 338 3006 postquam
350 2957 404 3004 esp.
418 2943 433 2990 5
450 2951 581 2991 creaturam
596 2943 726 3001 quemlibet
740 2938 806 3000 (lices
816 2936 885 2994 spirl-
