1992 3342
94 217 139 266 55⁰
248 259 252 263 Α
279 224 341 268 rans
356 226 379 280 t,
394 222 486 275 odaei
502 226 589 280 narr,
604 222 658 268 aar.
672 222 701 267 rt.

92 306 198 368 tinguere
208 306 338 371 mpposu‘ta3
351 310 512 370 nequetanrcn
522 306 669 369 distinguitur
676 305 784 369 essentia,
790 299 846 371 qnia
856 318 894 356 re*

94 378 191 429 ledones
209 378 265 442 ipsae
279 391 327 428 non
348 378 518 442 distinguuntur
532 378 560 429 ab
575 378 673 429 invitem
688 377 813 428 secunddm
831 378 894 442 quid

93 455 148 500 sunt
159 451 250 502 mediter
260 451 322 501 idem
334 465 387 501 cunr
397 452 507 501 essentia.

126 524 160 571 dd
173 522 298 572 secundnm
309 521 443 586 dicendum,
457 523 518 586 quid
532 523 556 572 in
572 526 682 587 uuantrrm
695 523 795 573 essentia
805 527 830 573 et
842 536 896 587 pcr-

94 608 149 644 sona
160 594 185 644 in
197 594 281 644 divinis
292 594 400 645 differunt
412 594 539 645 secundini
548 594 706 657 interdicenda
718 595 845 657 rationem,
860 608 895 645 se·

94 665 171 729 quitur
184 664 245 729 qudd
257 665 344 729 aliquid
359 667 432 730 possit
443 666 553 716 affirmari
570 667 598 716 de
616 678 662 717 uno
676 666 739 730 qnod
756 670 857 729 negatur
868 668 896 717 de

94 738 182 801 attero,
195 740 220 787 et
229 750 271 801 per
283 750 426 803 consequens
435 737 497 803 quod
510 738 627 802 supposito
640 750 686 787 uno
697 745 744 787 ndu
752 742 898 802 supponatur

94 810 199 859 atterum.

126 880 160 929 dd
168 880 261 930 tertium
270 880 403 945 dicendum,
412 880 473 945 qndd
481 880 551 931 rebus
559 881 643 931 divinis
651 880 745 931 nomina
755 881 899 944 imponimus

95 951 219 1002 secunddm
226 954 318 1003 modum
325 964 402 1003 mmm
411 956 548 1016 creatarum,
554 957 580 1002 nt
587 952 654 1017 supr'a
660 952 745 1003 ddum
752 956 796 1002 cst.
806 954 836 1002 Et
842 954 899 1017 quia

95 1027 180 1073 natura
194 1038 270 1075 rerum
283 1029 411 1075 creatarum
417 1024 638 1087 individuanturper
652 1024 769 1073 materiam
781 1038 834 1087 quae
844 1025 901 1074 sub-

93 1095 172 1156 jicitur
184 1099 272 1146 natmau
284 1096 384 1160 speciei,
397 1095 452 1146 inde
470 1101 506 1145 cst
516 1094 577 1160 qudd
591 1094 708 1144 individua
722 1093 831 1144 dicuntur
843 1096 901 1145 sud-

90 1165 176 1229 jecto,
190 1168 229 1217 ret
240 1169 388 1231 supposito,
397 1168 436 1217 ael
450 1167 613 1231 hypostases:
626 1170 650 1216 et
661 1170 754 1229 propter
767 1166 814 1217 hoc
828 1166 899 1216 etiam

95 1236 179 1288 divinae
191 1252 295 1302 persona
312 1240 444 1303 supposita
456 1239 496 1288 cci
511 1237 655 1303 hypostases
672 1236 836 1302 nominantur,
853 1252 901 1289 non

97 1307 161 1372 quid
173 1310 207 1360 iii
220 1310 250 1360 sit
258 1310 333 1375 adona
344 1309 470 1375 suppositio
480 1310 519 1359 aci
529 1309 642 1373 subjectio
653 1307 777 1359 secumdum
793 1322 854 1360 rem.

398 1466 554 1519 remedius
567 1466 596 1515 lt.

134 1591 220 1637 Utrum
233 1594 265 1637 ait
278 1591 403 1639 dicendum
418 1596 466 1637 tres
478 1604 592 1650 personas
606 1604 653 1637 esse
663 1591 736 1637 ardua
746 1590 864 1641 aasentias.

129 1720 164 1770 dd
171 1721 297 1771 secundnm
309 1720 343 1771 aic
356 1719 486 1785 proceditur
493 1720 536 1786 (t).
548 1719 643 1771 Videtur
651 1718 712 1783 qudd
723 1732 771 1769 non
779 1718 810 1769 sit
821 1720 902 1771 dioen-

99 1790 171 1841 dum:
186 1809 200 1839 u
208 1792 263 1841 Tres
275 1804 385 1855 personas
396 1806 446 1843 esse
459 1791 528 1842 unius
541 1790 746 1843 assentiamini
759 1790 825 1841 carim
839 1792 903 1842 idida·

98 1862 146 1913 rius
157 1862 183 1912 in
195 1863 236 1913 dih.
247 1862 280 1913 dc
288 1862 398 1927 synodis
408 1863 457 1928 (t),
469 1863 531 1927 quid
544 1881 558 1911 u
571 1864 639 1913 Pater
648 1866 671 1912 et
681 1861 752 1913 Fidus
766 1865 790 1911 et
800 1862 903 1927 Spiritus

98 1938 190 1983 sanctus
202 1938 254 1984 sunt
267 1934 358 1999 quidem
371 1949 413 1999 per
426 1934 575 1985 substantiam
593 1934 650 1997 tria3
665 1946 708 1997 per
725 1933 903 1985 consonantiam

99 2005 170 2069 rard,
183 2020 262 2056 unum
273 2022 288 2053 n
298 2006 478 2057 Sedsntrstantia
489 2006 532 2056 Dei
545 2010 580 2056 est
593 2004 644 2069 ejus
654 2004 754 2057 essentia
768 2020 774 2053 ι
786 2017 844 2069 ergo
855 2010 904 2056 tras

97 2089 200 2137 iteratim
216 2092 263 2129 non
278 2082 333 2129 sunt
342 2076 410 2127 unius
422 2078 538 2129 essentie.

131 2152 154 2198 t.
168 2150 297 2213 Preietos,
309 2163 357 2201 non
373 2154 408 2199 cst
420 2149 579 2199 affirmandum
594 2147 680 2212 aliquid
696 2148 724 2198 dc
739 2147 825 2199 divinis
841 2150 904 2213 quod

99 2221 236 2272 authoritate
254 2222 374 2286 Scriptura
392 2234 463 2271 sacrae
477 2234 523 2272 non
537 2225 571 2272 est
585 2233 730 2285 expressum,
744 2224 771 2270 ut
781 2224 848 2285 patet
861 2234 904 2285 per

98 2290 241 2358 Dionysium,
252 2294 371 2357 cap.ch
383 2292 464 2341 divin.
475 2308 543 2343 nom.
556 2292 601 2343 Sed
609 2304 728 2355 nunquam
742 2291 767 2341 in
782 2292 904 2357 Scriptura

98 2376 162 2412 sacra
172 2364 320 2429 exprimitur,
330 2363 392 2429 qudd
403 2367 472 2413 Pater
483 2368 507 2413 et
517 2364 587 2414 Filius
598 2367 623 2413 ct
631 2362 731 2427 Spiritus
740 2366 836 2416 sanutus
849 2368 904 2417 snut

99 2433 166 2485 renim
183 2436 289 2487 emenda
304 2452 311 2485 :
326 2450 380 2500 ergo
390 2437 435 2485 troc
448 2449 495 2487 non
507 2440 543 2488 est
553 2433 709 2489 emerendum.

134 2564 165 2626 (i)
182 2568 215 2611 De
228 2566 264 2613 inis
273 2567 342 2613 etiam
353 2568 377 2622 1,
389 2566 467 2615 sm..
480 2565 534 2611 dist.
547 2564 591 2623 34,
607 2568 689 2622 quest.
705 2562 728 2623 1,
745 2570 789 2609 art.
805 2564 830 2609 ἢ.

135 2635 165 2698 (2)
181 2639 323 2695 Exponendo
342 2638 486 2684 antiochenae
504 2638 585 2693 synodi
605 2636 685 2694 idern,
706 2636 754 2681 siue
771 2638 903 2693 symbolum

102 2699 134 2744 iot
144 2698 197 2743 Μ
209 2700 324 2757 episcopis
335 2700 374 2757 qni
384 2700 506 2746 adsuerunt
516 2698 659 2755 expositum
670 2698 709 2743 ubi
720 2700 763 2743 sub
773 2698 846 2744 duem
853 2698 904 2745 hare

102 2762 185 2807 cadem
194 2762 322 2821 habentur,
334 2774 386 2820 qne
403 2761 441 2808 tric
456 2769 482 2807 nt
496 2762 577 2807 Hiinrii
591 2762 696 2807 micres,
711 2760 821 2806 Thomas.
838 2763 903 2815 Quod

105 2824 439 2881 numanitungitnrextibro
447 2823 801 2879 medicinasaomtuttcrprm
809 2836 905 2881 expres-

103 2888 151 2932 sids
163 2893 245 2943 quest
258 2886 299 2943 29,
311 2893 355 2932 art.
367 2887 392 2945 3,
402 2888 443 2933 nbi
451 2887 482 2932 dc
491 2888 586 2933 nurnine
596 2898 714 2944 persone,
727 2894 752 2933 ct
765 2892 848 2943 quau.
864 2887 904 2948 32,

103 2955 148 2997 art.
159 2949 189 3009 2,
201 2950 298 2995 relatum
311 2956 362 3010 est,
377 2952 416 3008 nbi
427 2951 456 3008 dc
470 2950 602 2997 nominibus
617 2951 746 2997 notionum.
828 3002 833 3007 ⁵
