<?xml version="1.0" encoding="UTF-8"?>
<!DOCTYPE html PUBLIC "-//W3C//DTD XHTML 1.0 Transitional//EN"
    "http://www.w3.org/TR/xhtml1/DTD/xhtml1-transitional.dtd">
<html xmlns="http://www.w3.org/1999/xhtml" xml:lang="en" lang="en">
 <head>
  <title>
</title>
<meta http-equiv="Content-Type" content="text/html;charset=utf-8" />
  <meta name='ocr-system' content='tesseract 3.04.00' />
  <meta name='ocr-capabilities' content='ocr_page ocr_carea ocr_par ocr_line ocrx_word'/>
</head>
<body>
  <div class='ocr_page' id='page_1' title='image "./summatheologica04nicogoog_0711.png"; bbox 0 0 1992 3342; ppageno 0'>
   <div class='ocr_carea' id='block_1_1' title="bbox 121 155 725 210">
    <p class='ocr_par' dir='ltr' id='par_1_1' title="bbox 121 155 725 210">
     <span class='ocr_line' id='line_1_1' title="bbox 121 155 725 210; baseline -0.013 -8"><span class='ocrx_word' id='word_1_1' title='bbox 121 155 168 202; x_wconf 81' lang='lat' dir='ltr'><strong>&#39;tos</strong></span> <span class='ocrx_word' id='word_1_2' title='bbox 317 163 378 200; x_wconf 85' lang='lat' dir='ltr'><strong>rans</strong></span> <span class='ocrx_word' id='word_1_3' title='bbox 396 162 419 210; x_wconf 90' lang='grc' dir='ltr'><strong>ι,</strong></span> <span class='ocrx_word' id='word_1_4' title='bbox 436 161 531 206; x_wconf 76' lang='lat' dir='ltr'><strong>onnes.</strong></span> <span class='ocrx_word' id='word_1_5' title='bbox 549 161 619 208; x_wconf 83' lang='lat' dir='ltr'><strong>xurx,</strong></span> <span class='ocrx_word' id='word_1_6' title='bbox 635 159 689 196; x_wconf 79' lang='lat' dir='ltr'><strong>aar.</strong></span> <span class='ocrx_word' id='word_1_7' title='bbox 707 160 725 196; x_wconf 87' lang='grc' dir='ltr'><strong>ι.</strong></span> 
     </span>
    </p>
   </div>
   <div class='ocr_carea' id='block_1_2' title="bbox 120 224 991 2959">
    <p class='ocr_par' dir='ltr' id='par_1_2' title="bbox 120 224 991 2082">
     <span class='ocr_line' id='line_1_2' title="bbox 121 224 991 304; baseline -0.007 -12"><span class='ocrx_word' id='word_1_8' title='bbox 121 241 187 304; x_wconf 81' lang='lat' dir='ltr'><strong>cujus</strong></span> <span class='ocrx_word' id='word_1_9' title='bbox 202 238 341 292; x_wconf 83' lang='lat' dir='ltr'><strong>evidentiam</strong></span> <span class='ocrx_word' id='word_1_10' title='bbox 357 238 475 288; x_wconf 83' lang='lat' dir='ltr'><strong>sciendum</strong></span> <span class='ocrx_word' id='word_1_11' title='bbox 486 242 521 288; x_wconf 88' lang='lat' dir='ltr'><strong>est</strong></span> <span class='ocrx_word' id='word_1_12' title='bbox 532 236 592 301; x_wconf 81' lang='lat' dir='ltr'><strong>quid</strong></span> <span class='ocrx_word' id='word_1_13' title='bbox 604 237 670 287; x_wconf 89' lang='lat' dir='ltr'><strong>atiter</strong></span> <span class='ocrx_word' id='word_1_14' title='bbox 681 238 788 285; x_wconf 77' lang='lat' dir='ltr'><strong>causatur</strong></span> <span class='ocrx_word' id='word_1_15' title='bbox 798 236 887 286; x_wconf 88' lang='lat' dir='ltr'><strong>maium</strong></span> <span class='ocrx_word' id='word_1_16' title='bbox 900 235 929 286; x_wconf 88' lang='lat' dir='ltr'><strong>iu</strong></span> <span class='ocrx_word' id='word_1_17' title='bbox 989 224 991 260; x_wconf 62' lang='lat'>³</span> 
     </span>
     <span class='ocr_line' id='line_1_3' title="bbox 121 309 991 374; baseline -0.006 -12"><span class='ocrx_word' id='word_1_18' title='bbox 121 313 225 374; x_wconf 85' lang='lat' dir='ltr'><strong>actione,</strong></span> <span class='ocrx_word' id='word_1_19' title='bbox 234 315 257 362; x_wconf 90' lang='lat' dir='ltr'><strong>et</strong></span> <span class='ocrx_word' id='word_1_20' title='bbox 268 311 331 362; x_wconf 84' lang='lat' dir='ltr'><strong>aliter</strong></span> <span class='ocrx_word' id='word_1_21' title='bbox 340 310 365 360; x_wconf 91' lang='lat' dir='ltr'><strong>in</strong></span> <span class='ocrx_word' id='word_1_22' title='bbox 377 311 468 362; x_wconf 77' lang='lat' dir='ltr'><strong>effectu.</strong></span> <span class='ocrx_word' id='word_1_23' title='bbox 480 311 507 360; x_wconf 92' lang='lat' dir='ltr'><strong>ln</strong></span> <span class='ocrx_word' id='word_1_24' title='bbox 518 310 605 359; x_wconf 89' lang='lat' dir='ltr'><strong>actione</strong></span> <span class='ocrx_word' id='word_1_25' title='bbox 617 309 710 372; x_wconf 87' lang='lat' dir='ltr'><strong>quidem</strong></span> <span class='ocrx_word' id='word_1_26' title='bbox 722 312 830 358; x_wconf 78' lang='lat' dir='ltr'><strong>causatur</strong></span> <span class='ocrx_word' id='word_1_27' title='bbox 840 310 929 360; x_wconf 88' lang='lat' dir='ltr'><strong>maium</strong></span> <span class='ocrx_word' id='word_1_28' title='bbox 989 310 991 357; x_wconf 81' lang='grc' dir='ltr'>ἐ</span> 
     </span>
     <span class='ocr_line' id='line_1_4' title="bbox 121 379 929 448; baseline -0.002 -14"><span class='ocrx_word' id='word_1_29' title='bbox 121 389 213 448; x_wconf 89' lang='lat' dir='ltr'><strong>propter</strong></span> <span class='ocrx_word' id='word_1_30' title='bbox 222 383 333 435; x_wconf 83' lang='lat' dir='ltr'><strong>deiectum</strong></span> <span class='ocrx_word' id='word_1_31' title='bbox 345 383 443 447; x_wconf 87' lang='lat' dir='ltr'><strong>aiicujus</strong></span> <span class='ocrx_word' id='word_1_32' title='bbox 452 381 614 447; x_wconf 75' lang='lat' dir='ltr'><strong>principiorum</strong></span> <span class='ocrx_word' id='word_1_33' title='bbox 626 379 731 444; x_wconf 90' lang='lat' dir='ltr'><strong>actionis,</strong></span> <span class='ocrx_word' id='word_1_34' title='bbox 744 381 781 430; x_wconf 87' lang='lat' dir='ltr'><strong>rei</strong></span> <span class='ocrx_word' id='word_1_35' title='bbox 790 380 929 445; x_wconf 84' lang='lat' dir='ltr'><strong>principalis</strong></span> 
     </span>
     <span class='ocr_line' id='line_1_5' title="bbox 121 452 929 518; baseline -0.002 -12"><span class='ocrx_word' id='word_1_36' title='bbox 121 455 209 518; x_wconf 79' lang='lat' dir='ltr'><strong>agentis</strong></span> <span class='ocrx_word' id='word_1_37' title='bbox 226 456 261 506; x_wconf 89' lang='lat' dir='ltr'><strong>vel</strong></span> <span class='ocrx_word' id='word_1_38' title='bbox 283 455 462 505; x_wconf 78' lang='lat' dir='ltr'><strong>instrumentalis</strong></span> <span class='ocrx_word' id='word_1_39' title='bbox 481 470 486 503; x_wconf 93' lang='lat'>:</span> <span class='ocrx_word' id='word_1_40' title='bbox 503 453 561 503; x_wconf 88' lang='lat' dir='ltr'><strong>sicut</strong></span> <span class='ocrx_word' id='word_1_41' title='bbox 578 453 681 503; x_wconf 86' lang='lat' dir='ltr'><strong>deiectus</strong></span> <span class='ocrx_word' id='word_1_42' title='bbox 700 452 725 502; x_wconf 91' lang='lat' dir='ltr'><strong>in</strong></span> <span class='ocrx_word' id='word_1_43' title='bbox 739 455 805 502; x_wconf 90' lang='lat' dir='ltr'><strong>motu</strong></span> <span class='ocrx_word' id='word_1_44' title='bbox 821 453 929 504; x_wconf 85' lang='lat' dir='ltr'><strong>animatis</strong></span> 
     </span>
     <span class='ocr_line' id='line_1_6' title="bbox 120 523 928 592; baseline -0.005 -14"><span class='ocrx_word' id='word_1_45' title='bbox 120 532 197 592; x_wconf 89' lang='lat' dir='ltr'><strong>potest</strong></span> <span class='ocrx_word' id='word_1_46' title='bbox 210 527 340 590; x_wconf 78' lang='lat' dir='ltr'><strong>contingere</strong></span> <span class='ocrx_word' id='word_1_47' title='bbox 359 527 396 576; x_wconf 87' lang='lat' dir='ltr'><strong>ret</strong></span> <span class='ocrx_word' id='word_1_48' title='bbox 409 529 502 592; x_wconf 87' lang='lat' dir='ltr'><strong>propter</strong></span> <span class='ocrx_word' id='word_1_49' title='bbox 514 526 654 576; x_wconf 84' lang='lat' dir='ltr'><strong>debilitatem</strong></span> <span class='ocrx_word' id='word_1_50' title='bbox 675 524 768 574; x_wconf 80' lang='lat' dir='ltr'><strong>uirtutis</strong></span> <span class='ocrx_word' id='word_1_51' title='bbox 781 523 891 589; x_wconf 82' lang='lat' dir='ltr'><strong>motivae,</strong></span> <span class='ocrx_word' id='word_1_52' title='bbox 904 530 928 576; x_wconf 90' lang='grc' dir='ltr'><strong>ιιι</strong></span> 
     </span>
     <span class='ocr_line' id='line_1_7' title="bbox 121 595 927 664; baseline 0 -18"><span class='ocrx_word' id='word_1_53' title='bbox 121 597 145 647; x_wconf 94' lang='lat' dir='ltr'><strong>in</strong></span> <span class='ocrx_word' id='word_1_54' title='bbox 157 599 248 664; x_wconf 89' lang='lat' dir='ltr'><strong>pueris,</strong></span> <span class='ocrx_word' id='word_1_55' title='bbox 260 599 297 648; x_wconf 87' lang='lat' dir='ltr'><strong>ret</strong></span> <span class='ocrx_word' id='word_1_56' title='bbox 312 603 403 662; x_wconf 87' lang='lat' dir='ltr'><strong>propter</strong></span> <span class='ocrx_word' id='word_1_57' title='bbox 412 597 482 647; x_wconf 88' lang='lat' dir='ltr'><strong>solam</strong></span> <span class='ocrx_word' id='word_1_58' title='bbox 494 595 671 662; x_wconf 81' lang='lat' dir='ltr'><strong>ineptitudinem</strong></span> <span class='ocrx_word' id='word_1_59' title='bbox 684 595 834 646; x_wconf 83' lang='lat' dir='ltr'><strong>instrumenti</strong></span> <span class='ocrx_word' id='word_1_60' title='bbox 845 636 854 658; x_wconf 86' lang='lat'>‚</span> <span class='ocrx_word' id='word_1_61' title='bbox 865 601 892 647; x_wconf 91' lang='lat' dir='ltr'><strong>ut</strong></span> <span class='ocrx_word' id='word_1_62' title='bbox 904 598 927 646; x_wconf 92' lang='lat' dir='ltr'><strong>in</strong></span> 
     </span>
     <span class='ocr_line' id='line_1_8' title="bbox 121 666 928 732; baseline 0 -13"><span class='ocrx_word' id='word_1_63' title='bbox 121 669 214 720; x_wconf 86' lang='lat' dir='ltr'><strong>claudis.</strong></span> <span class='ocrx_word' id='word_1_64' title='bbox 234 669 344 718; x_wconf 79' lang='lat' dir='ltr'><strong>Censetur</strong></span> <span class='ocrx_word' id='word_1_65' title='bbox 361 673 437 726; x_wconf 85' lang='lat' dir='ltr'><strong>autem</strong></span> <span class='ocrx_word' id='word_1_66' title='bbox 453 667 539 718; x_wconf 86' lang='lat' dir='ltr'><strong>matum</strong></span> <span class='ocrx_word' id='word_1_67' title='bbox 558 667 583 717; x_wconf 92' lang='lat' dir='ltr'><strong>in</strong></span> <span class='ocrx_word' id='word_1_68' title='bbox 596 681 619 718; x_wconf 92' lang='lat' dir='ltr'><strong>re</strong></span> <span class='ocrx_word' id='word_1_69' title='bbox 640 666 727 732; x_wconf 82' lang='lat' dir='ltr'><strong>aliqua,</strong></span> <span class='ocrx_word' id='word_1_70' title='bbox 743 669 882 732; x_wconf 83' lang='lat' dir='ltr'><strong>quandoque</strong></span> <span class='ocrx_word' id='word_1_71' title='bbox 901 683 928 719; x_wconf 82' lang='lat' dir='ltr'><strong>ex</strong></span> 
     </span>
     <span class='ocr_line' id='line_1_9' title="bbox 120 738 930 807; baseline -0.002 -17"><span class='ocrx_word' id='word_1_72' title='bbox 120 739 205 790; x_wconf 83' lang='lat' dir='ltr'><strong>virtute</strong></span> <span class='ocrx_word' id='word_1_73' title='bbox 220 741 308 804; x_wconf 80' lang='lat' dir='ltr'><strong>agentis</strong></span> <span class='ocrx_word' id='word_1_74' title='bbox 322 739 385 805; x_wconf 86' lang='lat' dir='ltr'><strong>(non</strong></span> <span class='ocrx_word' id='word_1_75' title='bbox 400 745 475 790; x_wconf 88' lang='lat' dir='ltr'><strong>tamen</strong></span> <span class='ocrx_word' id='word_1_76' title='bbox 489 739 514 788; x_wconf 93' lang='lat' dir='ltr'><strong>iu</strong></span> <span class='ocrx_word' id='word_1_77' title='bbox 526 740 618 806; x_wconf 84' lang='lat' dir='ltr'><strong>proprio</strong></span> <span class='ocrx_word' id='word_1_78' title='bbox 631 738 715 790; x_wconf 72' lang='lat' dir='ltr'><strong>effectu</strong></span> <span class='ocrx_word' id='word_1_79' title='bbox 727 739 847 807; x_wconf 82' lang='lat' dir='ltr'><strong>agentis),</strong></span> <span class='ocrx_word' id='word_1_80' title='bbox 860 753 930 804; x_wconf 90' lang='lat' dir='ltr'><strong>quan-</strong></span> 
     </span>
     <span class='ocr_line' id='line_1_10' title="bbox 122 809 991 883; baseline 0 -21"><span class='ocrx_word' id='word_1_81' title='bbox 122 811 194 875; x_wconf 76' lang='lat' dir='ltr'><strong>dopuc</strong></span> <span class='ocrx_word' id='word_1_82' title='bbox 208 815 284 862; x_wconf 90' lang='lat' dir='ltr'><strong>autem</strong></span> <span class='ocrx_word' id='word_1_83' title='bbox 296 825 324 862; x_wconf 82' lang='lat' dir='ltr'><strong>en</strong></span> <span class='ocrx_word' id='word_1_84' title='bbox 338 812 427 862; x_wconf 86' lang='lat' dir='ltr'><strong>deiectu</strong></span> <span class='ocrx_word' id='word_1_85' title='bbox 438 810 512 875; x_wconf 89' lang='lat' dir='ltr'><strong>ipsius</strong></span> <span class='ocrx_word' id='word_1_86' title='bbox 523 811 559 860; x_wconf 88' lang='lat' dir='ltr'><strong>ret</strong></span> <span class='ocrx_word' id='word_1_87' title='bbox 571 809 680 860; x_wconf 78' lang='lat' dir='ltr'><strong>materia.</strong></span> <span class='ocrx_word' id='word_1_88' title='bbox 692 811 728 859; x_wconf 77' lang='lat' dir='ltr'><strong>Ex</strong></span> <span class='ocrx_word' id='word_1_89' title='bbox 737 811 822 861; x_wconf 82' lang='lat' dir='ltr'><strong>virtute</strong></span> <span class='ocrx_word' id='word_1_90' title='bbox 834 812 929 876; x_wconf 88' lang='lat' dir='ltr'><strong>quidem</strong></span> <span class='ocrx_word' id='word_1_91' title='bbox 989 830 991 883; x_wconf 36' lang='grc' dir='ltr'><strong>ὲ</strong></span> 
     </span>
     <span class='ocr_line' id='line_1_11' title="bbox 121 881 990 947; baseline 0.002 -16"><span class='ocrx_word' id='word_1_92' title='bbox 121 883 158 932; x_wconf 87' lang='lat' dir='ltr'><strong>vel</strong></span> <span class='ocrx_word' id='word_1_93' title='bbox 171 884 309 946; x_wconf 79' lang='lat' dir='ltr'><strong>perfectione</strong></span> <span class='ocrx_word' id='word_1_94' title='bbox 321 883 419 947; x_wconf 77' lang='lat' dir='ltr'><strong>agentis,</strong></span> <span class='ocrx_word' id='word_1_95' title='bbox 428 881 518 946; x_wconf 85' lang='lat' dir='ltr'><strong>quando</strong></span> <span class='ocrx_word' id='word_1_96' title='bbox 531 882 560 932; x_wconf 93' lang='lat' dir='ltr'><strong>ad</strong></span> <span class='ocrx_word' id='word_1_97' title='bbox 571 883 665 932; x_wconf 81' lang='lat' dir='ltr'><strong>formam</strong></span> <span class='ocrx_word' id='word_1_98' title='bbox 679 881 793 935; x_wconf 84' lang='lat' dir='ltr'><strong>intentam</strong></span> <span class='ocrx_word' id='word_1_99' title='bbox 804 882 834 933; x_wconf 84' lang='lat' dir='ltr'><strong>ab</strong></span> <span class='ocrx_word' id='word_1_100' title='bbox 844 889 928 946; x_wconf 85' lang='lat' dir='ltr'><strong>agente</strong></span> <span class='ocrx_word' id='word_1_101' title='bbox 989 938 990 941; x_wconf 44' lang='lat'>,</span> 
     </span>
     <span class='ocr_line' id='line_1_12' title="bbox 122 953 991 1018; baseline 0 -14"><span class='ocrx_word' id='word_1_102' title='bbox 122 955 225 1017; x_wconf 83' lang='lat' dir='ltr'><strong>nequitur</strong></span> <span class='ocrx_word' id='word_1_103' title='bbox 238 969 267 1006; x_wconf 81' lang='lat' dir='ltr'><strong>er</strong></span> <span class='ocrx_word' id='word_1_104' title='bbox 280 955 414 1006; x_wconf 81' lang='lat' dir='ltr'><strong>necessitate</strong></span> <span class='ocrx_word' id='word_1_105' title='bbox 426 954 519 1004; x_wconf 87' lang='lat' dir='ltr'><strong>atterius</strong></span> <span class='ocrx_word' id='word_1_106' title='bbox 537 954 616 1004; x_wconf 74' lang='lat' dir='ltr'><strong>iormce</strong></span> <span class='ocrx_word' id='word_1_107' title='bbox 633 953 745 1018; x_wconf 81' lang='lat' dir='ltr'><strong>privatio,</strong></span> <span class='ocrx_word' id='word_1_108' title='bbox 762 953 823 1005; x_wconf 90' lang='lat' dir='ltr'><strong>sicut</strong></span> <span class='ocrx_word' id='word_1_109' title='bbox 835 956 865 1004; x_wconf 94' lang='lat' dir='ltr'><strong>ad</strong></span> <span class='ocrx_word' id='word_1_110' title='bbox 886 955 932 1006; x_wconf 86' lang='lat' dir='ltr'><strong>ior·</strong></span> <span class='ocrx_word' id='word_1_111' title='bbox 989 955 991 1017; x_wconf 56' lang='grc' dir='ltr'>ξ</span> 
     </span>
     <span class='ocr_line' id='line_1_13' title="bbox 122 1025 990 1090; baseline 0.002 -14"><span class='ocrx_word' id='word_1_112' title='bbox 122 1039 182 1076; x_wconf 87' lang='lat' dir='ltr'><strong>mam</strong></span> <span class='ocrx_word' id='word_1_113' title='bbox 195 1025 255 1090; x_wconf 73' lang='lat' dir='ltr'><strong>ignis</strong></span> <span class='ocrx_word' id='word_1_114' title='bbox 266 1028 367 1090; x_wconf 86' lang='lat' dir='ltr'><strong>sequitur</strong></span> <span class='ocrx_word' id='word_1_115' title='bbox 379 1025 477 1090; x_wconf 85' lang='lat' dir='ltr'><strong>privatio</strong></span> <span class='ocrx_word' id='word_1_116' title='bbox 491 1026 569 1076; x_wconf 80' lang='lat' dir='ltr'><strong>formae</strong></span> <span class='ocrx_word' id='word_1_117' title='bbox 579 1026 639 1076; x_wconf 87' lang='lat' dir='ltr'><strong>aeris</strong></span> <span class='ocrx_word' id='word_1_118' title='bbox 652 1026 689 1076; x_wconf 83' lang='lat' dir='ltr'><strong>rei</strong></span> <span class='ocrx_word' id='word_1_119' title='bbox 700 1039 766 1088; x_wconf 85' lang='lat' dir='ltr'><strong>aquae</strong></span> <span class='ocrx_word' id='word_1_120' title='bbox 780 1026 861 1077; x_wconf 90' lang='lat' dir='ltr'><strong>:sicut</strong></span> <span class='ocrx_word' id='word_1_121' title='bbox 875 1041 932 1090; x_wconf 81' lang='lat' dir='ltr'><strong>ergo</strong></span> <span class='ocrx_word' id='word_1_122' title='bbox 989 1032 990 1071; x_wconf 82' lang='lat' dir='ltr'><strong>t</strong></span> 
     </span>
     <span class='ocr_line' id='line_1_14' title="bbox 121 1097 991 1164; baseline 0.002 -18"><span class='ocrx_word' id='word_1_123' title='bbox 121 1097 206 1160; x_wconf 87' lang='lat' dir='ltr'><strong>quautd</strong></span> <span class='ocrx_word' id='word_1_124' title='bbox 221 1099 280 1162; x_wconf 79' lang='lat' dir='ltr'><strong>ignis</strong></span> <span class='ocrx_word' id='word_1_125' title='bbox 294 1099 363 1150; x_wconf 82' lang='lat' dir='ltr'><strong>tuerit</strong></span> <span class='ocrx_word' id='word_1_126' title='bbox 375 1097 496 1164; x_wconf 81' lang='lat' dir='ltr'><strong>perfectior</strong></span> <span class='ocrx_word' id='word_1_127' title='bbox 509 1097 533 1148; x_wconf 94' lang='lat' dir='ltr'><strong>in</strong></span> <span class='ocrx_word' id='word_1_128' title='bbox 553 1098 636 1147; x_wconf 80' lang='lat' dir='ltr'><strong>virtute</strong></span> <span class='ocrx_word' id='word_1_129' title='bbox 643 1136 652 1161; x_wconf 92' lang='lat'><em>‚</em></span> <span class='ocrx_word' id='word_1_130' title='bbox 666 1097 731 1146; x_wconf 85' lang='lat' dir='ltr'><strong>tanto</strong></span> <span class='ocrx_word' id='word_1_131' title='bbox 745 1097 877 1160; x_wconf 84' lang='lat' dir='ltr'><strong>periectiirs</strong></span> <span class='ocrx_word' id='word_1_132' title='bbox 890 1099 931 1148; x_wconf 90' lang='lat' dir='ltr'><strong>im·</strong></span> <span class='ocrx_word' id='word_1_133' title='bbox 989 1146 991 1153; x_wconf 90' lang='grc'>,</span> 
     </span>
     <span class='ocr_line' id='line_1_15' title="bbox 122 1167 930 1235; baseline 0.004 -19"><span class='ocrx_word' id='word_1_134' title='bbox 122 1167 200 1232; x_wconf 90' lang='lat' dir='ltr'><strong>prinrit</strong></span> <span class='ocrx_word' id='word_1_135' title='bbox 221 1168 316 1220; x_wconf 82' lang='lat' dir='ltr'><strong>tonnam</strong></span> <span class='ocrx_word' id='word_1_136' title='bbox 336 1183 414 1233; x_wconf 84' lang='lat' dir='ltr'><strong>suam,</strong></span> <span class='ocrx_word' id='word_1_137' title='bbox 435 1171 467 1220; x_wconf 90' lang='lat' dir='ltr'><strong>ita</strong></span> <span class='ocrx_word' id='word_1_138' title='bbox 483 1170 553 1220; x_wconf 91' lang='lat' dir='ltr'><strong>etiam</strong></span> <span class='ocrx_word' id='word_1_139' title='bbox 572 1169 636 1219; x_wconf 81' lang='lat' dir='ltr'><strong>tanto</strong></span> <span class='ocrx_word' id='word_1_140' title='bbox 657 1167 782 1233; x_wconf 81' lang='lat' dir='ltr'><strong>perfectius</strong></span> <span class='ocrx_word' id='word_1_141' title='bbox 803 1170 930 1235; x_wconf 89' lang='lat' dir='ltr'><strong>corrumpit</strong></span> 
     </span>
     <span class='ocr_line' id='line_1_16' title="bbox 122 1240 932 1306; baseline 0.004 -18"><span class='ocrx_word' id='word_1_142' title='bbox 122 1241 269 1292; x_wconf 87' lang='lat' dir='ltr'><strong>contrarium.</strong></span> <span class='ocrx_word' id='word_1_143' title='bbox 280 1242 342 1293; x_wconf 84' lang='lat' dir='ltr'><strong>Unde</strong></span> <span class='ocrx_word' id='word_1_144' title='bbox 354 1242 438 1292; x_wconf 89' lang='lat' dir='ltr'><strong>malurn</strong></span> <span class='ocrx_word' id='word_1_145' title='bbox 449 1245 471 1292; x_wconf 92' lang='lat' dir='ltr'><strong>et</strong></span> <span class='ocrx_word' id='word_1_146' title='bbox 482 1240 596 1306; x_wconf 86' lang='lat' dir='ltr'><strong>corruptio</strong></span> <span class='ocrx_word' id='word_1_147' title='bbox 608 1240 667 1291; x_wconf 89' lang='lat' dir='ltr'><strong>aeris</strong></span> <span class='ocrx_word' id='word_1_148' title='bbox 676 1244 700 1290; x_wconf 89' lang='lat' dir='ltr'><strong>et</strong></span> <span class='ocrx_word' id='word_1_149' title='bbox 709 1253 774 1303; x_wconf 78' lang='lat' dir='ltr'><strong>aque</strong></span> <span class='ocrx_word' id='word_1_150' title='bbox 784 1242 823 1290; x_wconf 89' lang='lat' dir='ltr'><strong>est</strong></span> <span class='ocrx_word' id='word_1_151' title='bbox 834 1255 864 1291; x_wconf 85' lang='lat' dir='ltr'><strong>ex</strong></span> <span class='ocrx_word' id='word_1_152' title='bbox 877 1257 932 1306; x_wconf 90' lang='lat' dir='ltr'><strong>per-</strong></span> 
     </span>
     <span class='ocr_line' id='line_1_17' title="bbox 122 1311 930 1382; baseline 0.005 -22"><span class='ocrx_word' id='word_1_153' title='bbox 122 1311 221 1363; x_wconf 83' lang='lat' dir='ltr'><strong>fectione</strong></span> <span class='ocrx_word' id='word_1_154' title='bbox 239 1313 310 1378; x_wconf 79' lang='lat' dir='ltr'><strong>ignis3</strong></span> <span class='ocrx_word' id='word_1_155' title='bbox 328 1315 368 1364; x_wconf 87' lang='lat' dir='ltr'><strong>sed</strong></span> <span class='ocrx_word' id='word_1_156' title='bbox 382 1315 424 1365; x_wconf 82' lang='lat' dir='ltr'><strong>hcc</strong></span> <span class='ocrx_word' id='word_1_157' title='bbox 440 1318 476 1365; x_wconf 89' lang='lat' dir='ltr'><strong>est</strong></span> <span class='ocrx_word' id='word_1_158' title='bbox 488 1327 529 1382; x_wconf 89' lang='lat' dir='ltr'><strong>per</strong></span> <span class='ocrx_word' id='word_1_159' title='bbox 543 1313 660 1376; x_wconf 87' lang='lat' dir='ltr'><strong>accidens,</strong></span> <span class='ocrx_word' id='word_1_160' title='bbox 677 1311 731 1376; x_wconf 85' lang='lat' dir='ltr'><strong>quia</strong></span> <span class='ocrx_word' id='word_1_161' title='bbox 750 1311 813 1376; x_wconf 78' lang='lat' dir='ltr'><strong>ignis</strong></span> <span class='ocrx_word' id='word_1_162' title='bbox 832 1327 882 1365; x_wconf 89' lang='lat' dir='ltr'><strong>non</strong></span> <span class='ocrx_word' id='word_1_163' title='bbox 895 1314 930 1364; x_wconf 90' lang='lat' dir='ltr'><strong>in·</strong></span> 
     </span>
     <span class='ocr_line' id='line_1_18' title="bbox 123 1385 930 1452; baseline 0.004 -18"><span class='ocrx_word' id='word_1_164' title='bbox 123 1385 196 1435; x_wconf 87' lang='lat' dir='ltr'><strong>tendit</strong></span> <span class='ocrx_word' id='word_1_165' title='bbox 208 1387 297 1449; x_wconf 84' lang='lat' dir='ltr'><strong>privare</strong></span> <span class='ocrx_word' id='word_1_166' title='bbox 310 1387 406 1437; x_wconf 77' lang='lat' dir='ltr'><strong>formam</strong></span> <span class='ocrx_word' id='word_1_167' title='bbox 418 1401 499 1452; x_wconf 84' lang='lat' dir='ltr'><strong>aquae,</strong></span> <span class='ocrx_word' id='word_1_168' title='bbox 516 1387 557 1436; x_wconf 86' lang='lat' dir='ltr'><strong>sed</strong></span> <span class='ocrx_word' id='word_1_169' title='bbox 567 1385 674 1436; x_wconf 89' lang='lat' dir='ltr'><strong>inducere</strong></span> <span class='ocrx_word' id='word_1_170' title='bbox 684 1386 782 1435; x_wconf 78' lang='lat' dir='ltr'><strong>formam</strong></span> <span class='ocrx_word' id='word_1_171' title='bbox 795 1388 930 1452; x_wconf 77' lang='lat' dir='ltr'><strong>propriam5</strong></span> 
     </span>
     <span class='ocr_line' id='line_1_19' title="bbox 123 1456 932 1523; baseline 0.001 -17"><span class='ocrx_word' id='word_1_172' title='bbox 123 1457 163 1506; x_wconf 84' lang='lat' dir='ltr'><strong>sed</strong></span> <span class='ocrx_word' id='word_1_173' title='bbox 177 1459 220 1508; x_wconf 90' lang='lat' dir='ltr'><strong>troc</strong></span> <span class='ocrx_word' id='word_1_174' title='bbox 239 1457 356 1523; x_wconf 84' lang='lat' dir='ltr'><strong>iaciendo,</strong></span> <span class='ocrx_word' id='word_1_175' title='bbox 369 1464 447 1510; x_wconf 88' lang='lat' dir='ltr'><strong>causat</strong></span> <span class='ocrx_word' id='word_1_176' title='bbox 461 1463 485 1510; x_wconf 88' lang='lat' dir='ltr'><strong>et</strong></span> <span class='ocrx_word' id='word_1_177' title='bbox 500 1458 556 1509; x_wconf 90' lang='lat' dir='ltr'><strong>ittud</strong></span> <span class='ocrx_word' id='word_1_178' title='bbox 568 1471 610 1523; x_wconf 90' lang='lat' dir='ltr'><strong>per</strong></span> <span class='ocrx_word' id='word_1_179' title='bbox 622 1456 736 1507; x_wconf 89' lang='lat' dir='ltr'><strong>accidens.</strong></span> <span class='ocrx_word' id='word_1_180' title='bbox 752 1457 799 1506; x_wconf 86' lang='lat' dir='ltr'><strong>Sed</strong></span> <span class='ocrx_word' id='word_1_181' title='bbox 816 1457 837 1507; x_wconf 91' lang='lat' dir='ltr'><strong>si</strong></span> <span class='ocrx_word' id='word_1_182' title='bbox 846 1457 878 1507; x_wconf 85' lang='lat' dir='ltr'><strong>sit</strong></span> <span class='ocrx_word' id='word_1_183' title='bbox 892 1459 932 1508; x_wconf 80' lang='lat' dir='ltr'><strong>de</strong></span> 
     </span>
     <span class='ocr_line' id='line_1_20' title="bbox 123 1528 928 1595; baseline 0.004 -17"><span class='ocrx_word' id='word_1_184' title='bbox 123 1529 195 1580; x_wconf 82' lang='lat' dir='ltr'><strong>iectus</strong></span> <span class='ocrx_word' id='word_1_185' title='bbox 203 1530 226 1578; x_wconf 91' lang='lat' dir='ltr'><strong>in</strong></span> <span class='ocrx_word' id='word_1_186' title='bbox 236 1529 319 1581; x_wconf 82' lang='lat' dir='ltr'><strong>effectu</strong></span> <span class='ocrx_word' id='word_1_187' title='bbox 327 1533 418 1595; x_wconf 88' lang='lat' dir='ltr'><strong>proprio</strong></span> <span class='ocrx_word' id='word_1_188' title='bbox 427 1531 495 1595; x_wconf 84' lang='lat' dir='ltr'><strong>ignis,</strong></span> <span class='ocrx_word' id='word_1_189' title='bbox 503 1531 558 1594; x_wconf 78' lang='lat' dir='ltr'><strong>puta</strong></span> <span class='ocrx_word' id='word_1_190' title='bbox 566 1530 629 1595; x_wconf 74' lang='lat' dir='ltr'><strong>quiid</strong></span> <span class='ocrx_word' id='word_1_191' title='bbox 638 1528 928 1594; x_wconf 78' lang='lat' dir='ltr'><strong>deficiatdcaleiaciend0‚</strong></span> 
     </span>
     <span class='ocr_line' id='line_1_21' title="bbox 123 1599 928 1667; baseline 0 -15"><span class='ocrx_word' id='word_1_192' title='bbox 123 1599 167 1652; x_wconf 89' lang='lat' dir='ltr'><strong>hoc</strong></span> <span class='ocrx_word' id='word_1_193' title='bbox 182 1605 217 1652; x_wconf 88' lang='lat' dir='ltr'><strong>est</strong></span> <span class='ocrx_word' id='word_1_194' title='bbox 230 1603 267 1652; x_wconf 83' lang='lat' dir='ltr'><strong>vei</strong></span> <span class='ocrx_word' id='word_1_195' title='bbox 278 1608 368 1667; x_wconf 87' lang='lat' dir='ltr'><strong>propter</strong></span> <span class='ocrx_word' id='word_1_196' title='bbox 384 1603 497 1653; x_wconf 69' lang='lat' dir='ltr'><strong>(deiectum</strong></span> <span class='ocrx_word' id='word_1_197' title='bbox 511 1602 620 1666; x_wconf 90' lang='lat' dir='ltr'><strong>actionis,</strong></span> <span class='ocrx_word' id='word_1_198' title='bbox 634 1601 672 1666; x_wconf 81' lang='lat' dir='ltr'><strong>qui</strong></span> <span class='ocrx_word' id='word_1_199' title='bbox 686 1602 797 1652; x_wconf 86' lang='lat' dir='ltr'><strong>redundat</strong></span> <span class='ocrx_word' id='word_1_200' title='bbox 810 1601 837 1652; x_wconf 88' lang='lat' dir='ltr'><strong>in</strong></span> <span class='ocrx_word' id='word_1_201' title='bbox 850 1601 928 1652; x_wconf 85' lang='lat' dir='ltr'><strong>deiec-</strong></span> 
     </span>
     <span class='ocr_line' id='line_1_22' title="bbox 123 1672 930 1740; baseline 0.004 -19"><span class='ocrx_word' id='word_1_202' title='bbox 123 1675 172 1723; x_wconf 89' lang='lat' dir='ltr'><strong>tum</strong></span> <span class='ocrx_word' id='word_1_203' title='bbox 191 1675 285 1735; x_wconf 86' lang='lat' dir='ltr'><strong>aiicujus</strong></span> <span class='ocrx_word' id='word_1_204' title='bbox 302 1673 409 1739; x_wconf 90' lang='lat' dir='ltr'><strong>principii</strong></span> <span class='ocrx_word' id='word_1_205' title='bbox 427 1674 462 1740; x_wconf 89' lang='grc' dir='ltr'>(ιιι</span> <span class='ocrx_word' id='word_1_206' title='bbox 480 1674 565 1724; x_wconf 87' lang='lat' dir='ltr'><strong>dictum</strong></span> <span class='ocrx_word' id='word_1_207' title='bbox 580 1674 642 1738; x_wconf 73' lang='lat' dir='ltr'><strong>esti,</strong></span> <span class='ocrx_word' id='word_1_208' title='bbox 660 1675 696 1724; x_wconf 89' lang='lat' dir='ltr'><strong>vet</strong></span> <span class='ocrx_word' id='word_1_209' title='bbox 708 1687 737 1724; x_wconf 80' lang='lat' dir='ltr'><strong>en</strong></span> <span class='ocrx_word' id='word_1_210' title='bbox 750 1672 930 1737; x_wconf 88' lang='lat' dir='ltr'><strong>indispositione</strong></span> 
     </span>
     <span class='ocr_line' id='line_1_23' title="bbox 123 1745 931 1812; baseline 0.001 -17"><span class='ocrx_word' id='word_1_211' title='bbox 123 1745 236 1810; x_wconf 72' lang='lat' dir='ltr'><strong>materiae,</strong></span> <span class='ocrx_word' id='word_1_212' title='bbox 251 1761 301 1809; x_wconf 78' lang='lat' dir='ltr'><strong>qum</strong></span> <span class='ocrx_word' id='word_1_213' title='bbox 317 1760 361 1796; x_wconf 93' lang='lat' dir='ltr'><strong>non</strong></span> <span class='ocrx_word' id='word_1_214' title='bbox 377 1747 456 1812; x_wconf 87' lang='lat' dir='ltr'><strong>recipit</strong></span> <span class='ocrx_word' id='word_1_215' title='bbox 474 1747 588 1797; x_wconf 80' lang='lat' dir='ltr'><strong>actionem</strong></span> <span class='ocrx_word' id='word_1_216' title='bbox 600 1745 661 1810; x_wconf 82' lang='lat' dir='ltr'><strong>ignis</strong></span> <span class='ocrx_word' id='word_1_217' title='bbox 676 1745 774 1810; x_wconf 79' lang='lat' dir='ltr'><strong>agentis.</strong></span> <span class='ocrx_word' id='word_1_218' title='bbox 790 1745 837 1796; x_wconf 84' lang='lat' dir='ltr'><strong>Sed</strong></span> <span class='ocrx_word' id='word_1_219' title='bbox 848 1749 873 1796; x_wconf 87' lang='grc' dir='ltr'><strong>ιι</strong></span> <span class='ocrx_word' id='word_1_220' title='bbox 887 1747 931 1796; x_wconf 87' lang='lat' dir='ltr'><strong>troc</strong></span> 
     </span>
     <span class='ocr_line' id='line_1_24' title="bbox 124 1814 931 1887; baseline 0.001 -21"><span class='ocrx_word' id='word_1_221' title='bbox 124 1814 198 1881; x_wconf 86' lang='lat' dir='ltr'><strong>ipsum</strong></span> <span class='ocrx_word' id='word_1_222' title='bbox 208 1817 269 1882; x_wconf 85' lang='lat' dir='ltr'><strong>quod</strong></span> <span class='ocrx_word' id='word_1_223' title='bbox 280 1821 315 1868; x_wconf 85' lang='grc' dir='ltr'><strong>ιιι</strong></span> <span class='ocrx_word' id='word_1_224' title='bbox 326 1831 376 1868; x_wconf 85' lang='lat' dir='ltr'><strong>esse</strong></span> <span class='ocrx_word' id='word_1_225' title='bbox 387 1817 502 1880; x_wconf 82' lang='lat' dir='ltr'><strong>deficiens,</strong></span> <span class='ocrx_word' id='word_1_226' title='bbox 515 1817 598 1887; x_wconf 89' lang='lat' dir='ltr'><strong>accidit</strong></span> <span class='ocrx_word' id='word_1_227' title='bbox 605 1818 666 1869; x_wconf 85' lang='lat' dir='ltr'><strong>bono</strong></span> <span class='ocrx_word' id='word_1_228' title='bbox 677 1816 715 1867; x_wconf 91' lang='lat' dir='ltr'><strong>cui</strong></span> <span class='ocrx_word' id='word_1_229' title='bbox 727 1829 807 1880; x_wconf 89' lang='lat' dir='ltr'><strong>perse</strong></span> <span class='ocrx_word' id='word_1_230' title='bbox 819 1817 931 1882; x_wconf 88' lang='lat' dir='ltr'><strong>competit</strong></span> 
     </span>
     <span class='ocr_line' id='line_1_25' title="bbox 124 1888 929 1954; baseline -0.001 -15"><span class='ocrx_word' id='word_1_231' title='bbox 124 1901 199 1952; x_wconf 82' lang='lat' dir='ltr'><strong>agere.</strong></span> <span class='ocrx_word' id='word_1_232' title='bbox 212 1889 276 1939; x_wconf 88' lang='lat' dir='ltr'><strong>Unde</strong></span> <span class='ocrx_word' id='word_1_233' title='bbox 287 1903 366 1940; x_wconf 81' lang='lat' dir='ltr'><strong>vemm</strong></span> <span class='ocrx_word' id='word_1_234' title='bbox 376 1894 411 1940; x_wconf 87' lang='lat' dir='ltr'><strong>est</strong></span> <span class='ocrx_word' id='word_1_235' title='bbox 424 1891 485 1954; x_wconf 80' lang='lat' dir='ltr'><strong>quiid</strong></span> <span class='ocrx_word' id='word_1_236' title='bbox 496 1891 582 1940; x_wconf 84' lang='lat' dir='ltr'><strong>maium</strong></span> <span class='ocrx_word' id='word_1_237' title='bbox 595 1888 720 1940; x_wconf 85' lang='lat' dir='ltr'><strong>secundum</strong></span> <span class='ocrx_word' id='word_1_238' title='bbox 734 1889 823 1938; x_wconf 89' lang='lat' dir='ltr'><strong>nultum</strong></span> <span class='ocrx_word' id='word_1_239' title='bbox 835 1891 929 1940; x_wconf 89' lang='lat' dir='ltr'><strong>modum</strong></span> 
     </span>
     <span class='ocr_line' id='line_1_26' title="bbox 124 1961 927 2026; baseline 0.005 -17"><span class='ocrx_word' id='word_1_240' title='bbox 124 1961 192 2011; x_wconf 86' lang='lat' dir='ltr'><strong>habet</strong></span> <span class='ocrx_word' id='word_1_241' title='bbox 206 1975 297 2012; x_wconf 89' lang='lat' dir='ltr'><strong>causam</strong></span> <span class='ocrx_word' id='word_1_242' title='bbox 311 1961 355 2012; x_wconf 91' lang='lat' dir='ltr'><strong>nisi</strong></span> <span class='ocrx_word' id='word_1_243' title='bbox 372 1975 414 2026; x_wconf 90' lang='lat' dir='ltr'><strong>per</strong></span> <span class='ocrx_word' id='word_1_244' title='bbox 429 1961 543 2013; x_wconf 84' lang='lat' dir='ltr'><strong>accidens.</strong></span> <span class='ocrx_word' id='word_1_245' title='bbox 558 1962 596 2012; x_wconf 87' lang='lat' dir='ltr'><strong>Sic</strong></span> <span class='ocrx_word' id='word_1_246' title='bbox 612 1964 690 2012; x_wconf 88' lang='lat' dir='ltr'><strong>autem</strong></span> <span class='ocrx_word' id='word_1_247' title='bbox 704 1961 791 2011; x_wconf 88' lang='lat' dir='ltr'><strong>bonurn</strong></span> <span class='ocrx_word' id='word_1_248' title='bbox 807 1965 845 2012; x_wconf 89' lang='grc' dir='ltr'><strong>ιιι</strong></span> <span class='ocrx_word' id='word_1_249' title='bbox 857 1975 927 2012; x_wconf 89' lang='lat' dir='ltr'><strong>causa</strong></span> 
     </span>
     <span class='ocr_line' id='line_1_27' title="bbox 123 2031 185 2082; baseline 0.016 -1"><span class='ocrx_word' id='word_1_250' title='bbox 123 2031 185 2082; x_wconf 84' lang='lat' dir='ltr'><strong>muli.</strong></span> 
     </span>
    </p>

    <p class='ocr_par' dir='ltr' id='par_1_3' title="bbox 124 2103 929 2600">
     <span class='ocr_line' id='line_1_28' title="bbox 157 2103 925 2170; baseline 0.003 -16"><span class='ocrx_word' id='word_1_251' title='bbox 157 2105 190 2156; x_wconf 77' lang='lat' dir='ltr'><strong>nd</strong></span> <span class='ocrx_word' id='word_1_252' title='bbox 206 2105 304 2168; x_wconf 85' lang='lat' dir='ltr'><strong>primunr</strong></span> <span class='ocrx_word' id='word_1_253' title='bbox 320 2118 372 2168; x_wconf 83' lang='lat' dir='ltr'><strong>ergo</strong></span> <span class='ocrx_word' id='word_1_254' title='bbox 390 2105 526 2168; x_wconf 84' lang='lat' dir='ltr'><strong>dicendum,</strong></span> <span class='ocrx_word' id='word_1_255' title='bbox 540 2103 603 2169; x_wconf 75' lang='lat' dir='ltr'><strong>quod</strong></span> <span class='ocrx_word' id='word_1_256' title='bbox 621 2103 680 2155; x_wconf 88' lang='lat' dir='ltr'><strong>sicut</strong></span> <span class='ocrx_word' id='word_1_257' title='bbox 693 2104 836 2168; x_wconf 74' lang='lat' dir='ltr'><strong>Augustinus</strong></span> <span class='ocrx_word' id='word_1_258' title='bbox 854 2104 925 2170; x_wconf 88' lang='lat' dir='ltr'><strong>dicit,</strong></span> 
     </span>
     <span class='ocr_line' id='line_1_29' title="bbox 127 2176 927 2244; baseline 0.005 -18"><span class='ocrx_word' id='word_1_259' title='bbox 127 2177 219 2226; x_wconf 80' lang='lat' dir='ltr'><strong>Contra</strong></span> <span class='ocrx_word' id='word_1_260' title='bbox 238 2177 371 2226; x_wconf 72' lang='lat' dir='ltr'><strong>doliorum</strong></span> <span class='ocrx_word' id='word_1_261' title='bbox 386 2177 442 2242; x_wconf 81' lang='lat' dir='ltr'><strong>(lib.</strong></span> <span class='ocrx_word' id='word_1_262' title='bbox 459 2179 486 2240; x_wconf 89' lang='lat'><strong>1,</strong></span> <span class='ocrx_word' id='word_1_263' title='bbox 501 2180 628 2242; x_wconf 76' lang='lat' dir='ltr'><strong>capti),</strong></span> <span class='ocrx_word' id='word_1_264' title='bbox 643 2176 759 2226; x_wconf 82' lang='lat' dir='ltr'><strong>arborem</strong></span> <span class='ocrx_word' id='word_1_265' title='bbox 774 2179 874 2228; x_wconf 82' lang='lat' dir='ltr'><strong>oratam</strong></span> <span class='ocrx_word' id='word_1_266' title='bbox 889 2194 927 2244; x_wconf 78' lang='lat' dir='ltr'><strong>ap</strong></span> 
     </span>
     <span class='ocr_line' id='line_1_30' title="bbox 124 2247 928 2313; baseline 0.007 -18"><span class='ocrx_word' id='word_1_267' title='bbox 124 2247 194 2310; x_wconf 84' lang='lat' dir='ltr'><strong>pellat</strong></span> <span class='ocrx_word' id='word_1_268' title='bbox 207 2249 315 2299; x_wconf 85' lang='lat' dir='ltr'><strong>Dominus</strong></span> <span class='ocrx_word' id='word_1_269' title='bbox 324 2249 464 2300; x_wconf 85' lang='lat' dir='ltr'><strong>voluntatem</strong></span> <span class='ocrx_word' id='word_1_270' title='bbox 474 2251 567 2313; x_wconf 88' lang='lat' dir='ltr'><strong>malam,</strong></span> <span class='ocrx_word' id='word_1_271' title='bbox 577 2252 601 2298; x_wconf 92' lang='lat' dir='ltr'><strong>et</strong></span> <span class='ocrx_word' id='word_1_272' title='bbox 612 2249 729 2298; x_wconf 79' lang='lat' dir='ltr'><strong>arborem</strong></span> <span class='ocrx_word' id='word_1_273' title='bbox 739 2248 832 2298; x_wconf 82' lang='lat' dir='ltr'><strong>donum</strong></span> <span class='ocrx_word' id='word_1_274' title='bbox 846 2251 928 2301; x_wconf 85' lang='lat' dir='ltr'><strong>rotun-</strong></span> 
     </span>
     <span class='ocr_line' id='line_1_31' title="bbox 125 2313 929 2384; baseline 0.005 -17"><span class='ocrx_word' id='word_1_275' title='bbox 125 2321 195 2368; x_wconf 85' lang='lat' dir='ltr'><strong>tatem</strong></span> <span class='ocrx_word' id='word_1_276' title='bbox 209 2320 302 2372; x_wconf 87' lang='lat' dir='ltr'><strong>honam.</strong></span> <span class='ocrx_word' id='word_1_277' title='bbox 316 2321 351 2371; x_wconf 86' lang='lat' dir='ltr'><strong>Ex</strong></span> <span class='ocrx_word' id='word_1_278' title='bbox 364 2323 481 2371; x_wconf 79' lang='lat' dir='ltr'><strong>uoluntate</strong></span> <span class='ocrx_word' id='word_1_279' title='bbox 492 2325 570 2372; x_wconf 89' lang='lat' dir='ltr'><strong>autem</strong></span> <span class='ocrx_word' id='word_1_280' title='bbox 584 2321 643 2371; x_wconf 86' lang='lat' dir='ltr'><strong>hona</strong></span> <span class='ocrx_word' id='word_1_281' title='bbox 654 2333 702 2370; x_wconf 92' lang='lat' dir='ltr'><strong>non</strong></span> <span class='ocrx_word' id='word_1_282' title='bbox 711 2313 850 2384; x_wconf 76' lang='lat' dir='ltr'><strong>&#39;producitur</strong></span> <span class='ocrx_word' id='word_1_283' title='bbox 865 2326 929 2371; x_wconf 91' lang='lat' dir='ltr'><strong>actus</strong></span> 
     </span>
     <span class='ocr_line' id='line_1_32' title="bbox 125 2390 928 2458; baseline 0.004 -19"><span class='ocrx_word' id='word_1_284' title='bbox 125 2390 215 2440; x_wconf 87' lang='lat' dir='ltr'><strong>moralis</strong></span> <span class='ocrx_word' id='word_1_285' title='bbox 230 2392 318 2455; x_wconf 88' lang='lat' dir='ltr'><strong>malus,</strong></span> <span class='ocrx_word' id='word_1_286' title='bbox 335 2391 387 2442; x_wconf 83' lang='lat' dir='ltr'><strong>cium</strong></span> <span class='ocrx_word' id='word_1_287' title='bbox 405 2407 433 2444; x_wconf 79' lang='lat' dir='ltr'><strong>ex</strong></span> <span class='ocrx_word' id='word_1_288' title='bbox 449 2393 501 2458; x_wconf 83' lang='lat' dir='ltr'><strong>ipsa</strong></span> <span class='ocrx_word' id='word_1_289' title='bbox 518 2394 635 2443; x_wconf 81' lang='lat' dir='ltr'><strong>voluntate</strong></span> <span class='ocrx_word' id='word_1_290' title='bbox 655 2392 717 2442; x_wconf 86' lang='lat' dir='ltr'><strong>bona</strong></span> <span class='ocrx_word' id='word_1_291' title='bbox 729 2391 849 2456; x_wconf 85' lang='lat' dir='ltr'><strong>judicetur</strong></span> <span class='ocrx_word' id='word_1_292' title='bbox 866 2398 928 2442; x_wconf 88' lang='lat' dir='ltr'><strong>actus</strong></span> 
     </span>
     <span class='ocr_line' id='line_1_33' title="bbox 126 2462 925 2528; baseline 0.001 -18"><span class='ocrx_word' id='word_1_293' title='bbox 126 2462 216 2513; x_wconf 86' lang='lat' dir='ltr'><strong>moralis</strong></span> <span class='ocrx_word' id='word_1_294' title='bbox 229 2465 315 2527; x_wconf 82' lang='lat' dir='ltr'><strong>bonus3</strong></span> <span class='ocrx_word' id='word_1_295' title='bbox 327 2466 366 2516; x_wconf 90' lang='lat' dir='ltr'><strong>sed</strong></span> <span class='ocrx_word' id='word_1_296' title='bbox 376 2469 452 2514; x_wconf 81' lang='lat' dir='ltr'><strong>tumen</strong></span> <span class='ocrx_word' id='word_1_297' title='bbox 462 2465 512 2528; x_wconf 89' lang='lat' dir='ltr'><strong>ipse</strong></span> <span class='ocrx_word' id='word_1_298' title='bbox 523 2466 597 2514; x_wconf 88' lang='lat' dir='ltr'><strong>motus</strong></span> <span class='ocrx_word' id='word_1_299' title='bbox 610 2463 673 2513; x_wconf 78' lang='lat' dir='ltr'><strong>malae</strong></span> <span class='ocrx_word' id='word_1_300' title='bbox 682 2464 808 2513; x_wconf 84' lang='lat' dir='ltr'><strong>rolrrutatis</strong></span> <span class='ocrx_word' id='word_1_301' title='bbox 822 2467 925 2513; x_wconf 85' lang='lat' dir='ltr'><strong>causatur</strong></span> 
     </span>
     <span class='ocr_line' id='line_1_34' title="bbox 126 2531 879 2600; baseline 0.003 -18"><span class='ocrx_word' id='word_1_302' title='bbox 126 2531 139 2582; x_wconf 79' lang='lat' dir='ltr'><strong>d</strong></span> <span class='ocrx_word' id='word_1_303' title='bbox 157 2538 258 2586; x_wconf 86' lang='lat' dir='ltr'><strong>creatura</strong></span> <span class='ocrx_word' id='word_1_304' title='bbox 273 2535 439 2600; x_wconf 78' lang='lat' dir='ltr'><strong>rationalique</strong></span> <span class='ocrx_word' id='word_1_305' title='bbox 453 2537 513 2586; x_wconf 84' lang='lat' dir='ltr'><strong>hona</strong></span> <span class='ocrx_word' id='word_1_306' title='bbox 526 2538 570 2586; x_wconf 85' lang='lat' dir='ltr'><strong>est.</strong></span> <span class='ocrx_word' id='word_1_307' title='bbox 587 2535 617 2585; x_wconf 84' lang='lat' dir='ltr'><strong>Et</strong></span> <span class='ocrx_word' id='word_1_308' title='bbox 633 2535 666 2584; x_wconf 92' lang='lat' dir='ltr'><strong>sic</strong></span> <span class='ocrx_word' id='word_1_309' title='bbox 685 2539 720 2585; x_wconf 91' lang='grc' dir='ltr'><strong>ιιι</strong></span> <span class='ocrx_word' id='word_1_310' title='bbox 731 2548 801 2585; x_wconf 85' lang='lat' dir='ltr'><strong>causa</strong></span> <span class='ocrx_word' id='word_1_311' title='bbox 815 2536 879 2585; x_wconf 88' lang='lat' dir='ltr'><strong>mati.</strong></span> 
     </span>
    </p>

    <p class='ocr_par' dir='ltr' id='par_1_4' title="bbox 126 2605 931 2959">
     <span class='ocr_line' id='line_1_35' title="bbox 159 2605 930 2671; baseline 0 -15"><span class='ocrx_word' id='word_1_312' title='bbox 159 2607 191 2656; x_wconf 82' lang='lat' dir='ltr'><strong>nd</strong></span> <span class='ocrx_word' id='word_1_313' title='bbox 205 2608 327 2656; x_wconf 88' lang='lat' dir='ltr'><strong>secundum</strong></span> <span class='ocrx_word' id='word_1_314' title='bbox 341 2607 473 2670; x_wconf 88' lang='lat' dir='ltr'><strong>dicendum,</strong></span> <span class='ocrx_word' id='word_1_315' title='bbox 486 2605 547 2671; x_wconf 85' lang='lat' dir='ltr'><strong>qudd</strong></span> <span class='ocrx_word' id='word_1_316' title='bbox 560 2607 645 2657; x_wconf 83' lang='lat' dir='ltr'><strong>bonnm</strong></span> <span class='ocrx_word' id='word_1_317' title='bbox 657 2619 704 2656; x_wconf 89' lang='lat' dir='ltr'><strong>nnn</strong></span> <span class='ocrx_word' id='word_1_318' title='bbox 715 2611 793 2656; x_wconf 85' lang='lat' dir='ltr'><strong>causat</strong></span> <span class='ocrx_word' id='word_1_319' title='bbox 806 2607 864 2657; x_wconf 90' lang='lat' dir='ltr'><strong>illud</strong></span> <span class='ocrx_word' id='word_1_320' title='bbox 877 2621 930 2657; x_wconf 87' lang='lat' dir='ltr'><strong>ma·</strong></span> 
     </span>
     <span class='ocr_line' id='line_1_36' title="bbox 126 2676 927 2742; baseline 0.005 -16"><span class='ocrx_word' id='word_1_321' title='bbox 126 2676 172 2726; x_wconf 91' lang='lat' dir='ltr'><strong>lum</strong></span> <span class='ocrx_word' id='word_1_322' title='bbox 189 2679 248 2740; x_wconf 85' lang='lat' dir='ltr'><strong>quod</strong></span> <span class='ocrx_word' id='word_1_323' title='bbox 263 2682 297 2728; x_wconf 88' lang='lat' dir='ltr'><strong>est</strong></span> <span class='ocrx_word' id='word_1_324' title='bbox 309 2679 354 2728; x_wconf 82' lang='lat' dir='ltr'><strong>sibi</strong></span> <span class='ocrx_word' id='word_1_325' title='bbox 366 2679 515 2740; x_wconf 77' lang='lat' dir='ltr'><strong>ceutronum,</strong></span> <span class='ocrx_word' id='word_1_326' title='bbox 530 2681 570 2728; x_wconf 88' lang='lat' dir='ltr'><strong>sed</strong></span> <span class='ocrx_word' id='word_1_327' title='bbox 585 2679 697 2742; x_wconf 80' lang='lat' dir='ltr'><strong>quoddam</strong></span> <span class='ocrx_word' id='word_1_328' title='bbox 710 2678 791 2728; x_wconf 88' lang='lat' dir='ltr'><strong>aliud:</strong></span> <span class='ocrx_word' id='word_1_329' title='bbox 809 2681 872 2728; x_wconf 91' lang='lat' dir='ltr'><strong>sicut</strong></span> <span class='ocrx_word' id='word_1_330' title='bbox 883 2679 927 2730; x_wconf 82' lang='lat' dir='ltr'><strong>bc-</strong></span> 
     </span>
     <span class='ocr_line' id='line_1_37' title="bbox 127 2748 928 2814; baseline 0.004 -17"><span class='ocrx_word' id='word_1_331' title='bbox 127 2748 186 2798; x_wconf 90' lang='lat' dir='ltr'><strong>nitas</strong></span> <span class='ocrx_word' id='word_1_332' title='bbox 208 2749 268 2810; x_wconf 78' lang='lat' dir='ltr'><strong>ignis</strong></span> <span class='ocrx_word' id='word_1_333' title='bbox 290 2754 368 2800; x_wconf 85' lang='lat' dir='ltr'><strong>causat</strong></span> <span class='ocrx_word' id='word_1_334' title='bbox 384 2752 467 2801; x_wconf 89' lang='lat' dir='ltr'><strong>maium</strong></span> <span class='ocrx_word' id='word_1_335' title='bbox 487 2764 566 2814; x_wconf 82' lang='lat' dir='ltr'><strong>aquae,</strong></span> <span class='ocrx_word' id='word_1_336' title='bbox 583 2755 606 2802; x_wconf 93' lang='lat' dir='ltr'><strong>et</strong></span> <span class='ocrx_word' id='word_1_337' title='bbox 620 2753 688 2801; x_wconf 85' lang='lat' dir='ltr'><strong>honac</strong></span> <span class='ocrx_word' id='word_1_338' title='bbox 709 2751 783 2808; x_wconf 83' lang='lat' dir='ltr'><strong>bonus</strong></span> <span class='ocrx_word' id='word_1_339' title='bbox 804 2750 928 2801; x_wconf 84' lang='lat' dir='ltr'><strong>secunddm</strong></span> 
     </span>
     <span class='ocr_line' id='line_1_38' title="bbox 127 2821 929 2885; baseline 0.005 -16"><span class='ocrx_word' id='word_1_340' title='bbox 127 2829 191 2870; x_wconf 81' lang='lat' dir='ltr'><strong>suam</strong></span> <span class='ocrx_word' id='word_1_341' title='bbox 203 2823 305 2868; x_wconf 89' lang='lat' dir='ltr'><strong>naturam</strong></span> <span class='ocrx_word' id='word_1_342' title='bbox 320 2827 398 2872; x_wconf 84' lang='lat' dir='ltr'><strong>causat</strong></span> <span class='ocrx_word' id='word_1_343' title='bbox 410 2823 493 2872; x_wconf 84' lang='lat' dir='ltr'><strong>maium</strong></span> <span class='ocrx_word' id='word_1_344' title='bbox 507 2827 583 2872; x_wconf 88' lang='lat' dir='ltr'><strong>actum</strong></span> <span class='ocrx_word' id='word_1_345' title='bbox 594 2821 718 2874; x_wconf 82' lang='lat' dir='ltr'><strong>secundirm</strong></span> <span class='ocrx_word' id='word_1_346' title='bbox 733 2835 834 2885; x_wconf 81' lang='lat' dir='ltr'><strong>morem3</strong></span> <span class='ocrx_word' id='word_1_347' title='bbox 848 2823 929 2873; x_wconf 81' lang='lat' dir='ltr'><strong>atnoe</strong></span> 
     </span>
     <span class='ocr_line' id='line_1_39' title="bbox 127 2889 931 2959; baseline 0.007 -21"><span class='ocrx_word' id='word_1_348' title='bbox 127 2889 203 2954; x_wconf 89' lang='lat' dir='ltr'><strong>ipsum</strong></span> <span class='ocrx_word' id='word_1_349' title='bbox 219 2901 260 2954; x_wconf 89' lang='lat' dir='ltr'><strong>per</strong></span> <span class='ocrx_word' id='word_1_350' title='bbox 272 2891 377 2944; x_wconf 84' lang='lat' dir='ltr'><strong>accidens</strong></span> <span class='ocrx_word' id='word_1_351' title='bbox 390 2899 438 2959; x_wconf 88' lang='lat' dir='ltr'><strong>est,</strong></span> <span class='ocrx_word' id='word_1_352' title='bbox 451 2899 476 2946; x_wconf 93' lang='lat' dir='ltr'><strong>ut</strong></span> <span class='ocrx_word' id='word_1_353' title='bbox 489 2895 575 2946; x_wconf 88' lang='lat' dir='ltr'><strong>dictum</strong></span> <span class='ocrx_word' id='word_1_354' title='bbox 592 2898 637 2947; x_wconf 87' lang='lat' dir='ltr'><strong>est.</strong></span> <span class='ocrx_word' id='word_1_355' title='bbox 652 2894 768 2946; x_wconf 77' lang='lat' dir='ltr'><strong>Invenitur</strong></span> <span class='ocrx_word' id='word_1_356' title='bbox 781 2897 860 2944; x_wconf 84' lang='lat' dir='ltr'><strong>antem</strong></span> <span class='ocrx_word' id='word_1_357' title='bbox 871 2893 931 2958; x_wconf 84' lang='lat' dir='ltr'><strong>qudd</strong></span> 
     </span>
    </p>
   </div>
   <div class='ocr_carea' id='block_1_3' title="bbox 0 0 1004 3342">
    <p class='ocr_par' dir='ltr' id='par_1_5' title="bbox 0 0 1004 3342">
     <span class='ocr_line' id='line_1_40' title="bbox 0 0 1004 3342; baseline 0 0"><span class='ocrx_word' id='word_1_358' title='bbox 0 0 1004 3342; x_wconf 95' lang='lat' dir='ltr'><strong> </strong></span> 
     </span>
    </p>
   </div>
  </div>
 </body>
</html>
