1992 3342
380 222 412 259 nn
426 220 536 269 msera
551 220 615 265 rnrr.
850 212 897 263 tt'l

129 298 164 349 td
176 296 276 361 primam
289 310 344 359 ergo
356 296 595 362 nonuunquam
608 298 700 351 nomine
711 310 815 365 personae
825 298 898 350 inolu-

97 370 158 421 ditor
175 368 245 420 etiam
260 371 342 418 natura
355 367 460 433 oblique3
474 383 528 420 nam
545 374 688 435 personarent
704 370 841 421 rationulis
854 384 898 421 aa·

96 447 164 492 toroe
177 441 314 491 individuo
322 439 473 491 substantio.
484 441 512 491 ln
526 442 617 495 nomine
628 442 807 508 igiturpcrsonae
815 442 897 493 diuina

97 516 208 578 quantum
223 513 254 563 ad
267 512 400 564 relationem
414 514 556 577 personalem
569 528 616 566 nou
628 513 763 579 importatur
783 517 899 579 respectus

99 588 129 637 ad
138 592 280 649 creaturam,
291 584 331 636 sed
344 584 478 650 importatur
488 586 513 636 in
524 601 552 637 eo
560 589 621 651 quod
629 588 729 653 pertinet
737 588 766 638 ad
777 591 896 637 naturam:

99 657 158 709 siem
171 658 235 709 enim
247 657 364 722 proprium
377 661 412 709 est
423 657 480 709 Filio
491 658 552 723 quod
565 659 595 709 sit
604 659 680 723 tilius,
689 659 720 709 ita
734 658 850 724 proprium
865 662 900 709 est

99 730 122 781 ei
134 730 194 795 quid
204 730 235 781 sit
246 730 346 794 pertitus
356 730 437 785 Deus,
452 731 490 780 uel
508 732 609 795 penitae
621 734 736 794 creator·;
748 734 772 782 el
785 744 827 795 per
836 732 899 783 huno

99 804 191 854 modum
200 802 337 867 impnrtatur
349 800 429 853 relatio
439 804 467 854 ad
484 806 610 853 creaturam
620 803 748 853 innomine
759 803 835 853 verbi.

130 874 165 924 rid
175 874 299 925 secundnm
312 873 435 925 dicentum
443 913 451 938 ‚
460 874 522 939 quid
538 874 590 925 ciam
601 875 720 926 relationes
732 879 900 939 consequantur

98 946 211 1010 actiones,
225 947 330 1010 quaenam
339 946 432 997 nomina
441 946 567 1011 important
575 946 708 997 relationem
717 947 760 997 liei
770 948 798 997 ad
812 951 901 997 creatu-

99 1032 161 1083 ram,
173 1031 225 1091 quac
236 1018 383 1083 consequitm
393 1017 507 1070 actionem
515 1017 556 1069 ltei
566 1020 721 1069 transeuntem
731 1018 757 1067 in
766 1018 900 1069 exteriorem

100 1091 224 1155 ellectum,
235 1090 295 1141 sicut
305 1102 392 1140 creare
402 1094 426 1141 et
434 1091 586 1155 praemere,
599 1090 686 1141 attalia
697 1088 802 1140 dicuntur
812 1090 840 1141 de
854 1090 900 1141 Deo

100 1176 130 1214 e1
142 1166 255 1226 tempore.
265 1163 373 1222 Quadam
385 1162 440 1213 serit
454 1162 533 1213 relatio
546 1165 597 1225 cst,
610 1176 660 1226 quar
671 1160 817 1225 consequitur
831 1161 901 1212 actio·

101 1250 153 1287 nem
167 1248 216 1285 non
226 1238 382 1286 transeuntem
393 1234 419 1285 in
435 1234 570 1301 epteriorem
582 1234 704 1296 ellectum,
718 1234 759 1283 sed
769 1235 901 1285 mmentem

98 1308 125 1360 in
137 1311 220 1371 agente
223 1345 234 1371 ,
248 1310 275 1357 nt
286 1307 351 1357 scire
361 1310 385 1358 et
398 1306 475 1364 neue,
492 1310 516 1357 et
525 1307 579 1357 talia
592 1320 639 1357 non
651 1304 756 1357 dicuntur
773 1304 803 1355 dc
813 1306 859 1355 lleo
872 1319 901 1358 ex

99 1374 219 1447 tempore;
231 1382 256 1429 et
263 1377 396 1443 hujusmodi
405 1378 485 1432 relatio
494 1379 524 1429 ad
533 1381 662 1449 creaturam
675 1376 810 1441 importatur
819 1375 844 1425 in
854 1390 901 1427 no·

100 1450 164 1502 mine
179 1450 263 1500 Verbi.
276 1452 373 1518 Necest
384 1464 479 1513 aarum,
490 1449 555 1515 quod
571 1448 664 1501 nomina
680 1446 826 1511 importantia
839 1448 902 1499 mla-

100 1524 188 1575 tioncm
201 1522 244 1572 liei
256 1522 285 1573 ad
297 1525 413 1573 creaturas
424 1520 502 1574 omnia
513 1522 616 1572 dicantur
630 1533 659 1570 er
670 1523 773 1585 tempore
784 1534 790 1567 :
803 1518 843 1569 sed
854 1518 902 1569 sola

99 1596 139 1647 illa
153 1594 311 1659 nominaque
323 1592 445 1660 important
455 1588 590 1645 relationem
599 1595 775 1657 consequentem
788 1590 901 1643 actionem

99 1668 143 1721 lici
150 1668 308 1723 transeuntem
315 1665 341 1715 in
351 1664 490 1718 exteriorem
499 1664 608 1717 effectum
615 1702 624 1729 ,
634 1678 663 1715 ex
671 1667 773 1728 tempore
788 1661 901 1713 dicuntur.

131 1742 168 1791 Μ
180 1739 274 1793 tertium
288 1738 425 1803 dicendum,
441 1738 503 1803 qulsl
518 1741 627 1792 creature
644 1751 690 1788 non
704 1737 871 1801 cognoscuntur
889 1732 903 1783 i

100 1816 149 1866 lieo
167 1827 210 1878 per
225 1811 344 1863 scientim
360 1811 497 1864 tornatoris
518 1814 647 1875 acceptam,
660 1809 699 1861 sed
720 1822 761 1873 per
779 1806 902 1859 essentiam

100 1900 184 1939 suam:
200 1884 260 1935 unde
278 1898 326 1935 non
340 1886 431 1950 oportet
445 1882 506 1947 quod
522 1882 536 1933 ir
548 1880 660 1933 creaturis
670 1880 780 1947 procedat
792 1880 902 1939 versun,

74 1942 86 1971 ⁴
99 1958 154 2009 loct
167 1956 264 2022 serlum
274 1955 304 2005 sit
316 1955 471 2021 expressivum
482 1957 643 2005 creaturarum,

131 2030 283 2093 Adquartum
296 2028 431 2093 dicendum,
441 2025 503 2094 quod
512 2038 598 2077 nomen
609 2021 675 2077 ldae
684 2061 692 2087 ,
701 2020 857 2087 principaliter
870 2025 905 2072 est

100 2100 237 2167 impositum
250 2102 279 2151 ad
297 2099 470 2166 significandum
486 2101 614 2163 respectum
627 2096 655 2147 ad
668 2098 800 2157 creaturam
815 2095 839 2143 et
851 2093 904 2143 ideo

101 2171 318 2239 pluralitcndicitur
328 2171 353 2222 in
367 2170 466 2235 divium,
480 2184 560 2236 neque,
574 2165 806 2233 suspensionem
820 2178 905 2216 nomen

101 2247 173 2299 verbi
189 2243 537 2311 principaliter-impositumest
553 2244 580 2293 ad
591 2238 762 2307 significandam
772 2236 905 2289 relationem

102 2320 281 2381 adulterantem
292 2321 316 2367 ot
326 2331 355 2366 ex
364 2314 513 2380 consequenti
524 2314 684 2373 adcrcatnras,
693 2309 718 2359 in
727 2312 837 2373 quantum
847 2310 906 2375 Deus

101 2391 253 2455 intelligendo
266 2404 305 2454 se,
321 2387 429 2451 intelligit
446 2400 538 2439 omnem
553 2388 696 2447 creaturam:
713 2386 736 2433 et
753 2385 845 2447 propter
862 2381 906 2431 hoc

101 2462 127 2513 in
140 2461 227 2514 divium
240 2464 277 2513 est
289 2460 382 2511 micum
394 2459 598 2522 tantimodum,
613 2460 637 2507 ct
650 2453 799 2519 personaliter
808 2451 903 2503 (lictum.

133 2536 169 2586 Ad
181 2533 289 2599 quintum
302 2532 440 2594 dicendum,
454 2528 515 2595 qu'od
529 2544 556 2580 eo
571 2528 637 2579 modo
649 2540 694 2595 quq
708 2524 802 2576 scientia
816 2522 857 2575 lici
871 2527 906 2574 est

102 2620 149 2657 nou
158 2605 257 2665 annum,
266 2607 290 2655 et
300 2605 397 2656 verbum
405 2601 447 2658 nei
456 2605 548 2653 estnon
559 2599 654 2662 entium,
663 2598 716 2663 qnia
725 2598 813 2648 nonest
821 2592 906 2661 aliquid

102 2679 179 2730 minus
189 2678 215 2727 in
229 2677 298 2727 uerbo
309 2675 351 2727 Dei
363 2673 430 2741 quim
444 2674 470 2725 in
485 2671 581 2723 scientia
593 2670 652 2740 liei,¹
666 2672 691 2722 ut
702 2664 906 2732 Augustinusdicit

102 2750 152 2813 (tib.
166 2750 215 2812 xv,
229 2747 261 2797 de
276 2748 356 2804 Trio„
367 2761 419 2811 cap.
435 2744 467 2810 t).
479 2746 524 2796 Sed
538 2747 615 2794 tamen
629 2742 723 2792 verbum
734 2738 868 2791 calentium
880 2739 906 2787 ut

103 2818 262 2884 expressivum
278 2820 303 2869 et
318 2817 494 2883 tactuum3non
508 2814 699 2879 ratiunculam,
713 2815 739 2863 ut
751 2808 906 2876 expressivum

104 2895 129 2943 ct
146 2890 358 2943 manifestativum.
