1992 3342
368 202 399 237 nn
417 201 541 239 vintruns.
811 196 856 241 283

57 290 115 327 mosa
129 276 208 340 primu
229 278 265 327 ot
284 279 379 325 aterna.
400 277 465 327 Unde
477 290 506 327 ex
520 278 564 327 hoc
578 288 625 327 non
639 276 740 341 seqnitur
756 276 817 341 qudd
830 293 858 329 ea

51 363 95 411 pue
113 351 287 411 suut‚semper
299 347 371 398 tuerit
383 360 465 398 rerum
480 362 508 399 ea
520 360 568 399 esse
582 348 668 411 sutura,
685 346 730 398 uisi
744 352 860 413 quatenns

51 419 71 467 iu
82 434 150 470 causa
164 416 308 483 sempiterna
321 418 366 467 fuit
379 422 405 468 nt
416 422 495 469 essem
508 418 584 469 Iutuua
597 434 603 468 z
615 432 666 483 que
680 418 775 483 quidem
791 432 859 471 causa

52 492 104 544 sotus
114 493 181 541 1111111
192 493 237 540 est.

77 562 107 611 ud
117 565 230 625 quartum
244 560 381 623 dicendum,
393 559 454 623 qudd
465 560 518 622 quia
534 559 662 611 Intellectus
674 565 752 611 noster
765 574 812 613 non
822 566 858 613 est

52 636 153 696 eternus,
161 645 210 681 nec
225 630 260 695 (1)
268 631 355 681 ueritas
364 629 540 687 enuntiabilium
553 645 605 694 que
617 630 630 681 d
643 631 709 683 nobis
719 632 856 695 formantur,

51 708 79 752 est
92 709 200 765 uterus,
215 703 258 752 sed
275 702 412 767 quandoque
421 702 525 767 iucoepit.
542 704 571 753 Et
590 707 711 768 antequam
724 697 856 767 hujusmodi

51 773 127 825 uerius
135 777 211 835 esset,
224 786 271 823 non
281 777 330 823 erat
338 786 420 823 rerum
430 772 517 837 dIeere,
528 774 647 825 nonnum
656 775 725 824 tatem
738 787 798 837 esse,
812 773 856 824 msi
869 780 872 787 '

52 842 75 890 au
85 845 205 896 inteIIeotn
218 844 316 907 muno,
328 844 353 894 iu
368 857 415 907 quo
424 844 473 895 soto
484 844 569 895 ueritas
582 849 616 895 est
628 849 722 897 eterna.
735 846 780 895 Sed
795 859 855 895 nunc

52 925 121 965 verum
129 921 166 966 est
178 915 274 979 dicere,
288 914 410 965 ueritatem
420 915 483 965 iilum
495 919 553 965 tuno
567 930 613 966 non
627 916 696 969 fuisse
713 933 718 965 :
734 916 794 981 quod
805 916 855 980 qui·

53 983 96 1034 dem
104 1000 149 1038 uon
162 992 202 1037 est
218 1000 317 1049 verum,
328 986 374 1037 nisi
385 986 483 1037 veritme
495 1002 547 1052 quae
566 1002 628 1039 nuno
641 992 675 1039 est
692 988 717 1038 in
735 987 855 1038 intellectu

54 1060 136 1119 rosim,
146 1072 196 1109 nou
216 1061 298 1109 antem
315 1070 357 1121 per
375 1057 477 1121 adquam
490 1058 612 1109 1111111111
623 1072 653 1109 er
665 1062 729 1123 parte
740 1058 782 1108 rei.
797 1058 855 1117 Quia

52 1123 91 1174 ista
103 1133 136 1178 est
144 1130 231 1179 ueritas
242 1128 272 1179 de
283 1141 331 1181 non
344 1132 399 1184 ente
415 1145 421 1178 z
438 1143 490 1179 noo
504 1143 548 1179 eno
559 1134 635 1180 autern
649 1144 695 1181 uon
708 1130 778 1183 nubet
787 1142 817 1180 ex
829 1144 854 1181 se

54 1196 221 1262 utsitrerum,
235 1199 279 1249 sed
298 1200 373 1249 solum
393 1199 461 1251 modo
480 1213 510 1249 ex
529 1200 647 1251 Intelleotu
668 1201 855 1265 apprehendente

52 1264 127 1328 ipsum.
137 1272 203 1323 Unde
214 1270 241 1321 in
254 1274 347 1320 tantum
358 1273 485 1320 eduorum
496 1270 571 1321 dicere
585 1271 705 1321 ventatem
718 1284 763 1321 nou
774 1269 854 1334 tuisse,

51 1336 70 1385 in
80 1347 190 1403 onmium
206 1340 406 1405 apprehendimus
414 1355 465 1391 eoo
478 1355 532 1391 esse
540 1341 612 1405 ipsius
626 1344 650 1391 ut
661 1341 791 1405 precedens
803 1356 856 1391 esse

50 1420 99 1469 etos,

335 1500 493 1552 snncunos
508 1502 568 1552 VIII.

250 1625 340 1669 Utrum
352 1624 442 1669 verim
450 1624 482 1669 sit
490 1625 657 1671 immutabilis.

73 1751 102 1800 td
114 1756 229 1803 octauum
240 1749 277 1798 sic
289 1748 421 1813 proceditur
434 1748 479 1814 (n).
494 1749 588 1800 Videtuu
599 1748 660 1813 quod
670 1750 756 1800 ueritas
769 1750 798 1801 sit
810 1750 855 1799 iur-

49 1822 163 1874 mutahiiis.
185 1820 252 1872 Iticit
267 1820 331 1870 enim
345 1820 483 1884 Augosdnus
496 1820 521 1869 In
530 1820 571 1871 Iib.
583 1820 613 1883 II,
628 1822 752 1871 Delibero
765 1820 854 1882 orbiu,

47 1903 90 1953 mp.
101 1898 140 1957 11,
152 1892 221 1957 quod
233 1908 248 1938 u
257 1890 345 1940 uerius
357 1895 448 1941 nonest
462 1892 556 1955 aequalis
568 1892 655 1956 menti,
666 1891 719 1955 quta
730 1894 790 1940 esset
803 1904 854 1939 mu-

49 1963 116 2014 trudis
127 1965 196 2015 nent
208 1966 237 2013 et
247 1975 323 2011 mens.
334 1978 349 2007 n

71 2038 91 2083 1.
111 2038 252 2096 Praeterea,
271 2032 296 2081 id
316 2033 377 2095 qnod
392 2035 495 2083 remanet
512 2037 564 2097 post
579 2045 672 2081 omnem
691 2030 853 2091 mutationem,

46 2107 74 2149 ed
82 2105 232 2156 immutabile
245 2120 252 2167 3
268 2104 328 2153 siout
340 2103 413 2165 prima
426 2102 522 2153 materis
535 2107 571 2153 est
580 2101 683 2164 iugeuita
697 2105 721 2151 et
735 2101 854 2165 incorrup

47 2174 119 2240 ruina,
130 2176 190 2241 quia
202 2177 312 2225 remanet
324 2177 377 2238 post
392 2186 484 2224 omnem
494 2172 666 2237 generationem
687 2175 710 2221 et
727 2171 854 2243 corruptio-

45 2259 97 2295 nem.
112 2249 160 2299 sed
174 2246 267 2297 uerius
279 2250 386 2295 remanet
395 2251 448 2310 post
458 2259 549 2297 omnem
562 2244 726 2306 mutationem
739 2242 791 2306 quia
802 2248 854 2307 post

45 2330 127 2368 omnem
137 2318 299 2368 mutationem
307 2330 389 2365 uerum
401 2321 436 2367 est
449 2317 526 2367 dinero
533 2354 541 2380 ‚
553 2330 606 2366 esse
619 2316 656 2365 vel
666 2329 714 2365 uon
723 2328 784 2365 eone.
795 2314 854 2377 Ergo

45 2390 165 2441 1111111111
177 2387 344 2438 Immutabids.

69 2465 91 2508 c.
100 2464 237 2523 Praeterea,
246 2459 268 2509 si
277 2457 364 2508 veritus
376 2457 540 2509 enuntiationis
551 2461 660 2520 mutatur,
672 2454 769 2507 manime
781 2459 855 2505 muta·

69 2587 98 2648 (It
115 2593 148 2637 Ut
163 2590 259 2635 iIIatIve
280 2585 408 2645 particula,
423 2598 464 2631 seu
483 2586 571 2631 itlstiro
585 2598 654 2631 sensu
668 2586 779 2641 accipitur
799 2584 854 2629 illud

42 2663 143 2700 nemum
154 2664 202 2709 per
214 2650 379 2696 continuatam
390 2650 585 2694 constructionem
605 2648 704 2701 tuntum:
721 2648 787 2703 quasi
803 2648 853 2703 pta-

41 2713 85 2757 nius
93 2715 215 2761 diceretur
225 2730 232 2757 :
241 2711 383 2757 Dicendum
391 2712 455 2769 qudd
465 2712 556 2757 neritus
565 2710 757 2757 consuetudidinem
764 2722 815 2755 nou
822 2714 855 2753 ent

39 2781 134 2827 urm,
143 2779 209 2835 quic
223 2787 272 2819 auec
285 2774 423 2818 intellectus
435 2776 470 2819 ert
482 2778 596 2819 eternus.

69 2845 100 2902 (2)
113 2850 145 2893 Ite
158 2848 199 2893 Irits
210 2844 286 2890 etium
299 2845 326 2899 1,
336 2843 413 2892 Soet„
426 2844 479 2889 dist.
494 2842 531 2903 tn,
545 2857 585 2901 qn.
598 2843 622 2903 5,
637 2846 680 2888 art.
693 2844 722 2897 33
739 2848 761 2887 et
774 2851 813 2899 qu.
827 2840 849 2895 1,

36 2907 64 2944 ⁴¹0
77 2909 151 2967 uerit.¹
162 2915 211 2954 art.
226 2906 254 2950 θ.
