1992 3342
108 233 169 280 ’161
320 239 382 276 eins
398 240 420 288 1,
437 238 530 283 onnsn.
548 239 611 287 nir,
630 237 683 274 nnn.
702 235 719 273 1.

120 323 185 381 tens,
195 316 264 368 tileo
274 318 374 366 creatum
388 317 432 364 est.
442 313 499 364 Cium
512 317 587 364 nutem
595 313 655 364 licus
667 311 697 362 sit
710 326 780 364 cause
794 326 868 364 rernm
879 325 914 378 per

120 403 186 441 suum
198 387 357 447 intellectum,
371 388 395 435 et
408 385 443 434 sic
455 383 578 448 cujuslibet
591 383 626 433 sui
639 383 735 434 eileotds
751 389 839 448 oportet
853 385 915 435 ratio

122 475 175 512 nem
186 459 210 509 in
222 459 272 523 ipso
282 457 429 521 preeristere
438 457 473 521 (ut
483 454 676 518 exsuperioribus
686 456 772 519 putet),
784 470 874 507 necesse
886 459 914 506 est

121 531 182 598 quod
190 530 248 580 ratio
257 528 345 579 ordinis
354 525 465 578 rerum'in
473 527 543 576 linem
549 563 557 589 ‚
569 525 593 575 in
607 529 683 576 mente
695 526 772 577 divim
784 528 913 592 praeexistnt.

120 602 187 653 ltstio
201 603 278 651 autem
289 599 466 651 ordinandomm
478 599 504 648 in
518 598 586 648 linem
605 596 697 661 proprie
716 599 858 660 prouidentia
871 603 912 649 est:
959 641 960 648 ,

120 678 156 726 est
166 671 227 723 enirn
235 671 368 734 principalis
378 669 582 734 pamprndentin,
598 670 625 719 ad
638 683 706 733 quam
720 669 770 720 alise
786 671 835 720 dnm
846 675 915 734 partes
959 691 960 702 1

120 745 268 804 ordinantur,
276 741 362 792 scilicet
373 740 481 790 memoria
492 740 659 804 preteritorum
670 742 693 789 et
706 739 856 804 intelligentia
864 753 916 804 pro·
959 771 960 780 1

120 814 229 874 sentium,
242 815 310 875 prout
323 825 352 860 ex
370 811 493 875 preteritis
506 809 638 862 memoratis
653 814 677 860 et
691 811 839 876 praesentihus
854 811 916 860 intel

120 884 198 946 lectis,
212 883 366 945 conjectamus
381 883 409 932 de
432 881 515 944 futuris
534 880 689 944 providendis.

153 953 284 1004 Prudentis
300 957 377 1002 nutem
393 953 511 1015 proprium
522 954 569 1014 est,
586 950 712 1002 secundini
726 951 917 1016 Philosophumin

121 1029 186 1076 sexto
197 1025 280 1074 ldtdic.
295 1023 338 1087 (1),
350 1023 455 1074 ordinere
475 1023 521 1072 elin
533 1022 558 1072 iu
573 1022 659 1084 dnem3
672 1022 720 1072 sive
734 1027 836 1089 respectu
851 1024 917 1087 suiip

121 1095 183 1158 sius,
194 1095 253 1145 sicut
262 1093 348 1144 dicitur
361 1095 429 1144 homo
444 1095 544 1157 prudens
562 1093 601 1156 qui
617 1093 676 1142 bene
688 1092 781 1143 ordinet
795 1098 857 1144 nctus
869 1109 918 1145 suos

122 1168 151 1217 cd
167 1168 236 1216 linem
250 1165 304 1215 rite
315 1178 376 1227 soae3
392 1164 442 1214 sire
452 1167 558 1228 respecto
569 1164 665 1213 aliorum
678 1163 722 1214 sihi
733 1164 885 1227 subjectorum
897 1165 918 1214 in

122 1236 218 1300 inmilid,
228 1237 266 1286 rel
279 1234 381 1298 ciuium,
395 1235 433 1283 uel
446 1247 527 1297 regno,
541 1233 665 1285 secundnm
680 1248 748 1298 quem
764 1235 854 1286 modum
867 1235 918 1286 diei·

121 1312 159 1358 tur
176 1306 381 1362 notro.,llll1tl:
397 1304 509 1354 «Fidelis
526 1317 605 1356 servus
628 1307 651 1354 et
670 1305 770 1369 prudens
784 1319 850 1369 quem
866 1321 918 1356 con-

121 1377 194 1430 stituit
213 1376 318 1428 dominus
336 1389 404 1439 snper
418 1374 528 1425 nnllam
547 1389 620 1426 susm.
642 1394 656 1422 o
675 1378 704 1426 nt
720 1376 844 1427 secundum
861 1379 917 1428 huno

121 1451 214 1502 modum
227 1448 348 1513 prudentia
362 1449 400 1496 rel
412 1448 557 1511 providentia
570 1451 617 1500 lleo
630 1449 754 1499 conuenire
767 1453 841 1514 potest
851 1466 857 1514 3
868 1465 918 1500 nam

121 1521 210 1586 inipso
223 1523 270 1571 lieo
287 1519 345 1569 nihil
355 1523 391 1569 est
402 1519 426 1568 'tn
440 1519 509 1570 finem
528 1520 666 1582 ordinatim,
681 1518 734 1569 cium
751 1519 801 1584 ipse
821 1521 850 1572 sit
869 1521 918 1572 finis

122 1593 222 1644 ultimus.
237 1593 288 1655 lpse
302 1591 373 1653 igitur
386 1591 444 1640 ratio
463 1591 549 1642 ordinis
566 1605 642 1642 rerum
659 1591 684 1640 in
698 1593 767 1640 linem
781 1593 918 1656 providentie

121 1664 147 1714 in
160 1666 207 1713 lieo
223 1662 361 1711 nominatur.
376 1663 441 1712 Unde
461 1662 554 1712 Boetius
570 1663 599 1712 lll
612 1663 643 1712 d'e
654 1663 755 1725 consol„
769 1664 854 1727 (Prosa
867 1664 918 1726 vl),

124 1731 277 1796 dicitquod«
293 1732 435 1795 providentia
453 1736 488 1783 est
500 1733 550 1796 ipsa
563 1733 640 1782 divina
656 1733 714 1782 ratio
727 1732 752 1781 iu
769 1747 857 1784 summo
874 1749 920 1786 om-

122 1804 186 1856 nium
203 1803 307 1867 Principe
327 1802 463 1866 conslitutn,
483 1817 535 1866 qum
552 1807 632 1854 cuncta
653 1803 761 1868 disponit.
776 1821 790 1850 o
804 1805 920 1868 Dispositio

122 1878 200 1928 nutem
223 1878 298 1939 potest
315 1874 360 1924 dici
380 1878 428 1924 tem
446 1875 505 1926 ratio
518 1873 604 1925 ordinis
616 1887 693 1924 rerum
707 1875 732 1923 iu
751 1875 835 1938 linem,
855 1878 921 1940 quim

122 1947 181 1997 rntlo
195 1946 280 1997 ordinis
293 1943 391 2008 partium
402 1945 426 1993 in
441 1949 498 1995 toto.

155 2019 190 2068 nd
202 2017 301 2081 primum
314 2029 369 2078 ergo
382 2014 518 2078 dicendum,
539 2015 601 2081 quid
618 2015 743 2068 secundum
763 2018 922 2083 Philosophum
960 2067 961 2072 ,

123 2088 148 2138 ln
158 2093 223 2139 sexto
233 2087 317 2138 Etdio
329 2086 380 2151 (ῆι
391 2104 404 2133 o
413 2087 536 2139 Prudentis
549 2087 639 2151 proprie
651 2091 686 2137 est
695 2089 837 2152 preceptira
845 2103 922 2140 eorum
960 2105 961 2122 1

124 2160 154 2210 de
164 2155 414 2222 quibuseubulinrectd
428 2157 569 2220 consilietur,
584 2164 608 2208 et
620 2157 708 2222 synesis
722 2159 786 2210 recte
794 2161 896 2224 judicet3
907 2176 922 2204 u

158 2296 189 2359 (l)
201 2298 290 2353 Nempe
300 2309 354 2354 esp.
368 2297 393 2356 5,
408 2300 546 2355 granolet,
562 2300 598 2344 vel
610 2299 633 2342 ln
648 2297 757 2357 antiquis,
773 2314 827 2358 esp.
841 2301 871 2360 1,
885 2302 923 2346 ubi

124 2367 246 2418 propterea
259 2361 371 2405 Periclem
383 2365 409 2405 ct
425 2361 527 2416 similes,
548 2361 602 2416 quin
615 2374 666 2416 qum
685 2362 729 2406 sibi
747 2370 772 2407 et
794 2365 846 2409 eliis
865 2366 923 2409 bone

124 2428 177 2468 sunt
187 2422 380 2477 contemplentur,
393 2424 518 2477 prudentes
532 2423 576 2467 dici
587 2435 655 2478 posse
667 2425 802 2484 concludit3
821 2439 848 2471 ec
860 2427 884 2470 in
898 2425 926 2468 iis

123 2483 278 2529 mconomicos
285 2488 309 2527 et
318 2484 424 2539 politicos
431 2486 598 2541 complectitur.
609 2485 693 2530 Similis
702 2485 773 2530 etium
782 2499 812 2533 ex
821 2501 874 2545 cnp.
886 2486 925 2544 12,

123 2548 262 2604 granolet,
277 2545 314 2589 vel
325 2547 349 2590 in
361 2547 462 2602 antiquis
473 2558 525 2602 cap.
538 2547 561 2606 9,
574 2547 650 2603 colligi
661 2554 767 2603 possunt.

157 2614 187 2678 (2)
203 2619 234 2662 nt
247 2626 299 2670 cap.
312 2613 342 2658 10
356 2622 380 2660 et
395 2615 433 2675 11,
449 2617 588 2676 greco-lut,
599 2618 721 2677 colligitur,
736 2620 773 2664 rel
788 2620 812 2664 in
827 2619 930 2676 antiquis

123 2700 176 2745 cop.
194 2687 209 2731 9
222 2691 247 2732 et
262 2682 301 2728 1⁰.
316 2687 358 2730 Est
370 2688 439 2743 porrd
453 2688 545 2733 eubulio
566 2687 605 2748 (en
627 2701 701 2745 graeoo
721 2679 839 2750 ευβοῦλῖα)
862 2691 929 2748 qussi

123 2749 184 2796 dono
200 2747 343 2794 emunitates
354 2749 390 2794 vel
405 2750 559 2803 concilialem
574 2751 663 2807 synesis
679 2757 755 2796 sutem
775 2751 859 2812 (Juxta
873 2765 931 2809 gru-

121 2831 174 2868 eum
188 2811 277 2868 σύνεσις
288 2819 355 2874 qussi
365 2821 503 2878 perspicatia
515 2821 619 2876 quaedum
632 2822 656 2866 in
673 2822 829 2872 discernendo
844 2825 882 2870 rel
891 2823 931 2878 jo·

121 2881 218 2929 dicendo
228 2912 235 2939 ,
246 2881 295 2926 sire
309 2882 414 2935 quiedam
425 2884 460 2927 vis
473 2888 497 2927 et
511 2883 609 2930 incultus
623 2884 765 2942 intelligendi
779 2892 806 2934 ut
821 2891 930 2943 oportet,

122 2944 158 2989 rel
170 2954 217 2990 uno
230 2944 302 2988 verbo
315 2942 480 3000 intelldpeotio
493 2951 539 2992 etc.
