1992 3342
216 275 248 312 nr
263 275 372 314 mssreuu
386 276 520 316 nummu!
535 280 698 319 rnasonuaurr.
807 270 854 318 ere

308 447 480 517 denarie
497 448 609 515 XLIII.

86 578 120 623 De
132 579 247 625 minim
258 579 403 627 divinarem
415 594 592 640 perseuerans,
607 585 635 629 iu
648 588 698 630 oete
712 585 829 632 articulos

412 653 501 699 (lintea.

91 788 179 840 lteiude
192 790 379 841 considerandum
395 791 423 842 de
439 792 546 843 missione
559 791 684 845 diuinarum
694 808 850 859 personarum.

92 860 157 911 Circa
167 862 212 911 hee
225 865 354 925 queruntur
364 866 415 914 nete
430 878 436 913 :
449 872 475 913 1⁰
486 866 565 915 Utrdm
579 864 645 914 alicui
659 864 740 917 duna
750 880 851 929 perseum

61 931 185 981 conveniat
198 931 265 982 mitti.
275 936 302 983 2⁰
310 933 390 983 Utrdm
398 934 475 986 missin
482 935 512 985 sit
522 939 605 986 aeterna
615 935 652 985 vel
661 937 791 999 temporalis
800 941 852 988 tan·

58 1002 119 1052 tium.
135 1007 161 1051 3⁰
175 1002 303 1054 Seenudirm
315 1004 368 1069 quid
382 1005 458 1054 divina
471 1018 567 1070 persona
584 1005 726 1056 invisibiliter
741 1007 850 1058 mlttatur.

59 1075 87 1121 4⁰
101 1072 181 1122 Utrdm
194 1074 288 1125 cuilibet
297 1088 399 1139 perseum
409 1076 529 1127 rnuveuiat
541 1074 609 1126 mitti,
625 1080 650 1125 5⁰
661 1075 740 1127 Utnim
748 1077 852 1128 iurisibi-

56 1142 111 1193 liter
121 1144 280 1195 mittaturtam
290 1146 359 1196 Filius
368 1146 435 1210 quam
444 1146 541 1211 Spiritus
555 1150 654 1197 sauctus.
666 1152 692 1197 6ο
702 1148 735 1197 ld
744 1160 799 1211 quns
810 1148 851 1198 ilat

56 1215 137 1265 missin
152 1216 279 1267 invisibilis.
295 1222 322 1267 7⁰
330 1220 362 1268 lle
370 1218 477 1269 missione
487 1217 579 1269 risibili.
593 1224 620 1268 8⁰
631 1216 710 1269 Utrdm
719 1218 852 1283 adquaper·

56 1300 114 1339 sena
129 1287 207 1338 mittat
218 1288 332 1353 seipsam,
344 1288 465 1340 visibililer
477 1292 516 1340 aut
528 1287 679 1340 Invisibilitar.

361 1442 517 1493 nancutds
532 1442 551 1492 1.

164 1556 251 1600 viriam
259 1556 334 1601 alicui
346 1568 449 1612 persona
458 1557 543 1601 dimna
552 1556 674 1601 benammi
683 1555 754 1601 mitti.

86 1672 123 1723 nd
134 1659 233 1735 primum
246 1672 279 1723 sie
292 1672 420 1735 proceditur
430 1672 473 1736 (1).
485 1672 578 1723 Videtur
588 1670 648 1737 qudd
658 1684 760 1735 perenna
768 1670 851 1722 divina

56 1759 103 1795 unu
116 1743 239 1794 conveniat
248 1743 316 1793 mitti.
330 1743 411 1794 Missus
421 1743 481 1793 euim
494 1744 569 1794 minor
582 1748 616 1795 est
626 1743 740 1794 mittente.
749 1742 793 1793 Sed
806 1755 852 1792 uua

54 1828 155 1880 persona
166 1814 243 1864 divina
254 1827 300 1865 nou
310 1818 345 1864 est
355 1814 428 1865 m‘mnr
438 1815 499 1864 alil:
516 1828 569 1879 erge
578 1828 625 1865 uua
634 1828 730 1879 persnua
741 1828 786 1864 neu
799 1812 851 1863 mit-

55 1889 112 1938 titur
128 1886 159 1937 ab
173 1886 226 1935 alid.

86 1964 111 2008 2.
130 1961 261 2019 Praeterea,
275 1969 342 2006 omne
364 1956 423 2020 qnod
444 1956 553 2021 mittitur,
567 1958 683 2020 separatur
697 1955 711 2005 l
727 1954 831 2006 mittente
843 1970 851 2017 3

54 2030 115 2079 uude
128 2027 283 2091 fllerenymus
295 2025 351 2077 dicit
359 2040 428 2090 super
442 2026 529 2077 Ezeelr.
542 2044 572 2075 .·«
585 2028 647 2087 Quod
660 2025 806 2089 conjunctum
817 2027 852 2075 est

53 2106 77 2151 et
90 2101 116 2149 in
132 2111 227 2162 enrpnre
241 2110 288 2147 nuo
307 2098 449 2161 copulatum,
463 2097 524 2147 mitti
537 2111 581 2148 nnn
595 2101 703 2161 petest.»
719 2096 762 2145 Sed
777 2094 801 2144 iu
817 2094 851 2144 di·

51 2172 115 2221 viuis
127 2169 232 2234 persenis
245 2167 303 2218 nibil
316 2173 350 2218 est
362 2168 504 2232 separabile,
515 2172 540 2219 ut
552 2167 648 2217 Hilarius
661 2166 723 2217 dicit.
738 2166 797 2229 Ergo
806 2179 852 2217 uua

51 2256 152 2307 persona
164 2255 211 2291 nou
225 2240 322 2289 mittitur
333 2240 362 2289 ab
380 2239 432 2290 alia.

85 2318 109 2363 3.
121 2314 245 2374 Praeterea,
261 2310 388 2374 quicunque
400 2309 506 2373 mittitur,
523 2310 551 2360 ab
565 2309 639 2373 adque
649 2309 699 2358 loeo
711 2308 815 2371 discedit,
829 2312 853 2359 et

53 2385 82 2435 ad
97 2383 201 2447 aliquem
215 2382 289 2433 lenum
303 2380 331 2431 de
349 2395 407 2432 novo
423 2382 493 2431 vadit.
505 2382 552 2431 Heu
568 2384 643 2430 autem
655 2377 737 2431 diuinae
749 2392 852 2442 persenae

53 2470 101 2506 neu
114 2452 235 2516 convenit,
250 2452 302 2503 clim
314 2452 398 2517 ubique
411 2452 448 2503 sit.
460 2454 519 2515 Ergo
531 2451 612 2503 diuinae
627 2463 729 2515 persana
742 2463 788 2500 nou
798 2464 852 2500 enn-

53 2526 119 2577 veuit
133 2524 204 2574 mitti.

10 2533 11 2593 1
85 2596 134 2646 Sed
153 2597 233 2645 centra
247 2598 293 2654 est,
306 2594 366 2657 quud
379 2593 460 2643 dieitur
472 2598 557 2649 Jonas..
572 2592 642 2642 lllll:
659 2592 734 2642 «Neu
744 2605 794 2643 sum
809 2604 851 2654 ego

54 2667 127 2729 selus,
141 2666 182 2715 sed
193 2677 236 2727 ege
249 2664 321 2728 etqui
332 2665 393 2715 misit
405 2679 451 2727 me,
465 2666 541 2714 Pater.
555 2680 568 2711 n

86 2738 249 2801 (Ceucuusro.
259 2734 382 2785 —lliviuae
394 2749 496 2799 personae
505 2733 611 2785 ennreuit
624 2733 683 2783 mitti
689 2772 697 2798 ,
706 2733 730 2785 iu
740 2739 850 2799 qrrautum

54 2808 184 2871 origiuatur
193 2805 222 2856 ab
233 2805 291 2869 alia,
301 2808 324 2856 et
334 2820 394 2857 nere
404 2806 470 2856 medo
481 2806 571 2856 essendi
583 2804 660 2868 insipit
670 2818 733 2871 esse3
747 2809 773 2857 ut
780 2806 852 2857 itlius

91 2923 123 2986 (l)
139 2927 173 2970 lte
190 2924 226 2969 bls
239 2924 308 2969 etiarn
322 2926 347 2982 1,
358 2924 436 2973 Soet,
452 2924 505 2969 dIst.
524 2922 568 2981 15,
583 2930 665 2981 quest.
683 2924 713 2976 l.
727 2931 769 2970 ert.
786 2923 812 2979 1;
829 2928 854 2968 et

60 2988 152 3034 cntra
169 2986 250 3037 dm„
259 2988 300 3032 lib.
310 2984 339 3044 l,
353 2998 406 3044 nup.
416 2985 447 3030 23
456 3019 462 3045 ,
472 2993 516 3032 rat.
528 2986 557 3041 23
570 2993 595 3033 ut
607 2994 630 3032 et
638 2999 691 3045 nep.
701 2986 797 3047 θῆται.
811 2983 851 3030 sl.
