1992 3342
367 211 398 250 nn
415 213 493 252 clusa
508 204 576 254 rrirr.
826 207 872 253 ‘lot

76 287 241 340 «malumnon
254 285 322 339 habet
339 301 439 340 eausam.
454 293 529 356 »Ergo
539 293 624 343 honum
635 305 680 343 non
688 297 724 345 eet
732 306 800 344 eausu
808 293 872 344 mali,

100 361 146 411 Sed
161 364 238 412 eontra
252 361 368 426 est,quod
386 363 527 427 Augustinus
540 365 612 430 dieii,
631 366 726 416 Contra
739 365 872 416 lulianum

73 431 132 497 (lin.
149 433 172 494 l,
187 447 237 498 cap.
258 435 288 497 9)
306 449 312 484 ι
329 451 342 482 ιι
357 435 407 487 Non
419 437 463 486 fnit
481 436 576 488 omnino
589 439 649 489 unde
669 437 723 489 oriri
735 440 814 503 posset
825 449 874 486 ma-

70 503 127 564 lum,
141 503 186 554 nisi
200 517 228 554 ex
238 505 308 556 bono.
321 523 335 554 o

104 577 264 640 (Coucnusro.
277 605 308 616 -
322 579 410 629 Bonum
428 592 473 629 non
495 580 541 630 nisi
555 581 717 646 materialiter,
731 584 757 632 ut
768 580 875 632 uidelicet

70 650 202 714 subjeetum
213 651 281 715 muli,
296 653 319 702 et
331 655 357 701 ut
370 665 440 716 agens
450 654 489 703 sed
500 667 541 718 per
552 655 665 717 accidens,
678 659 712 706 est
723 667 794 705 eausa
806 653 873 717 mali;

70 733 118 772 nou
133 725 210 773 aulem
221 726 246 772 ut
255 726 290 774 est
302 723 374 774 forma
386 723 423 774 vel
436 723 496 789 finis,
513 725 551 775 uel
563 739 604 790 per
616 739 641 776 se
654 725 751 791 agens.)

102 793 243 858 Respondeo
253 795 386 860 dicendum,
406 795 465 859 quod
485 809 579 848 neeesse
595 800 630 848 est
641 798 715 849 dicere
730 797 790 862 quod
809 811 877 850 omne

71 867 158 916 malum
180 865 306 932 aliqualiter
322 880 414 918 eausam
431 869 524 919 habeat.
538 870 622 920 llalum
640 869 702 920 enim
722 874 759 920 est
774 871 877 922 delectus

71 939 127 989 boni
141 939 201 1004 quod
214 943 292 991 nutum
303 945 337 990 est
352 942 375 990 et
391 940 457 990 debet
467 941 555 991 haberi.
564 941 634 1002 [Quod
647 945 723 992 autem
737 941 822 1006 aliquid
835 943 876 993 de-

72 1011 134 1061 liniat
148 1009 161 1062 t
176 1025 217 1061 sua
228 1011 325 1062 naturali
338 1015 361 1064 et
375 1011 450 1062 lenita
469 1011 631 1078 dispositione,
649 1027 696 1065 non
710 1017 786 1078 potest
795 1029 877 1079 prore

71 1083 122 1134 nire
140 1083 186 1134 nisi
199 1098 228 1134 ex
241 1083 316 1148 aliqua
329 1097 397 1135 eausa
408 1087 512 1135 trahente
530 1099 578 1135 rem
589 1089 654 1134 extra
667 1099 731 1136 suam
743 1084 877 1150 dispositio·

71 1169 141 1222 nem3
158 1168 205 1206 non
220 1156 281 1206 enim
294 1170 361 1220 grave
375 1161 480 1207 movetur
493 1171 583 1208 sursum
597 1157 642 1207 nisi
658 1158 686 1207 ab
705 1157 781 1221 aliquo
795 1158 877 1223 impel-

72 1228 148 1290 lente,
163 1241 207 1278 nee
226 1241 295 1292 agens
314 1229 388 1279 delinit
408 1230 432 1278 in
447 1243 488 1279 suu
502 1229 591 1279 actione
613 1229 659 1278 nisi
677 1232 770 1293 propter
786 1229 877 1292 aliquod

71 1298 270 1364 impedimentum.
286 1301 342 1351 Esse
353 1302 430 1352 autem
442 1314 532 1351 eausam
546 1314 593 1351 nou
603 1303 678 1365 potest
690 1300 811 1351 conuenire
832 1298 879 1350 nisi

72 1369 151 1433 hono,
168 1372 221 1435 quia
237 1371 294 1422 nihil
312 1376 389 1438 potest
404 1386 455 1423 esse
474 1385 542 1422 eausa
555 1372 600 1422 nisi
613 1372 761 1436 inquantum
774 1374 876 1436 estens;

73 1455 144 1492 omne
158 1446 234 1492 autem
248 1456 303 1508 ens,
321 1444 346 1493 in
360 1449 470 1508 quantum
483 1443 629 1508 hujusmodi,
646 1443 732 1494 honum
749 1446 794 1493 est.
812 1443 842 1493 nt
858 1440 879 1493 si

74 1515 248 1565 consideremus
262 1515 371 1580 spetiales
390 1517 489 1567 rationes
503 1529 634 1577 causarum,
651 1529 720 1580 agens
734 1517 757 1565 et
766 1515 839 1565 forma
856 1516 880 1564 et

73 1586 128 1636 finis
142 1586 309 1652 perlectionem
322 1583 442 1652 quamdam
456 1589 588 1654 important,
604 1602 655 1652 quae
669 1587 784 1651 pertinent
800 1586 830 1636 ad
844 1598 880 1636 ra·

73 1659 162 1709 tionem
175 1658 245 1724 boni,
259 1661 299 1710 sed
315 1660 460 1726 emeterio,
476 1661 626 1725 inquantum
642 1663 677 1711 est
691 1660 715 1710 in
730 1658 833 1725 potentia
850 1657 879 1709 ad

72 1729 159 1780 honum
166 1769 175 1795 ‚
189 1731 258 1781 habet
271 1731 381 1782 rationem
395 1731 450 1782 honi
463 1733 507 1798 (l).

104 1803 135 1852 Et
149 1803 241 1866 quidem
255 1801 317 1866 quod
330 1804 416 1853 honum
435 1803 465 1852 sit
481 1818 550 1856 eausa
565 1802 619 1855 mali
635 1808 677 1868 pe'r
689 1803 781 1854 modum
803 1816 877 1854 causae

74 1873 211 1938 materialis,
224 1874 273 1939 jum
287 1887 316 1926 ex
332 1874 456 1939 praemissis
470 1879 550 1940 putet3
563 1879 681 1926 ostensum
692 1879 728 1926 est
739 1874 801 1924 enim
816 1873 877 1938 quid

74 1945 166 1996 bonum
181 1949 216 1996 est
230 1946 358 2010 subjeetum
370 1947 431 1998 mali.
447 1947 543 1997 Causam
557 1951 631 1998 autem
645 1947 763 1998 formalem
777 1945 877 1995 molum

74 2031 122 2068 nou
139 2018 223 2080 habet,
247 2018 286 2068 sed
304 2021 344 2068 est
359 2017 432 2082 magis
450 2017 545 2082 privatio
564 2018 652 2068 formae.
668 2019 698 2067 Et
712 2015 817 2067 similiter
834 2028 883 2076 neo,

75 2103 167 2141 eausam
176 2089 281 2154 finalem,
297 2091 336 2140 sed
350 2090 422 2154 magis
435 2095 470 2140 est
483 2088 580 2154 privatio
591 2088 676 2140 ordinis
689 2089 717 2139 ad
731 2088 801 2137 linem
815 2085 878 2137 debi-

2 2189 3 2192 =
75 2166 142 2212 trum:
160 2177 206 2213 non
220 2161 294 2213 sollum
308 2162 369 2213 enim
383 2161 434 2214 finis
446 2162 516 2212 hahet
533 2161 643 2212 rationem
660 2159 729 2221 honi,
750 2159 789 2209 sed
808 2157 877 2223 etiam

75 2237 149 2301 utile,
167 2235 228 2300 qrrod
250 2234 366 2286 ordinatm
379 2235 407 2286 ad
424 2235 503 2285 linem.
522 2235 619 2285 Causam
637 2236 715 2284 autern
731 2245 772 2296 por
786 2232 878 2295 modum

76 2308 166 2373 egentis
181 2308 251 2358 habet
263 2307 356 2371 malum,
367 2321 413 2358 non
429 2309 505 2358 autem
521 2319 563 2372 per
576 2319 609 2369 se,
619 2303 828 2369 sedperaeeidens.
840 2304 875 2353 ld

111 2455 142 2520 (1)
159 2459 189 2512 Ul
197 2469 287 2502 rursum
302 2455 335 2500 sio
347 2454 374 2500 de
387 2453 425 2500 illa
435 2453 574 2512 Dionysius,
585 2454 620 2499 lv
631 2464 683 2509 eap.
694 2451 729 2497 De
739 2450 790 2497 dio.
806 2451 876 2499 Nom·

76 2517 148 2582 528,
162 2521 203 2566 ubi
224 2519 310 2564 refutat
325 2519 404 2562 tritum
418 2518 472 2562 illud
488 2514 684 2586 (πολυθρΰλλητον
693 2516 720 2583 ),
736 2515 797 2571 quod
810 2515 840 2559 sit
854 2514 878 2558 in

75 2593 173 2639 materia
187 2592 273 2638 malurn
288 2606 294 2633 ι
310 2589 369 2634 Nam
382 2590 442 2648 ipsu
455 2599 548 2646 quoque
562 2583 662 2650 (lnquit)
677 2586 879 2644 pulchritudiuis

76 2661 99 2702 et
110 2659 212 2701 ornatos
224 2659 245 2699 et
254 2654 338 2713 formu
343 2653 468 2710 particeps
477 2655 511 2696 eet
523 2669 531 2693 .-
543 2649 631 2695 du‘ode
642 2650 664 2693 ιι
672 2662 793 2707 uuequour
804 2655 825 2696 et
834 2661 879 2694 ue·

76 2721 190 2777 utiquum
207 2721 253 2766 eet,
266 2727 341 2772 oeque
355 2714 443 2760 luorum
455 2718 579 2771 uteroque
596 2712 702 2766 uotum
716 2715 739 2758 ιι·
752 2718 832 2758 auum
845 2714 879 2757 ert

76 2782 296 2840 quomodocumque
314 2791 342 2822 ue
363 2791 393 2822 eu
412 2777 471 2822 iouo
489 2780 548 2820 suut
563 2777 646 2820 omniu
664 2788 717 2832 quo
737 2780 810 2826 reue,
822 2777 879 2832 ipro

76 2848 151 2892 ulau
162 2856 194 2890 eu
209 2843 268 2888 douo
282 2842 329 2886 eru
341 2847 387 2886 eto.
402 2842 457 2886 Jum
470 2839 528 2884 uero
541 2840 564 2888 u·
576 2840 706 2884 murium
718 2839 750 2885 ud
763 2838 878 2884 univerae·

76 2907 308 2954 cousummatioueur
323 2905 482 2950 omeuoua'um
498 2902 576 2962 {uuo
593 2900 693 2954 dormo„
704 2901 821 2962 quomodo
839 2899 879 2944 to·

76 2984 125 3018 uur
135 2984 167 3018 eu
179 2969 244 3015 molo
257 2967 342 3025 utiquo
351 2965 456 3026 uiueret?
466 2971 512 3012 ete.
