1992 3342
387 227 418 264 nn
433 226 512 276 causa
527 228 598 268 nur.
849 223 895 274 711

89 310 152 378 quod
166 323 181 358 a
197 307 217 358 si
230 306 315 358 malum
331 305 444 370 integrum
455 305 501 369 sit,
515 305 616 370 seipsum
625 305 739 374 destruet3
751 310 830 374 aquia
842 311 896 364 des-

90 385 165 434 tructo
179 379 242 431 omni
252 380 313 429 hono
328 376 399 443 (qnod
413 377 537 441 requiritur
552 380 581 428 ad
594 379 747 444 integritatem
761 382 829 446 mali,
841 385 897 437 sup.

89 455 188 506 trahitur
201 452 269 504 etiam
280 451 355 514 ipsum
367 449 461 512 malum,
474 450 542 514 cujus
552 451 681 515 subjectum
691 457 728 504 est
738 454 834 507 bonum.
843 458 899 510 Ter·

89 527 123 580 tio
133 566 140 588 ‚
151 524 205 590 quia
215 523 271 575 ratio
286 523 339 573 mali
350 525 462 586 repugnat
476 521 559 573 rationi
571 523 640 588 primi
649 524 772 592 principii3
782 530 830 580 tum
843 531 899 594 quia

88 599 175 650 maium
190 599 295 663 causatur
307 609 336 646 ex
351 595 424 658 hono,
438 597 466 668 ut
475 593 543 659 supra
555 596 675 646 ostensum
690 601 726 648 cst
737 598 789 663 (art.
805 604 817 652 1
832 602 901 667 eta);

88 673 140 723 tum
153 669 208 735 quia
219 669 304 719 malum
314 681 359 718 non
368 670 445 734 potest
459 681 512 718 esse
522 680 591 718 causa
602 667 648 720 uisi
659 683 701 734 per
709 672 825 736 reddens,
833 675 900 727 etsie

6 747 7 750 ’
89 757 135 794 non
149 745 226 808 potest
243 753 293 791 esse
310 740 383 804 prima
400 751 480 802 causa3
497 739 552 802 quia
568 756 582 788 «
596 753 665 791 causa
678 756 719 806 per
738 745 844 797 accidens
863 749 901 798 est

91 813 202 880 posterior
216 811 243 863 ed
255 826 305 876 qua
317 813 353 862 cst
366 823 406 875 per
421 823 460 873 se,
475 826 488 856 u
500 813 526 860 ut
535 813 598 874 patet
611 811 673 862 inil.
685 813 758 880 Phys.
772 815 836 880 (text.
845 810 895 883 66).

90 887 134 946 Qui
148 889 224 936 autem
240 887 365 951 posueruut
382 884 426 935 duo
446 882 520 948 prima
537 882 650 948 principia
664 884 746 949 (unum
758 886 858 953 bonum,
874 893 898 942 ct

90 957 186 1008 alterum
199 955 297 1020 malurn)
308 995 314 1016 ,
325 965 354 1005 er
365 955 445 1006 eadem
455 954 529 1005 radice
541 953 567 1004 in
575 955 638 1004 hunc
648 967 746 1007 errorem
755 958 895 1024 inciderunt,

90 1044 120 1082 cr
134 1043 180 1094 qua
193 1032 216 1080 et
229 1029 279 1082 alia
292 1029 404 1078 extraneae
417 1025 544 1090 positiones
558 1025 703 1090 antiquorum
720 1033 794 1081 ortum
810 1032 896 1084 habue-

89 1104 157 1164 runt,
169 1100 223 1164 quia
234 1099 318 1150 scilicet
327 1112 372 1149 non
383 1097 585 1150 consideraverunt
595 1111 687 1150 causam
699 1100 852 1154 nmvcmalem
859 1106 895 1156 to

88 1177 135 1228 tius
150 1174 223 1234 entis,
236 1173 276 1225 sed
289 1170 438 1236 particulares
449 1171 539 1222 mutium
551 1183 632 1222 causas
649 1172 818 1236 particularium
827 1176 895 1228 ellec-

89 1253 162 1310 tuum.
178 1247 273 1310 Propter
285 1246 329 1296 hor.
345 1243 420 1307 enim,
437 1243 457 1294 si
468 1243 554 1307 aliquid
567 1243 705 1296 invenemnt
719 1257 771 1296 asse
787 1247 894 1299 nocivum

88 1318 159 1373 alicui
168 1317 201 1369 rei
208 1331 249 1383 per
260 1316 368 1373 uirtutem
383 1319 521 1367 suaenaturae
532 1354 540 1377 ‚
550 1315 711 1375 estimaverunt
719 1319 822 1371 naturam
832 1317 895 1371 illins

88 1391 123 1442 rei
139 1403 190 1441 esse
205 1389 287 1440 malam
298 1405 305 1436 r
316 1385 371 1453 puta
383 1387 404 1436 si
416 1386 468 1450 quis
479 1387 540 1438 dieat
550 1390 655 1438 naturam
668 1387 729 1451 ignis
739 1402 792 1440 csse
801 1390 893 1454 malam,

87 1463 144 1528 quia
159 1459 282 1512 combussit
299 1460 391 1510 domum
406 1458 506 1526 alicujus
519 1457 635 1525 pauperis.
649 1459 764 1511 iudicium
777 1464 852 1512 auum
865 1463 895 1514 dc

88 1535 190 1586 bonitate
206 1531 303 1597 alicujus
321 1531 355 1582 rei
369 1544 415 1582 nun
428 1533 463 1581 cst
480 1530 635 1595 accipiendum
648 1530 773 1583 secundum
790 1531 894 1584 ordlnem

88 1607 117 1656 ad
136 1603 222 1668 aliquid
235 1603 384 1668 particulare,
403 1603 442 1653 sed
457 1601 582 1667 secundnm
596 1600 710 1666 seipsum,
725 1605 749 1654 et
766 1605 892 1657 secundnm

87 1677 192 1729 ordinem
207 1675 235 1726 nd
246 1677 321 1726 totum
331 1673 464 1725 universum
469 1711 477 1738 ‚
489 1673 514 1724 in
523 1687 568 1737 quo
579 1673 686 1738 qualibet
694 1688 731 1726 res
740 1687 807 1726 suum
818 1677 894 1730 locum

88 1737 257 1816 ordinatissimi
270 1749 335 1798 unct
345 1785 352 1808 ‚
361 1749 387 1796 ut
400 1759 428 1798 er
442 1745 510 1796 dictis
523 1748 587 1810 patet
600 1743 644 1811 (1).
657 1745 767 1799 Similiter
775 1747 844 1798 etiam
853 1749 893 1812 qui

87 1819 229 1874 invenerunt
242 1819 337 1870 duorum
346 1818 516 1884 particularium
527 1818 650 1872 ellectunm
660 1818 824 1872 contrariorum
835 1822 893 1875 duas

87 1905 171 1944 causas
188 1888 334 1956 particulares
356 1890 495 1953 contrarias,
514 1891 661 1943 nesciverunt
681 1891 788 1943 reducere
811 1905 893 1943 causas

87 1964 236 2032 particulares
247 1961 372 2020 contrarias
387 1962 412 2012 in
429 1975 520 2014 musam
533 1961 686 2014 universalem
699 1975 857 2028 communem,
869 1967 893 2016 et

86 2035 140 2088 ideo
149 2048 221 2099 usque
231 2035 258 2084 ad
266 2031 340 2096 prima
349 2033 462 2098 principia
473 2031 656 2086 contrarietatem
669 2029 693 2084 in
705 2031 781 2084 causis
791 2047 843 2086 csse
850 2035 892 2099 ju-

87 2107 229 2159 dicaverunt.
241 2105 285 2156 Sed
300 2103 352 2156 clm
364 2103 439 2155 omnia
451 2103 564 2154 contraria
576 2104 713 2156 conveniant
728 2104 754 2154 in
767 2119 813 2155 uno
827 2119 892 2158 com·

88 2178 171 2242 muni,
183 2189 276 2228 necesse
286 2178 322 2226 cst
330 2175 355 2224 in
365 2175 399 2226 eis
409 2211 417 2236 ,
427 2188 495 2240 supra
507 2188 586 2226 causas
598 2175 721 2226 conuarias
733 2176 838 2242 proprias
853 2176 890 2228 in·

88 2249 238 2304 veniriunam
247 2261 339 2300 causam
346 2259 496 2298 communem.
504 2247 892 2313 Sicutsupraqualitatescontrarias

88 2323 271 2380 elementorum,
285 2319 400 2370 inuenitur
417 2319 490 2370 virtus
505 2319 606 2384 corporis
620 2318 732 2384 celestis,
747 2323 771 2372 et
788 2319 893 2372 similiter

87 2405 157 2459 supra
171 2392 247 2444 omnia
260 2404 456 2456 unoquocunque
470 2388 537 2443 modo
548 2394 613 2454 srmt,
626 2390 743 2443 inuenitur
757 2406 828 2444 unum
843 2393 892 2460 pri-

87 2480 153 2522 mum
171 2463 306 2530 principium
319 2461 423 2525 essendi,
437 2465 463 2512 ut
476 2476 545 2526 supra
558 2465 675 2514 ostensum
689 2466 734 2514 est.

119 2535 266 2602 ltprimum
282 2547 335 2598 ergo
349 2532 483 2598 dicendum,
500 2533 561 2598 quod
576 2535 689 2586 contraria
709 2536 849 2589 conveniunt
865 2535 891 2591 in

88 2669 160 2716 mum,
174 2657 230 2702 lect.
247 2652 290 2708 133
306 2653 346 2700 red
366 2654 390 2698 iu
404 2653 574 2711 exemplaribus
594 2655 759 2712 meletianis
774 2668 828 2714 cap.
843 2656 890 2718 11,

86 2722 128 2768 uhi
151 2717 220 2777 paulo
238 2717 305 2767 aliter
321 2717 478 2775 construitur,
490 2729 574 2773 rrempc
594 2718 657 2774 quod
673 2720 891 2778 animuum

85 2783 185 2844 perdit,
197 2783 219 2828 ct
230 2781 285 2826 edm
296 2781 375 2840 ssent
387 2781 523 2838 soterem,
536 2781 721 2828 immundus·
733 2783 808 2830 etim
820 2785 857 2842 pt.

122 2851 154 2916 (1)
170 2852 283 2900 Nimirum
299 2863 338 2908 qu.
359 2851 403 2910 11,
421 2857 464 2898 art.
480 2851 510 2911 3,
521 2853 566 2897 ubi
578 2853 655 2900 unitus
672 2855 758 2901 Beier
774 2855 889 2912 ejusmodi

89 2913 195 2964 ordinata
212 2916 272 2962 serie
286 2915 422 2961 ostenditur.
434 2917 464 2962 Et
477 2927 517 2974 qu.
529 2914 572 2976 tr,
587 2921 632 2962 art.
646 2917 678 2980 2,
691 2918 732 2965 ubi
742 2930 819 2966 rerum
831 2919 889 2965 iust-

88 2981 191 3040 qualitun
204 2979 258 3025 irinc
268 2977 386 3026 astruitur.
