1992 3342
154 183 200 232 tlt
349 189 408 230 rans
424 192 447 241 r,
463 188 704 241 consummem.
721 188 747 225 v.

153 272 225 318 mrem
240 265 372 318 sensitivam
385 267 469 318 intent
479 267 605 316 naturalem
619 265 793 316 inclinationem
806 267 836 316 ad
849 267 953 330 quedam

153 339 296 404 particularia
313 339 388 401 bone,
403 338 485 402 quibus
497 339 618 402 conjuncte
633 341 687 388 sunt
701 338 778 401 alique
794 339 855 388 maia
871 355 878 387 :
896 338 952 387 sicut

153 411 241 475 vulpes,
255 410 283 460 ad
297 410 441 474 querendum
456 409 541 460 motum
554 409 676 472 sagaciter,
687 409 725 458 cui
743 409 878 474 adjungitur
892 410 953 460 dolo

153 482 218 532 sitas.
236 482 299 532 llnde
320 493 370 531 esee
387 481 488 532 dolosum
506 495 551 531 non
567 485 604 531 est
620 480 704 530 malum
718 481 797 545 vulpi,
813 479 866 531 cim
882 481 913 531 sit
932 478 952 528 ei

154 552 256 602 nntnralo
270 567 276 601 :
290 553 348 602 sicut
361 565 404 602 nec
416 565 466 602 esse
479 551 589 601 furiosum
604 556 640 602 est
654 551 740 600 malum
753 552 820 613 caui,
833 553 894 602 siem
904 551 953 600 llio·

154 622 234 687 numne
248 621 314 686 dicit,
328 623 366 673 Ν.
385 624 421 672 De
432 621 510 673 diuina
528 624 629 673 Nomio.

451 775 610 826 indictitiis
623 775 652 824 t.

213 889 299 934 vorem
308 890 416 936 diastolen
427 891 594 946 sueritmotur
603 891 630 934 to
642 890 724 946 primo
740 891 846 935 &munti
855 903 906 935 cuer

289 953 416 999 mentionis
423 967 466 1013 per
475 955 570 1010 culpem
576 954 679 1010 proprio
687 955 832 1001 miseratis.

189 1069 342 1134 inquietum
363 1069 396 1120 sic
415 1069 542 1134 proceditur
556 1070 599 1133 tl).
614 1070 709 1120 Videtur
727 1070 789 1134 qudd
806 1071 914 1122 diabolus
932 1072 954 1120 iu

157 1141 231 1207 primo
241 1141 335 1192 instanti
345 1155 391 1192 suu
403 1142 524 1192 creationis
538 1141 605 1191 luerit
614 1141 686 1191 malus
699 1156 741 1206 per
754 1143 845 1206 culpem
859 1143 954 1208 proprie

157 1213 289 1264 uoluntatis.
301 1213 388 1264 Dicitur
404 1213 464 1263 euim
477 1215 560 1272 loom,
572 1213 629 1274 illl,
645 1213 673 1263 de
684 1212 773 1281 diaholo
785 1229 791 1262 :
803 1235 816 1263 c
827 1215 868 1268 llle
884 1215 950 1266 homi

156 1285 206 1338 uida
220 1289 267 1336 erut
280 1285 308 1335 ab
323 1284 397 1335 initio.
413 1301 427 1332 o

187 1362 210 1407 a.
227 1359 351 1417 Praeterea,
375 1355 499 1408 secuudum
521 1355 683 1421 lngusdnum,
698 1357 717 1406 1.
734 1358 820 1421 Super
842 1359 906 1409 Gen.
924 1358 955 1408 cd

156 1428 197 1478 iit.
208 1429 275 1494 (cup.
287 1429 324 1494 5),
341 1428 468 1480 informitas
482 1433 589 1479 creature
603 1443 649 1479 nou
662 1429 777 1493 precessit
793 1429 955 1480 formationem

156 1503 271 1564 tempore,
288 1503 327 1552 sed
339 1501 426 1566 origiue
440 1498 536 1550 lentim.
553 1501 597 1550 Per
610 1501 692 1550 ooelnm
708 1503 785 1549 numm
799 1502 862 1564 quod
877 1502 956 1565 legiuur

156 1569 227 1636 primi
244 1575 344 1624 creatum
352 1611 360 1637 ‚
376 1575 401 1622 ut
412 1571 462 1638 lpse
479 1571 536 1621 dicit
548 1571 573 1620 iu
588 1573 617 1621 ll.
633 1571 674 1621 lib.
690 1573 750 1634 (cup.
765 1572 788 1631 8)
796 1608 805 1634 ,
821 1571 957 1635 intelligitur

157 1645 238 1692 nutum
254 1643 355 1708 angelice
374 1643 493 1706 informis3
511 1656 552 1707 per
568 1644 612 1693 hoc
625 1647 702 1692 autem
717 1642 779 1705 quod
794 1641 883 1692 dicitur
900 1643 957 1708 quod

158 1715 217 1764 lleus
230 1715 303 1765 dixit:
317 1714 389 1770 sliat
399 1715 447 1774 lua,
463 1719 486 1765 et
499 1714 558 1764 locta
568 1719 603 1764 est
615 1716 665 1778 lux,
675 1732 689 1761 o
702 1713 841 1776 intelligitur
853 1715 957 1764 formatio

159 1785 209 1850 ejus
224 1799 264 1850 per
277 1786 447 1838 couversionem
461 1787 488 1836 ed
505 1785 611 1835 Verbum.
632 1785 703 1835 simul
716 1797 771 1848 ergo
787 1791 871 1836 nature
885 1785 958 1849 augeli

160 1862 237 1908 creata
249 1859 297 1918 est,
308 1861 332 1908 et
344 1859 404 1908 iactu
418 1862 453 1908 est
465 1859 513 1908 lux.
528 1855 571 1906 Sed
584 1856 654 1907 simul
666 1858 719 1905 dum
731 1856 792 1906 luctu
804 1859 844 1906 est
853 1857 904 1920 lux,
916 1859 958 1907 dis

161 1926 231 1979 tinctu
242 1933 276 1978 est
291 1929 425 1992 tituenus,
436 1943 477 1993 per
490 1941 548 1992 quas
559 1928 716 1991 intelliguntur
732 1927 807 1990 angeli
827 1935 956 1992 peccantes.

162 1999 220 2062 Ergo
237 1999 260 2049 in
274 1999 347 2064 ummo
364 2000 459 2052 instanti
471 2013 518 2051 suae
533 2000 655 2050 creationis
670 1999 763 2063 quidem
779 2001 858 2064 angeli
870 2001 958 2052 lumuut

162 2073 236 2136 beati,
250 2075 273 2124 et
286 2073 377 2137 quidem
389 2075 548 2138 peccaverunt.

195 2149 218 2195 t.
236 2145 363 2206 Pretereu,
378 2150 497 2209 peccatum
523 2143 644 2209 opponitur
661 2143 750 2194 merito.
772 2144 818 2194 Sed
841 2143 867 2194 in
888 2145 958 2209 primo

162 2216 256 2267 instanti
269 2231 315 2268 sue
331 2215 451 2266 creationis
466 2217 540 2280 aliqua
556 2219 636 2265 nutura
649 2214 810 2264 intellectualis
826 2220 906 2278 potest
916 2229 958 2266 me

163 2288 217 2352 reri,
233 2287 292 2338 sicut
306 2288 381 2337 anima
395 2287 479 2340 Christi
491 2327 497 2347 ,
511 2289 548 2338 uel
560 2287 629 2337 etiam
641 2285 685 2350 iusi
697 2286 752 2336 boni
764 2285 852 2349 angeli.
867 2288 926 2350 Ergo
938 2290 959 2336 et

163 2359 277 2410 daemoms
290 2359 399 2424 imprimo
415 2359 509 2410 instanti
523 2373 570 2408 sue
583 2358 701 2409 mentionis
715 2361 840 2422 potuerunt
856 2371 957 2423 peccaro.

195 2434 217 2480 l.
235 2433 360 2494 preterea,
378 2435 459 2480 natura
478 2430 579 2493 angelica
603 2428 724 2479 virtuosior
738 2433 774 2478 est
795 2427 866 2492 quim
884 2435 960 2479 nutura

163 2515 278 2566 corporee.
289 2503 333 2552 Sed
345 2515 381 2553 res
391 2501 514 2566 corporalis
525 2501 602 2557 stetim
611 2501 635 2548 ln
648 2499 721 2563 primo
732 2499 830 2550 instanti
840 2514 887 2551 suae
899 2514 958 2550 crea-

162 2573 232 2624 tionis
244 2572 324 2638 incipit
337 2575 421 2624 hebere
439 2586 505 2622 suam
518 2572 688 2637 operationem,
703 2572 761 2621 slent
771 2572 833 2635 iguis
847 2572 873 2621 iu
889 2572 956 2637 prino

163 2644 256 2694 instanti
269 2658 314 2707 quio
330 2648 450 2707 generatus
470 2647 521 2706 est,
534 2643 616 2707 incipit
636 2644 724 2694 moveri
741 2657 842 2694 susum
862 2645 921 2707 Ergo
938 2646 957 2692 el

164 2715 258 2777 angelus
273 2712 297 2762 iu
313 2715 387 2778 primo
405 2715 501 2764 instanti
517 2729 564 2766 sue
578 2714 699 2765 creationis
713 2714 789 2778 potuit
801 2714 900 2778 operari.
918 2717 957 2764 lut

198 2837 227 2900 (l)
245 2841 278 2883 Ite
295 2840 331 2884 hio
346 2843 415 2888 etiarn
428 2843 452 2888 in
466 2845 503 2901 11,
517 2844 595 2893 Serri..
607 2843 662 2888 diat.
680 2843 709 2901 ἢ,
724 2855 766 2898 qu.
786 2843 816 2901 ἱ,
833 2849 879 2897 ant.
896 2843 924 2896 ῖς
938 2847 958 2887 et

161 2913 205 2956 qu.
215 2899 254 2956 td,
269 2899 297 2944 de
308 2903 378 2962 malo,
394 2911 438 2950 art.
448 2905 479 2959 t,
494 2907 613 2964 etloum,
624 2907 694 2965 vm,
709 2906 765 2951 loct.
779 2904 861 2965 tl,col.
875 2906 900 2951 e.
