<?xml version="1.0" encoding="UTF-8"?>
<!DOCTYPE html PUBLIC "-//W3C//DTD XHTML 1.0 Transitional//EN"
    "http://www.w3.org/TR/xhtml1/DTD/xhtml1-transitional.dtd">
<html xmlns="http://www.w3.org/1999/xhtml" xml:lang="en" lang="en">
 <head>
  <title>
</title>
<meta http-equiv="Content-Type" content="text/html;charset=utf-8" />
  <meta name='ocr-system' content='tesseract 3.04.00' />
  <meta name='ocr-capabilities' content='ocr_page ocr_carea ocr_par ocr_line ocrx_word'/>
</head>
<body>
  <div class='ocr_page' id='page_1' title='image "./summatheologica04nicogoog_0487.png"; bbox 0 0 1992 3342; ppageno 0'>
   <div class='ocr_carea' id='block_1_1' title="bbox 102 172 709 233">
    <p class='ocr_par' dir='ltr' id='par_1_1' title="bbox 102 172 709 233">
     <span class='ocr_line' id='line_1_1' title="bbox 102 172 709 233; baseline 0 -14"><span class='ocrx_word' id='word_1_1' title='bbox 102 172 147 219; x_wconf 64' lang='lat' dir='ltr'>tlt!</span> <span class='ocrx_word' id='word_1_2' title='bbox 287 184 348 221; x_wconf 65' lang='lat' dir='ltr'>em</span> <span class='ocrx_word' id='word_1_3' title='bbox 365 185 388 231; x_wconf 83' lang='lat' dir='ltr'>r,</span> <span class='ocrx_word' id='word_1_4' title='bbox 404 183 497 227; x_wconf 76' lang='lat' dir='ltr'>oum.</span> <span class='ocrx_word' id='word_1_5' title='bbox 515 184 581 233; x_wconf 78' lang='lat' dir='ltr'>xxxi,</span> <span class='ocrx_word' id='word_1_6' title='bbox 598 184 656 221; x_wconf 72' lang='lat' dir='ltr'>eur.</span> <span class='ocrx_word' id='word_1_7' title='bbox 673 184 709 222; x_wconf 84' lang='lat' dir='ltr'>rr.</span> 
     </span>
    </p>
   </div>
   <div class='ocr_carea' id='block_1_2' title="bbox 99 260 904 609">
    <p class='ocr_par' dir='ltr' id='par_1_2' title="bbox 100 260 897 395">
     <span class='ocr_line' id='line_1_2' title="bbox 101 260 897 326; baseline 0.008 -19"><span class='ocrx_word' id='word_1_8' title='bbox 101 260 169 309; x_wconf 84' lang='lat' dir='ltr'>Pater</span> <span class='ocrx_word' id='word_1_9' title='bbox 183 260 248 310; x_wconf 85' lang='lat' dir='ltr'>norit</span> <span class='ocrx_word' id='word_1_10' title='bbox 257 260 346 309; x_wconf 79' lang='lat' dir='ltr'>lilium.</span> <span class='ocrx_word' id='word_1_11' title='bbox 365 277 380 306; x_wconf 87' lang='lat' dir='ltr'>n</span> <span class='ocrx_word' id='word_1_12' title='bbox 395 260 440 310; x_wconf 79' lang='lat' dir='ltr'>Sed</span> <span class='ocrx_word' id='word_1_13' title='bbox 454 260 619 311; x_wconf 83' lang='lat' dir='ltr'>nosseFilium</span> <span class='ocrx_word' id='word_1_14' title='bbox 635 262 671 311; x_wconf 90' lang='lat' dir='ltr'>est</span> <span class='ocrx_word' id='word_1_15' title='bbox 682 273 805 312; x_wconf 86' lang='lat' dir='ltr'>commune</span> <span class='ocrx_word' id='word_1_16' title='bbox 821 275 827 310; x_wconf 91' lang='lat'>:</span> <span class='ocrx_word' id='word_1_17' title='bbox 843 275 897 326; x_wconf 71' lang='lat' dir='ltr'>ergo</span> 
     </span>
     <span class='ocr_line' id='line_1_3' title="bbox 100 329 315 395; baseline 0.005 -15"><span class='ocrx_word' id='word_1_18' title='bbox 100 329 162 380; x_wconf 90' lang='lat' dir='ltr'>idem</span> <span class='ocrx_word' id='word_1_19' title='bbox 172 332 233 394; x_wconf 90' lang='lat' dir='ltr'>quod</span> <span class='ocrx_word' id='word_1_20' title='bbox 243 331 315 395; x_wconf 86' lang='lat' dir='ltr'>priirs.</span> 
     </span>
    </p>

    <p class='ocr_par' dir='ltr' id='par_1_3' title="bbox 99 403 904 609">
     <span class='ocr_line' id='line_1_4' title="bbox 133 403 901 467; baseline 0.008 -16"><span class='ocrx_word' id='word_1_21' title='bbox 133 408 156 451; x_wconf 79' lang='lat'>3.</span> <span class='ocrx_word' id='word_1_22' title='bbox 170 406 298 465; x_wconf 76' lang='lat' dir='ltr'>Praeterea,</span> <span class='ocrx_word' id='word_1_23' title='bbox 309 403 379 454; x_wconf 89' lang='lat' dir='ltr'>dictio</span> <span class='ocrx_word' id='word_1_24' title='bbox 388 404 505 454; x_wconf 79' lang='lat' dir='ltr'>exclusiva</span> <span class='ocrx_word' id='word_1_25' title='bbox 517 418 563 455; x_wconf 83' lang='lat' dir='ltr'>uon</span> <span class='ocrx_word' id='word_1_26' title='bbox 576 403 675 453; x_wconf 78' lang='lat' dir='ltr'>excludit</span> <span class='ocrx_word' id='word_1_27' title='bbox 685 404 743 454; x_wconf 90' lang='lat' dir='ltr'>illud</span> <span class='ocrx_word' id='word_1_28' title='bbox 753 404 813 467; x_wconf 90' lang='lat' dir='ltr'>quod</span> <span class='ocrx_word' id='word_1_29' title='bbox 823 408 861 455; x_wconf 87' lang='lat' dir='ltr'>est</span> <span class='ocrx_word' id='word_1_30' title='bbox 871 406 901 457; x_wconf 85' lang='lat' dir='ltr'>de</span> 
     </span>
     <span class='ocr_line' id='line_1_5' title="bbox 100 473 901 540; baseline 0.002 -17"><span class='ocrx_word' id='word_1_31' title='bbox 100 473 218 524; x_wconf 86' lang='lat' dir='ltr'>intellectu</span> <span class='ocrx_word' id='word_1_32' title='bbox 229 475 322 525; x_wconf 82' lang='lat' dir='ltr'>termini</span> <span class='ocrx_word' id='word_1_33' title='bbox 334 476 373 525; x_wconf 88' lang='lat' dir='ltr'>cui</span> <span class='ocrx_word' id='word_1_34' title='bbox 384 475 531 540; x_wconf 73' lang='lat' dir='ltr'>adjungitur:</span> <span class='ocrx_word' id='word_1_35' title='bbox 547 475 607 525; x_wconf 86' lang='lat' dir='ltr'>unde</span> <span class='ocrx_word' id='word_1_36' title='bbox 621 488 668 527; x_wconf 87' lang='lat' dir='ltr'>nou</span> <span class='ocrx_word' id='word_1_37' title='bbox 679 475 780 525; x_wconf 81' lang='lat' dir='ltr'><strong>excludit</strong></span> <span class='ocrx_word' id='word_1_38' title='bbox 793 480 901 540; x_wconf 79' lang='lat' dir='ltr'>perlem,</span> 
     </span>
     <span class='ocr_line' id='line_1_6' title="bbox 99 546 904 609; baseline 0.005 -14"><span class='ocrx_word' id='word_1_39' title='bbox 99 558 173 609; x_wconf 83' lang='lat' dir='ltr'>neque</span> <span class='ocrx_word' id='word_1_40' title='bbox 189 547 329 597; x_wconf 80' lang='lat' dir='ltr'>uniuersale.</span> <span class='ocrx_word' id='word_1_41' title='bbox 343 549 394 598; x_wconf 91' lang='lat' dir='ltr'>Non</span> <span class='ocrx_word' id='word_1_42' title='bbox 411 548 474 597; x_wconf 83' lang='lat' dir='ltr'>erum</span> <span class='ocrx_word' id='word_1_43' title='bbox 492 546 596 609; x_wconf 79' lang='lat' dir='ltr'>sequitur</span> <span class='ocrx_word' id='word_1_44' title='bbox 611 562 616 594; x_wconf 92' lang='lat'>:</span> <span class='ocrx_word' id='word_1_45' title='bbox 633 546 727 597; x_wconf 75' lang='lat' dir='ltr'>«Solus</span> <span class='ocrx_word' id='word_1_46' title='bbox 744 548 851 599; x_wconf 78' lang='lat' dir='ltr'>Socrates</span> <span class='ocrx_word' id='word_1_47' title='bbox 866 554 904 599; x_wconf 84' lang='lat' dir='ltr'>est</span> 
     </span>
    </p>
   </div>
   <div class='ocr_carea' id='block_1_3' title="bbox 98 618 988 899">
    <p class='ocr_par' dir='ltr' id='par_1_4' title="bbox 98 618 988 899">
     <span class='ocr_line' id='line_1_7' title="bbox 100 618 988 683; baseline 0.007 -18"><span class='ocrx_word' id='word_1_48' title='bbox 100 618 180 680; x_wconf 79' lang='lat' dir='ltr'>ellus,</span> <span class='ocrx_word' id='word_1_49' title='bbox 190 633 244 681; x_wconf 73' lang='lat' dir='ltr'>ergo</span> <span class='ocrx_word' id='word_1_50' title='bbox 255 634 337 669; x_wconf 78' lang='lat' dir='ltr'>meniis</span> <span class='ocrx_word' id='word_1_51' title='bbox 346 620 397 683; x_wconf 80' lang='lat' dir='ltr'>ejus</span> <span class='ocrx_word' id='word_1_52' title='bbox 408 634 454 670; x_wconf 91' lang='lat' dir='ltr'>non</span> <span class='ocrx_word' id='word_1_53' title='bbox 465 623 500 670; x_wconf 89' lang='lat' dir='ltr'>est</span> <span class='ocrx_word' id='word_1_54' title='bbox 510 620 562 669; x_wconf 81' lang='lat' dir='ltr'>elba</span> <span class='ocrx_word' id='word_1_55' title='bbox 571 636 580 680; x_wconf 77' lang='lat'>·‚</span> <span class='ocrx_word' id='word_1_56' title='bbox 588 635 602 665; x_wconf 84' lang='lat' dir='ltr'>n</span> <span class='ocrx_word' id='word_1_57' title='bbox 613 619 651 667; x_wconf 86' lang='lat' dir='ltr'>vel</span> <span class='ocrx_word' id='word_1_58' title='bbox 662 632 692 667; x_wconf 68' lang='lat' dir='ltr'>n«</span> <span class='ocrx_word' id='word_1_59' title='bbox 702 620 760 681; x_wconf 80' lang='lat' dir='ltr'>Ergo</span> <span class='ocrx_word' id='word_1_60' title='bbox 771 620 844 669; x_wconf 84' lang='lat' dir='ltr'>homo</span> <span class='ocrx_word' id='word_1_61' title='bbox 852 634 902 671; x_wconf 83' lang='lat' dir='ltr'>non</span> <span class='ocrx_word' id='word_1_62' title='bbox 987 646 988 657; x_wconf 38' lang='grc' dir='ltr'><strong>ι</strong></span> 
     </span>
     <span class='ocr_line' id='line_1_8' title="bbox 99 689 905 755; baseline 0.007 -18"><span class='ocrx_word' id='word_1_63' title='bbox 99 690 246 740; x_wconf 80' lang='lat' dir='ltr'>estoldus.»</span> <span class='ocrx_word' id='word_1_64' title='bbox 261 692 306 741; x_wconf 89' lang='lat' dir='ltr'>Sed</span> <span class='ocrx_word' id='word_1_65' title='bbox 315 706 363 741; x_wconf 81' lang='lat' dir='ltr'>uua</span> <span class='ocrx_word' id='word_1_66' title='bbox 379 705 476 755; x_wconf 80' lang='lat' dir='ltr'>persone</span> <span class='ocrx_word' id='word_1_67' title='bbox 487 694 523 741; x_wconf 87' lang='lat' dir='ltr'>est</span> <span class='ocrx_word' id='word_1_68' title='bbox 536 691 560 739; x_wconf 92' lang='lat' dir='ltr'>iu</span> <span class='ocrx_word' id='word_1_69' title='bbox 577 689 694 739; x_wconf 87' lang='lat' dir='ltr'>intellectu</span> <span class='ocrx_word' id='word_1_70' title='bbox 712 689 823 753; x_wconf 83' lang='lat' dir='ltr'>ulterius,</span> <span class='ocrx_word' id='word_1_71' title='bbox 838 692 905 743; x_wconf 88' lang='lat' dir='ltr'>sicut</span> 
     </span>
     <span class='ocr_line' id='line_1_9' title="bbox 98 756 988 826; baseline 0.004 -17"><span class='ocrx_word' id='word_1_72' title='bbox 98 760 167 810; x_wconf 82' lang='lat' dir='ltr'>Peter</span> <span class='ocrx_word' id='word_1_73' title='bbox 176 761 201 809; x_wconf 89' lang='lat' dir='ltr'>in</span> <span class='ocrx_word' id='word_1_74' title='bbox 209 762 328 813; x_wconf 86' lang='lat' dir='ltr'>intellectu</span> <span class='ocrx_word' id='word_1_75' title='bbox 339 762 404 825; x_wconf 82' lang='lat' dir='ltr'>Filii,</span> <span class='ocrx_word' id='word_1_76' title='bbox 415 767 438 811; x_wconf 91' lang='grc' dir='ltr'><strong>ει</strong></span> <span class='ocrx_word' id='word_1_77' title='bbox 448 760 461 811; x_wconf 79' lang='lat' dir='ltr'>d</span> <span class='ocrx_word' id='word_1_78' title='bbox 470 775 597 813; x_wconf 79' lang='lat' dir='ltr'>conuerso:</span> <span class='ocrx_word' id='word_1_79' title='bbox 610 774 657 813; x_wconf 91' lang='lat' dir='ltr'>uou</span> <span class='ocrx_word' id='word_1_80' title='bbox 668 774 722 820; x_wconf 69' lang='lat' dir='ltr'>crgo</span> <span class='ocrx_word' id='word_1_81' title='bbox 733 774 774 824; x_wconf 85' lang='lat' dir='ltr'>per</span> <span class='ocrx_word' id='word_1_82' title='bbox 780 762 826 811; x_wconf 82' lang='lat' dir='ltr'>hoc</span> <span class='ocrx_word' id='word_1_83' title='bbox 839 764 903 826; x_wconf 87' lang='lat' dir='ltr'>quod</span> <span class='ocrx_word' id='word_1_84' title='bbox 987 756 988 825; x_wconf 58' lang='lat' dir='ltr'>l</span> 
     </span>
     <span class='ocr_line' id='line_1_10' title="bbox 99 829 905 899; baseline 0.003 -20"><span class='ocrx_word' id='word_1_85' title='bbox 99 829 180 881; x_wconf 83' lang='lat' dir='ltr'>dicitnr</span> <span class='ocrx_word' id='word_1_86' title='bbox 193 849 197 881; x_wconf 93' lang='lat'>:</span> <span class='ocrx_word' id='word_1_87' title='bbox 212 851 226 881; x_wconf 87' lang='lat' dir='ltr'>n</span> <span class='ocrx_word' id='word_1_88' title='bbox 238 836 304 884; x_wconf 88' lang='lat' dir='ltr'>Solus</span> <span class='ocrx_word' id='word_1_89' title='bbox 322 837 390 885; x_wconf 84' lang='lat' dir='ltr'>Pater</span> <span class='ocrx_word' id='word_1_90' title='bbox 403 838 439 883; x_wconf 89' lang='lat' dir='ltr'>est</span> <span class='ocrx_word' id='word_1_91' title='bbox 451 836 527 895; x_wconf 85' lang='lat' dir='ltr'>Deus,</span> <span class='ocrx_word' id='word_1_92' title='bbox 538 850 552 879; x_wconf 87' lang='lat' dir='ltr'>n</span> <span class='ocrx_word' id='word_1_93' title='bbox 563 832 694 891; x_wconf 72' lang='lat' dir='ltr'>excluditur</span> <span class='ocrx_word' id='word_1_94' title='bbox 707 832 778 883; x_wconf 87' lang='lat' dir='ltr'>lilius</span> <span class='ocrx_word' id='word_1_95' title='bbox 793 834 831 884; x_wconf 86' lang='lat' dir='ltr'>rel</span> <span class='ocrx_word' id='word_1_96' title='bbox 848 835 905 899; x_wconf 88' lang='lat' dir='ltr'>Spi-</span> 
     </span>
    </p>
   </div>
   <div class='ocr_carea' id='block_1_4' title="bbox 99 902 905 1183">
    <p class='ocr_par' dir='ltr' id='par_1_5' title="bbox 99 902 905 1183">
     <span class='ocr_line' id='line_1_11' title="bbox 99 902 756 969; baseline 0.003 -18"><span class='ocrx_word' id='word_1_97' title='bbox 99 902 157 953; x_wconf 90' lang='lat' dir='ltr'>ritus</span> <span class='ocrx_word' id='word_1_98' title='bbox 167 910 273 969; x_wconf 79' lang='lat' dir='ltr'>sanctus3</span> <span class='ocrx_word' id='word_1_99' title='bbox 288 910 311 956; x_wconf 92' lang='lat' dir='ltr'>et</span> <span class='ocrx_word' id='word_1_100' title='bbox 324 907 358 957; x_wconf 83' lang='lat' dir='ltr'>rie</span> <span class='ocrx_word' id='word_1_101' title='bbox 371 906 461 956; x_wconf 85' lang='lat' dir='ltr'>ridetur</span> <span class='ocrx_word' id='word_1_102' title='bbox 471 906 521 955; x_wconf 79' lang='lat' dir='ltr'>limo</span> <span class='ocrx_word' id='word_1_103' title='bbox 532 904 616 956; x_wconf 70' lang='lat' dir='ltr'>mundo</span> <span class='ocrx_word' id='word_1_104' title='bbox 627 918 680 955; x_wconf 88' lang='lat' dir='ltr'>esse</span> <span class='ocrx_word' id='word_1_105' title='bbox 691 918 756 955; x_wconf 85' lang='lat' dir='ltr'>uera.</span> 
     </span>
     <span class='ocr_line' id='line_1_12' title="bbox 132 976 905 1056; baseline 0.009 -32"><span class='ocrx_word' id='word_1_106' title='bbox 132 979 155 1056; x_wconf 75' lang='lat' dir='ltr'>t.</span> <span class='ocrx_word' id='word_1_107' title='bbox 164 977 286 1042; x_wconf 71' lang='lat' dir='ltr'>eradens,</span> <span class='ocrx_word' id='word_1_108' title='bbox 295 980 324 1029; x_wconf 75' lang='lat' dir='ltr'>tls</span> <span class='ocrx_word' id='word_1_109' title='bbox 335 978 437 1029; x_wconf 76' lang='lat' dir='ltr'>Ecclesia</span> <span class='ocrx_word' id='word_1_110' title='bbox 443 981 560 1028; x_wconf 76' lang='lat' dir='ltr'>cantetur:</span> <span class='ocrx_word' id='word_1_111' title='bbox 572 995 585 1026; x_wconf 86' lang='lat' dir='ltr'>n</span> <span class='ocrx_word' id='word_1_112' title='bbox 593 976 693 1027; x_wconf 86' lang='lat' dir='ltr'>Tusolus</span> <span class='ocrx_word' id='word_1_113' title='bbox 703 976 834 1029; x_wconf 79' lang='lat' dir='ltr'>tltissimus</span> <span class='ocrx_word' id='word_1_114' title='bbox 844 982 905 1031; x_wconf 82' lang='lat' dir='ltr'>lesu</span> 
     </span>
     <span class='ocr_line' id='line_1_13' title="bbox 99 1047 904 1183; baseline 0.009 -15"><span class='ocrx_word' id='word_1_115' title='bbox 99 1047 282 1183; x_wconf 47' lang='lat' dir='ltr'>OEffsffrieocntm,</span> <span class='ocrx_word' id='word_1_116' title='bbox 298 1123 348 1171; x_wconf 71' lang='lat' dir='ltr'>hec</span> <span class='ocrx_word' id='word_1_117' title='bbox 358 1121 458 1171; x_wconf 77' lang='lat' dir='ltr'>tornutio:</span> <span class='ocrx_word' id='word_1_118' title='bbox 475 1120 783 1183; x_wconf 65' lang='lat' dir='ltr'>«strennuissimus,</span> <span class='ocrx_word' id='word_1_119' title='bbox 798 1138 813 1169; x_wconf 80' lang='lat' dir='ltr'>n</span> <span class='ocrx_word' id='word_1_120' title='bbox 829 1123 904 1175; x_wconf 80' lang='lat' dir='ltr'>hebel</span> 
     </span>
    </p>
   </div>
   <div class='ocr_carea' id='block_1_5' title="bbox 99 1189 988 1256">
    <p class='ocr_par' dir='ltr' id='par_1_6' title="bbox 99 1189 988 1256">
     <span class='ocr_line' id='line_1_14' title="bbox 99 1189 988 1256; baseline 0.01 -18"><span class='ocrx_word' id='word_1_121' title='bbox 99 1189 155 1239; x_wconf 81' lang='lat' dir='ltr'>dues</span> <span class='ocrx_word' id='word_1_122' title='bbox 163 1192 318 1256; x_wconf 67' lang='lat' dir='ltr'>expositum,</span> <span class='ocrx_word' id='word_1_123' title='bbox 328 1192 416 1243; x_wconf 79' lang='lat' dir='ltr'>scilicet</span> <span class='ocrx_word' id='word_1_124' title='bbox 430 1209 435 1241; x_wconf 91' lang='lat'><strong>:</strong></span> <span class='ocrx_word' id='word_1_125' title='bbox 452 1194 546 1243; x_wconf 76' lang='lat' dir='ltr'>«Peter</span> <span class='ocrx_word' id='word_1_126' title='bbox 558 1196 594 1243; x_wconf 97' lang='grc' dir='ltr'>εει</span> <span class='ocrx_word' id='word_1_127' title='bbox 606 1194 682 1255; x_wconf 80' lang='lat' dir='ltr'>oeus,</span> <span class='ocrx_word' id='word_1_128' title='bbox 695 1196 718 1242; x_wconf 91' lang='lat' dir='ltr'>et</span> <span class='ocrx_word' id='word_1_129' title='bbox 729 1192 807 1243; x_wconf 83' lang='lat' dir='ltr'>nnuns</span> <span class='ocrx_word' id='word_1_130' title='bbox 818 1193 904 1246; x_wconf 75' lang='lat' dir='ltr'>alliud</span> <span class='ocrx_word' id='word_1_131' title='bbox 987 1234 988 1255; x_wconf 40' lang='lat' dir='ltr'>p</span> 
     </span>
    </p>
   </div>
   <div class='ocr_carea' id='block_1_6' title="bbox 98 1262 904 1327">
    <p class='ocr_par' dir='ltr' id='par_1_7' title="bbox 98 1262 904 1327">
     <span class='ocr_line' id='line_1_15' title="bbox 98 1262 904 1327; baseline 0.009 -17"><span class='ocrx_word' id='word_1_132' title='bbox 98 1262 166 1312; x_wconf 86' lang='lat' dir='ltr'>Patre</span> <span class='ocrx_word' id='word_1_133' title='bbox 178 1267 215 1313; x_wconf 90' lang='grc' dir='ltr'>εει</span> <span class='ocrx_word' id='word_1_134' title='bbox 226 1266 295 1315; x_wconf 85' lang='lat' dir='ltr'>Deus.</span> <span class='ocrx_word' id='word_1_135' title='bbox 307 1282 322 1311; x_wconf 77' lang='lat' dir='ltr'>n</span> <span class='ocrx_word' id='word_1_136' title='bbox 336 1265 382 1314; x_wconf 87' lang='lat' dir='ltr'>Sed</span> <span class='ocrx_word' id='word_1_137' title='bbox 391 1267 442 1315; x_wconf 76' lang='lat' dir='ltr'>huo</span> <span class='ocrx_word' id='word_1_138' title='bbox 454 1264 555 1314; x_wconf 81' lang='lat' dir='ltr'>secunde</span> <span class='ocrx_word' id='word_1_139' title='bbox 564 1266 599 1313; x_wconf 88' lang='lat' dir='ltr'>est</span> <span class='ocrx_word' id='word_1_140' title='bbox 610 1262 680 1325; x_wconf 76' lang='lat' dir='ltr'>falsu,</span> <span class='ocrx_word' id='word_1_141' title='bbox 690 1263 745 1327; x_wconf 81' lang='lat' dir='ltr'>quia</span> <span class='ocrx_word' id='word_1_142' title='bbox 755 1262 827 1313; x_wconf 86' lang='lat' dir='ltr'>lilius</span> <span class='ocrx_word' id='word_1_143' title='bbox 841 1266 904 1317; x_wconf 82' lang='lat' dir='ltr'>elius</span> 
     </span>
    </p>
   </div>
   <div class='ocr_carea' id='block_1_7' title="bbox 98 1324 988 1411">
    <p class='ocr_par' dir='ltr' id='par_1_8' title="bbox 98 1324 988 1411">
     <span class='ocr_line' id='line_1_16' title="bbox 98 1324 988 1411; baseline 0.009 -30"><span class='ocrx_word' id='word_1_144' title='bbox 98 1336 135 1383; x_wconf 83' lang='lat' dir='ltr'>est</span> <span class='ocrx_word' id='word_1_145' title='bbox 146 1347 160 1383; x_wconf 84' lang='lat' dir='ltr'>a</span> <span class='ocrx_word' id='word_1_146' title='bbox 173 1324 240 1385; x_wconf 80' lang='lat' dir='ltr'>Putre</span> <span class='ocrx_word' id='word_1_147' title='bbox 246 1373 255 1399; x_wconf 84' lang='lat'><em>,</em></span> <span class='ocrx_word' id='word_1_148' title='bbox 269 1336 310 1400; x_wconf 81' lang='lat' dir='ltr'>qui</span> <span class='ocrx_word' id='word_1_149' title='bbox 322 1339 359 1387; x_wconf 90' lang='lat' dir='ltr'>est</span> <span class='ocrx_word' id='word_1_150' title='bbox 367 1338 435 1387; x_wconf 77' lang='lat' dir='ltr'>Deus.</span> <span class='ocrx_word' id='word_1_151' title='bbox 449 1336 510 1398; x_wconf 74' lang='lat' dir='ltr'>llrgo</span> <span class='ocrx_word' id='word_1_152' title='bbox 523 1336 573 1385; x_wconf 81' lang='lat' dir='ltr'>hnc</span> <span class='ocrx_word' id='word_1_153' title='bbox 585 1338 621 1385; x_wconf 91' lang='lat' dir='ltr'>est</span> <span class='ocrx_word' id='word_1_154' title='bbox 633 1334 706 1385; x_wconf 82' lang='lat' dir='ltr'>telsa:</span> <span class='ocrx_word' id='word_1_155' title='bbox 724 1334 817 1387; x_wconf 83' lang='lat' dir='ltr'>«Solus</span> <span class='ocrx_word' id='word_1_156' title='bbox 831 1337 903 1389; x_wconf 79' lang='lat' dir='ltr'>Pater</span> <span class='ocrx_word' id='word_1_157' title='bbox 987 1350 988 1411; x_wconf 46' lang='grc' dir='ltr'>ξ</span> 
     </span>
    </p>
   </div>
   <div class='ocr_carea' id='block_1_8' title="bbox 98 1408 509 1471">
    <p class='ocr_par' dir='ltr' id='par_1_9' title="bbox 98 1408 509 1471">
     <span class='ocr_line' id='line_1_17' title="bbox 98 1408 509 1471; baseline 0.005 -16"><span class='ocrx_word' id='word_1_158' title='bbox 98 1408 135 1455; x_wconf 83' lang='grc' dir='ltr'>εει</span> <span class='ocrx_word' id='word_1_159' title='bbox 148 1408 222 1471; x_wconf 72' lang='lat' dir='ltr'>Deus,</span> <span class='ocrx_word' id='word_1_160' title='bbox 236 1425 250 1454; x_wconf 87' lang='lat' dir='ltr'>n</span> <span class='ocrx_word' id='word_1_161' title='bbox 264 1413 288 1457; x_wconf 91' lang='lat' dir='ltr'>et</span> <span class='ocrx_word' id='word_1_162' title='bbox 301 1408 334 1457; x_wconf 87' lang='lat' dir='ltr'>sic</span> <span class='ocrx_word' id='word_1_163' title='bbox 344 1409 372 1457; x_wconf 85' lang='lat' dir='ltr'>de</span> <span class='ocrx_word' id='word_1_164' title='bbox 388 1408 509 1459; x_wconf 75' lang='lat' dir='ltr'>similibus,</span> 
     </span>
    </p>
   </div>
   <div class='ocr_carea' id='block_1_9' title="bbox 132 1460 988 1540">
    <p class='ocr_par' dir='ltr' id='par_1_10' title="bbox 132 1460 988 1540">
     <span class='ocr_line' id='line_1_18' title="bbox 132 1460 988 1540; baseline 0.005 -13"><span class='ocrx_word' id='word_1_165' title='bbox 132 1478 287 1538; x_wconf 81' lang='lat' dir='ltr'>(Concunsro.</span> <span class='ocrx_word' id='word_1_166' title='bbox 303 1506 334 1517; x_wconf 87' lang='lat'>-</span> <span class='ocrx_word' id='word_1_167' title='bbox 346 1478 419 1529; x_wconf 86' lang='lat' dir='ltr'>Dictio</span> <span class='ocrx_word' id='word_1_168' title='bbox 437 1478 554 1531; x_wconf 74' lang='lat' dir='ltr'>exclusive</span> <span class='ocrx_word' id='word_1_169' title='bbox 575 1490 622 1529; x_wconf 90' lang='lat' dir='ltr'>non</span> <span class='ocrx_word' id='word_1_170' title='bbox 640 1476 773 1540; x_wconf 78' lang='lat' dir='ltr'>adjungitur</span> <span class='ocrx_word' id='word_1_171' title='bbox 793 1480 904 1531; x_wconf 85' lang='lat' dir='ltr'>terminis</span> <span class='ocrx_word' id='word_1_172' title='bbox 987 1460 988 1477; x_wconf 46' lang='lat'>³</span> 
     </span>
    </p>
   </div>
   <div class='ocr_carea' id='block_1_10' title="bbox 98 1547 905 1685">
    <p class='ocr_par' dir='ltr' id='par_1_11' title="bbox 98 1547 905 1685">
     <span class='ocr_line' id='line_1_19' title="bbox 98 1547 674 1614; baseline 0 -17"><span class='ocrx_word' id='word_1_173' title='bbox 98 1550 254 1610; x_wconf 82' lang='lat' dir='ltr'>personalibus</span> <span class='ocrx_word' id='word_1_174' title='bbox 267 1554 375 1613; x_wconf 83' lang='lat' dir='ltr'>respectu</span> <span class='ocrx_word' id='word_1_175' title='bbox 391 1550 508 1614; x_wconf 66' lang='lat' dir='ltr'>praedicati</span> <span class='ocrx_word' id='word_1_176' title='bbox 520 1547 674 1610; x_wconf 87' lang='lat' dir='ltr'>communis.)</span> 
     </span>
     <span class='ocr_line' id='line_1_20' title="bbox 129 1620 905 1685; baseline 0.006 -16"><span class='ocrx_word' id='word_1_177' title='bbox 129 1622 265 1685; x_wconf 85' lang='lat' dir='ltr'>Respondeo</span> <span class='ocrx_word' id='word_1_178' title='bbox 280 1622 411 1683; x_wconf 84' lang='lat' dir='ltr'>dicendum,</span> <span class='ocrx_word' id='word_1_179' title='bbox 422 1620 483 1685; x_wconf 76' lang='lat' dir='ltr'>quod</span> <span class='ocrx_word' id='word_1_180' title='bbox 493 1620 546 1671; x_wconf 81' lang='lat' dir='ltr'>oium</span> <span class='ocrx_word' id='word_1_181' title='bbox 557 1620 653 1671; x_wconf 85' lang='lat' dir='ltr'>dicimus</span> <span class='ocrx_word' id='word_1_182' title='bbox 664 1636 669 1669; x_wconf 92' lang='lat'>:</span> <span class='ocrx_word' id='word_1_183' title='bbox 682 1637 696 1668; x_wconf 82' lang='lat' dir='ltr'>n</span> <span class='ocrx_word' id='word_1_184' title='bbox 707 1620 772 1670; x_wconf 89' lang='lat' dir='ltr'>Solus</span> <span class='ocrx_word' id='word_1_185' title='bbox 784 1621 856 1671; x_wconf 84' lang='lat' dir='ltr'>Pater</span> <span class='ocrx_word' id='word_1_186' title='bbox 867 1627 905 1674; x_wconf 89' lang='lat' dir='ltr'>est</span> 
     </span>
    </p>
   </div>
   <div class='ocr_carea' id='block_1_11' title="bbox 98 1686 988 1758">
    <p class='ocr_par' dir='ltr' id='par_1_12' title="bbox 98 1686 988 1758">
     <span class='ocr_line' id='line_1_21' title="bbox 98 1686 988 1758; baseline 0.004 -17"><span class='ocrx_word' id='word_1_187' title='bbox 98 1693 166 1755; x_wconf 82' lang='lat' dir='ltr'>Deus,</span> <span class='ocrx_word' id='word_1_188' title='bbox 174 1710 188 1738; x_wconf 84' lang='lat' dir='ltr'>n</span> <span class='ocrx_word' id='word_1_189' title='bbox 200 1694 250 1743; x_wconf 85' lang='lat' dir='ltr'>lraec</span> <span class='ocrx_word' id='word_1_190' title='bbox 260 1694 383 1758; x_wconf 81' lang='lat' dir='ltr'>propositio</span> <span class='ocrx_word' id='word_1_191' title='bbox 394 1696 469 1758; x_wconf 87' lang='lat' dir='ltr'>potest</span> <span class='ocrx_word' id='word_1_192' title='bbox 482 1694 566 1743; x_wconf 74' lang='lat' dir='ltr'>hahere</span> <span class='ocrx_word' id='word_1_193' title='bbox 581 1692 733 1755; x_wconf 89' lang='lat' dir='ltr'>multiplicem</span> <span class='ocrx_word' id='word_1_194' title='bbox 743 1692 903 1745; x_wconf 86' lang='lat' dir='ltr'>intellectum.</span> <span class='ocrx_word' id='word_1_195' title='bbox 987 1686 988 1745; x_wconf 79' lang='lat' dir='ltr'>l</span> 
     </span>
    </p>
   </div>
   <div class='ocr_carea' id='block_1_12' title="bbox 98 1762 906 1902">
    <p class='ocr_par' dir='ltr' id='par_1_13' title="bbox 98 1762 906 1902">
     <span class='ocr_line' id='line_1_22' title="bbox 98 1762 906 1829; baseline 0.007 -18"><span class='ocrx_word' id='word_1_196' title='bbox 98 1762 123 1811; x_wconf 89' lang='lat' dir='ltr'>Si</span> <span class='ocrx_word' id='word_1_197' title='bbox 133 1763 195 1812; x_wconf 88' lang='lat' dir='ltr'>enim</span> <span class='ocrx_word' id='word_1_198' title='bbox 203 1764 272 1813; x_wconf 82' lang='lat' dir='ltr'>solus</span> <span class='ocrx_word' id='word_1_199' title='bbox 281 1769 351 1829; x_wconf 86' lang='lat' dir='ltr'>ponat</span> <span class='ocrx_word' id='word_1_200' title='bbox 362 1765 506 1815; x_wconf 79' lang='lat' dir='ltr'>solitudinem</span> <span class='ocrx_word' id='word_1_201' title='bbox 516 1764 576 1814; x_wconf 83' lang='lat' dir='ltr'>circu</span> <span class='ocrx_word' id='word_1_202' title='bbox 586 1766 679 1813; x_wconf 83' lang='lat' dir='ltr'>Putrem</span> <span class='ocrx_word' id='word_1_203' title='bbox 684 1800 693 1826; x_wconf 87' lang='lat'><strong><em>,</em></strong></span> <span class='ocrx_word' id='word_1_204' title='bbox 706 1762 739 1812; x_wconf 88' lang='lat' dir='ltr'>sic</span> <span class='ocrx_word' id='word_1_205' title='bbox 750 1767 785 1813; x_wconf 89' lang='lat' dir='ltr'>est</span> <span class='ocrx_word' id='word_1_206' title='bbox 795 1763 855 1814; x_wconf 79' lang='lat' dir='ltr'>false</span> <span class='ocrx_word' id='word_1_207' title='bbox 866 1780 906 1817; x_wconf 89' lang='lat' dir='ltr'>se-</span> 
     </span>
     <span class='ocr_line' id='line_1_23' title="bbox 98 1828 905 1902; baseline 0.006 -19"><span class='ocrx_word' id='word_1_208' title='bbox 98 1828 199 1885; x_wconf 82' lang='lat' dir='ltr'>cundirm</span> <span class='ocrx_word' id='word_1_209' title='bbox 214 1834 275 1899; x_wconf 86' lang='lat' dir='ltr'>qudd</span> <span class='ocrx_word' id='word_1_210' title='bbox 286 1836 384 1902; x_wconf 85' lang='lat' dir='ltr'>sumitur</span> <span class='ocrx_word' id='word_1_211' title='bbox 394 1834 612 1901; x_wconf 76' lang='lat' dir='ltr'>coleporenrotied.</span> <span class='ocrx_word' id='word_1_212' title='bbox 627 1833 756 1884; x_wconf 78' lang='lat' dir='ltr'>Secundum</span> <span class='ocrx_word' id='word_1_213' title='bbox 770 1833 827 1884; x_wconf 82' lang='lat' dir='ltr'>vend</span> <span class='ocrx_word' id='word_1_214' title='bbox 841 1836 905 1900; x_wconf 87' lang='lat' dir='ltr'>qudd</span> 
     </span>
    </p>
   </div>
   <div class='ocr_carea' id='block_1_13' title="bbox 97 1906 988 1973">
    <p class='ocr_par' dir='ltr' id='par_1_14' title="bbox 97 1906 988 1973">
     <span class='ocr_line' id='line_1_24' title="bbox 97 1906 988 1973; baseline 0 -18"><span class='ocrx_word' id='word_1_215' title='bbox 97 1906 194 1957; x_wconf 81' lang='lat' dir='ltr'>sumitur</span> <span class='ocrx_word' id='word_1_216' title='bbox 207 1911 473 1973; x_wconf 77' lang='lat' dir='ltr'>spncuteporemntr&#39;cd,</span> <span class='ocrx_word' id='word_1_217' title='bbox 484 1908 518 1959; x_wconf 91' lang='lat' dir='ltr'>sic</span> <span class='ocrx_word' id='word_1_218' title='bbox 530 1907 614 1958; x_wconf 91' lang='lat' dir='ltr'>iterum</span> <span class='ocrx_word' id='word_1_219' title='bbox 626 1909 702 1971; x_wconf 73' lang='lat' dir='ltr'>protest</span> <span class='ocrx_word' id='word_1_220' title='bbox 712 1906 812 1970; x_wconf 84' lang='lat' dir='ltr'>intelligi</span> <span class='ocrx_word' id='word_1_221' title='bbox 823 1910 905 1959; x_wconf 91' lang='lat' dir='ltr'>multi-</span> <span class='ocrx_word' id='word_1_222' title='bbox 987 1928 988 1955; x_wconf 70' lang='lat' dir='ltr'>r</span> 
     </span>
    </p>
   </div>
   <div class='ocr_carea' id='block_1_14' title="bbox 96 1971 988 2192">
    <p class='ocr_par' dir='ltr' id='par_1_15' title="bbox 96 1971 988 2192">
     <span class='ocr_line' id='line_1_25' title="bbox 96 1971 988 2043; baseline 0.006 -15"><span class='ocrx_word' id='word_1_223' title='bbox 96 1978 194 2043; x_wconf 82' lang='lat' dir='ltr'>pliciter.</span> <span class='ocrx_word' id='word_1_224' title='bbox 208 1981 264 2041; x_wconf 84' lang='lat' dir='ltr'>Quia</span> <span class='ocrx_word' id='word_1_225' title='bbox 276 1980 296 2031; x_wconf 91' lang='lat' dir='ltr'>si</span> <span class='ocrx_word' id='word_1_226' title='bbox 309 1982 413 2032; x_wconf 79' lang='lat' dir='ltr'>excludat</span> <span class='ocrx_word' id='word_1_227' title='bbox 424 1980 438 2030; x_wconf 78' lang='lat' dir='ltr'>d</span> <span class='ocrx_word' id='word_1_228' title='bbox 449 1980 521 2031; x_wconf 80' lang='lat' dir='ltr'>formu</span> <span class='ocrx_word' id='word_1_229' title='bbox 536 1978 648 2042; x_wconf 78' lang='lat' dir='ltr'>subjecti,</span> <span class='ocrx_word' id='word_1_230' title='bbox 660 1978 693 2029; x_wconf 90' lang='lat' dir='ltr'>sic</span> <span class='ocrx_word' id='word_1_231' title='bbox 703 1982 739 2029; x_wconf 89' lang='lat' dir='ltr'>est</span> <span class='ocrx_word' id='word_1_232' title='bbox 752 1992 822 2043; x_wconf 80' lang='lat' dir='ltr'>vera3</span> <span class='ocrx_word' id='word_1_233' title='bbox 834 1984 861 2030; x_wconf 91' lang='lat' dir='ltr'>ut</span> <span class='ocrx_word' id='word_1_234' title='bbox 873 1982 905 2033; x_wconf 86' lang='lat' dir='ltr'>sit</span> <span class='ocrx_word' id='word_1_235' title='bbox 987 1971 988 2011; x_wconf 83' lang='lat' dir='ltr'>l</span> 
     </span>
     <span class='ocr_line' id='line_1_26' title="bbox 97 2050 988 2127; baseline 0.003 -26"><span class='ocrx_word' id='word_1_236' title='bbox 97 2066 180 2103; x_wconf 90' lang='lat' dir='ltr'>seusus</span> <span class='ocrx_word' id='word_1_237' title='bbox 193 2069 197 2101; x_wconf 92' lang='lat'>:</span> <span class='ocrx_word' id='word_1_238' title='bbox 211 2072 225 2102; x_wconf 83' lang='lat' dir='ltr'>n</span> <span class='ocrx_word' id='word_1_239' title='bbox 233 2054 301 2105; x_wconf 90' lang='lat' dir='ltr'>Solus</span> <span class='ocrx_word' id='word_1_240' title='bbox 311 2056 380 2103; x_wconf 86' lang='lat' dir='ltr'>Peter</span> <span class='ocrx_word' id='word_1_241' title='bbox 388 2057 423 2104; x_wconf 88' lang='grc' dir='ltr'>εει</span> <span class='ocrx_word' id='word_1_242' title='bbox 431 2055 499 2117; x_wconf 78' lang='lat' dir='ltr'>licus,</span> <span class='ocrx_word' id='word_1_243' title='bbox 510 2052 604 2101; x_wconf 88' lang='lat' dir='ltr'>»idest</span> <span class='ocrx_word' id='word_1_244' title='bbox 616 2066 622 2099; x_wconf 88' lang='lat'>:</span> <span class='ocrx_word' id='word_1_245' title='bbox 635 2068 649 2099; x_wconf 83' lang='lat' dir='ltr'>n</span> <span class='ocrx_word' id='word_1_246' title='bbox 658 2050 812 2115; x_wconf 86' lang='lat' dir='ltr'>lllecumquo</span> <span class='ocrx_word' id='word_1_247' title='bbox 823 2054 903 2105; x_wconf 87' lang='lat' dir='ltr'>nullus</span> <span class='ocrx_word' id='word_1_248' title='bbox 987 2092 988 2127; x_wconf 41' lang='lat' dir='ltr'>p</span> 
     </span>
     <span class='ocr_line' id='line_1_27' title="bbox 96 2120 988 2192; baseline 0.001 -19"><span class='ocrx_word' id='word_1_249' title='bbox 96 2123 155 2173; x_wconf 82' lang='lat' dir='ltr'>alins</span> <span class='ocrx_word' id='word_1_250' title='bbox 167 2128 202 2175; x_wconf 88' lang='grc' dir='ltr'>εει</span> <span class='ocrx_word' id='word_1_251' title='bbox 213 2129 288 2191; x_wconf 82' lang='lat' dir='ltr'>pater,</span> <span class='ocrx_word' id='word_1_252' title='bbox 300 2128 335 2175; x_wconf 88' lang='grc' dir='ltr'>εει</span> <span class='ocrx_word' id='word_1_253' title='bbox 344 2126 417 2189; x_wconf 80' lang='lat' dir='ltr'>lteus3</span> <span class='ocrx_word' id='word_1_254' title='bbox 432 2142 446 2171; x_wconf 84' lang='lat' dir='ltr'>n</span> <span class='ocrx_word' id='word_1_255' title='bbox 460 2128 484 2174; x_wconf 92' lang='grc' dir='ltr'><strong>ει</strong></span> <span class='ocrx_word' id='word_1_256' title='bbox 494 2124 539 2175; x_wconf 85' lang='lat' dir='ltr'>hoc</span> <span class='ocrx_word' id='word_1_257' title='bbox 554 2122 621 2173; x_wconf 91' lang='lat' dir='ltr'>modo</span> <span class='ocrx_word' id='word_1_258' title='bbox 635 2120 728 2189; x_wconf 81' lang='lat' dir='ltr'>exponit</span> <span class='ocrx_word' id='word_1_259' title='bbox 741 2123 902 2192; x_wconf 71' lang='lat' dir='ltr'>Augustinus,</span> <span class='ocrx_word' id='word_1_260' title='bbox 987 2128 988 2143; x_wconf 68' lang='lat'>³</span> 
     </span>
    </p>
   </div>
   <div class='ocr_carea' id='block_1_15' title="bbox 95 2192 904 2405">
    <p class='ocr_par' dir='ltr' id='par_1_16' title="bbox 95 2192 904 2405">
     <span class='ocr_line' id='line_1_28' title="bbox 95 2192 902 2261; baseline 0.005 -19"><span class='ocrx_word' id='word_1_261' title='bbox 95 2192 120 2243; x_wconf 88' lang='lat' dir='ltr'>in</span> <span class='ocrx_word' id='word_1_262' title='bbox 132 2196 170 2243; x_wconf 83' lang='lat' dir='ltr'>vl.</span> <span class='ocrx_word' id='word_1_263' title='bbox 185 2196 217 2245; x_wconf 83' lang='lat' dir='ltr'>de</span> <span class='ocrx_word' id='word_1_264' title='bbox 232 2199 312 2254; x_wconf 72' lang='lat' dir='ltr'>Tru&#39;n„</span> <span class='ocrx_word' id='word_1_265' title='bbox 321 2211 371 2261; x_wconf 83' lang='lat' dir='ltr'>cap.</span> <span class='ocrx_word' id='word_1_266' title='bbox 384 2202 413 2260; x_wconf 73' lang='lat'>2,</span> <span class='ocrx_word' id='word_1_267' title='bbox 423 2196 474 2246; x_wconf 78' lang='lat' dir='ltr'>cium</span> <span class='ocrx_word' id='word_1_268' title='bbox 487 2194 543 2245; x_wconf 86' lang='lat' dir='ltr'>dicit</span> <span class='ocrx_word' id='word_1_269' title='bbox 557 2210 562 2243; x_wconf 92' lang='lat'>:</span> <span class='ocrx_word' id='word_1_270' title='bbox 575 2194 677 2243; x_wconf 89' lang='lat' dir='ltr'>«Solum</span> <span class='ocrx_word' id='word_1_271' title='bbox 688 2194 779 2243; x_wconf 83' lang='lat' dir='ltr'>Patrem</span> <span class='ocrx_word' id='word_1_272' title='bbox 794 2194 902 2261; x_wconf 82' lang='lat' dir='ltr'>dicimus,</span> 
     </span>
     <span class='ocr_line' id='line_1_29' title="bbox 97 2266 904 2334; baseline 0.006 -20"><span class='ocrx_word' id='word_1_273' title='bbox 97 2279 143 2315; x_wconf 91' lang='lat' dir='ltr'>non</span> <span class='ocrx_word' id='word_1_274' title='bbox 151 2268 204 2331; x_wconf 77' lang='lat' dir='ltr'>quie</span> <span class='ocrx_word' id='word_1_275' title='bbox 215 2269 356 2334; x_wconf 77' lang='lat' dir='ltr'>separaturi</span> <span class='ocrx_word' id='word_1_276' title='bbox 366 2269 437 2332; x_wconf 83' lang='lat' dir='ltr'>Filio,</span> <span class='ocrx_word' id='word_1_277' title='bbox 449 2267 486 2318; x_wconf 86' lang='lat' dir='ltr'>vel</span> <span class='ocrx_word' id='word_1_278' title='bbox 494 2266 582 2331; x_wconf 85' lang='lat' dir='ltr'>Spiritu</span> <span class='ocrx_word' id='word_1_279' title='bbox 592 2270 680 2329; x_wconf 77' lang='lat' dir='ltr'>sancto,</span> <span class='ocrx_word' id='word_1_280' title='bbox 692 2266 786 2316; x_wconf 85' lang='lat' dir='ltr'>sedluoc</span> <span class='ocrx_word' id='word_1_281' title='bbox 796 2266 904 2319; x_wconf 88' lang='lat' dir='ltr'>dicentes</span> 
     </span>
     <span class='ocr_line' id='line_1_30' title="bbox 96 2336 792 2405; baseline 0 -20"><span class='ocrx_word' id='word_1_282' title='bbox 96 2336 253 2399; x_wconf 79' lang='lat' dir='ltr'>significemus</span> <span class='ocrx_word' id='word_1_283' title='bbox 264 2338 323 2405; x_wconf 79' lang='lat' dir='ltr'>quod</span> <span class='ocrx_word' id='word_1_284' title='bbox 336 2339 371 2392; x_wconf 93' lang='lat' dir='ltr'>illi</span> <span class='ocrx_word' id='word_1_285' title='bbox 381 2340 449 2391; x_wconf 89' lang='lat' dir='ltr'>simul</span> <span class='ocrx_word' id='word_1_286' title='bbox 460 2354 513 2389; x_wconf 89' lang='lat' dir='ltr'>cum</span> <span class='ocrx_word' id='word_1_287' title='bbox 526 2353 554 2389; x_wconf 89' lang='lat' dir='ltr'>ec</span> <span class='ocrx_word' id='word_1_288' title='bbox 569 2352 615 2390; x_wconf 90' lang='lat' dir='ltr'>nou</span> <span class='ocrx_word' id='word_1_289' title='bbox 626 2342 680 2388; x_wconf 88' lang='lat' dir='ltr'>sunt</span> <span class='ocrx_word' id='word_1_290' title='bbox 693 2340 767 2403; x_wconf 82' lang='lat' dir='ltr'>pater.</span> <span class='ocrx_word' id='word_1_291' title='bbox 779 2354 792 2384; x_wconf 86' lang='lat' dir='ltr'>n</span> 
     </span>
    </p>
   </div>
   <div class='ocr_carea' id='block_1_16' title="bbox 129 2410 988 2475">
    <p class='ocr_par' dir='ltr' id='par_1_17' title="bbox 129 2410 988 2475">
     <span class='ocr_line' id='line_1_31' title="bbox 129 2410 988 2475; baseline 0.005 -16"><span class='ocrx_word' id='word_1_292' title='bbox 129 2410 174 2461; x_wconf 85' lang='lat' dir='ltr'>Sed</span> <span class='ocrx_word' id='word_1_293' title='bbox 183 2412 223 2461; x_wconf 86' lang='lat' dir='ltr'>hic</span> <span class='ocrx_word' id='word_1_294' title='bbox 234 2428 315 2465; x_wconf 89' lang='lat' dir='ltr'>sensus</span> <span class='ocrx_word' id='word_1_295' title='bbox 324 2428 370 2464; x_wconf 89' lang='lat' dir='ltr'>non</span> <span class='ocrx_word' id='word_1_296' title='bbox 383 2414 480 2464; x_wconf 84' lang='lat' dir='ltr'>habetur</span> <span class='ocrx_word' id='word_1_297' title='bbox 490 2427 519 2463; x_wconf 82' lang='lat' dir='ltr'>en</span> <span class='ocrx_word' id='word_1_298' title='bbox 530 2414 641 2464; x_wconf 88' lang='lat' dir='ltr'>consueto</span> <span class='ocrx_word' id='word_1_299' title='bbox 653 2410 720 2461; x_wconf 90' lang='lat' dir='ltr'>modo</span> <span class='ocrx_word' id='word_1_300' title='bbox 728 2410 848 2475; x_wconf 83' lang='lat' dir='ltr'>loquendi,</span> <span class='ocrx_word' id='word_1_301' title='bbox 857 2412 904 2463; x_wconf 87' lang='lat' dir='ltr'>nisi</span> <span class='ocrx_word' id='word_1_302' title='bbox 987 2468 988 2471; x_wconf 44' lang='lat'>,</span> 
     </span>
    </p>
   </div>
   <div class='ocr_carea' id='block_1_17' title="bbox 95 2480 904 2620">
    <p class='ocr_par' dir='ltr' id='par_1_18' title="bbox 95 2480 904 2620">
     <span class='ocr_line' id='line_1_32' title="bbox 96 2480 904 2550; baseline 0.005 -21"><span class='ocrx_word' id='word_1_303' title='bbox 96 2480 213 2533; x_wconf 72' lang='lat' dir='ltr'>intellecti</span> <span class='ocrx_word' id='word_1_304' title='bbox 227 2484 273 2535; x_wconf 77' lang='lat' dir='ltr'>alit</span> <span class='ocrx_word' id='word_1_305' title='bbox 285 2484 458 2550; x_wconf 83' lang='lat' dir='ltr'>implicatione,</span> <span class='ocrx_word' id='word_1_306' title='bbox 468 2489 495 2535; x_wconf 89' lang='lat' dir='ltr'>ut</span> <span class='ocrx_word' id='word_1_307' title='bbox 506 2484 527 2535; x_wconf 86' lang='lat' dir='ltr'>si</span> <span class='ocrx_word' id='word_1_308' title='bbox 538 2484 626 2543; x_wconf 83' lang='lat' dir='ltr'>dicatur</span> <span class='ocrx_word' id='word_1_309' title='bbox 641 2498 647 2531; x_wconf 78' lang='grc' dir='ltr'><strong>ι</strong></span> <span class='ocrx_word' id='word_1_310' title='bbox 664 2500 677 2531; x_wconf 85' lang='lat' dir='ltr'>n</span> <span class='ocrx_word' id='word_1_311' title='bbox 688 2482 728 2533; x_wconf 88' lang='lat' dir='ltr'>llle</span> <span class='ocrx_word' id='word_1_312' title='bbox 740 2482 779 2547; x_wconf 89' lang='lat' dir='ltr'>qui</span> <span class='ocrx_word' id='word_1_313' title='bbox 792 2483 858 2541; x_wconf 83' lang='lat' dir='ltr'>solus</span> <span class='ocrx_word' id='word_1_314' title='bbox 868 2484 904 2533; x_wconf 93' lang='lat' dir='ltr'>di·</span> 
     </span>
     <span class='ocr_line' id='line_1_33' title="bbox 95 2550 903 2620; baseline 0.007 -19"><span class='ocrx_word' id='word_1_315' title='bbox 95 2550 156 2602; x_wconf 90' lang='lat' dir='ltr'>citur</span> <span class='ocrx_word' id='word_1_316' title='bbox 168 2554 250 2619; x_wconf 81' lang='lat' dir='ltr'>Pater,</span> <span class='ocrx_word' id='word_1_317' title='bbox 263 2561 300 2607; x_wconf 86' lang='lat' dir='ltr'>est</span> <span class='ocrx_word' id='word_1_318' title='bbox 310 2558 378 2620; x_wconf 84' lang='lat' dir='ltr'>lleus.</span> <span class='ocrx_word' id='word_1_319' title='bbox 390 2575 406 2605; x_wconf 86' lang='lat' dir='ltr'>n</span> <span class='ocrx_word' id='word_1_320' title='bbox 415 2556 544 2608; x_wconf 77' lang='lat' dir='ltr'>Secundim</span> <span class='ocrx_word' id='word_1_321' title='bbox 556 2554 742 2620; x_wconf 71' lang='lat' dir='ltr'>reno„proprium</span> <span class='ocrx_word' id='word_1_322' title='bbox 750 2565 851 2614; x_wconf 68' lang='lat' dir='ltr'>,sensum</span> <span class='ocrx_word' id='word_1_323' title='bbox 861 2569 903 2607; x_wconf 81' lang='lat' dir='ltr'>cr-</span> 
     </span>
    </p>
   </div>
   <div class='ocr_carea' id='block_1_18' title="bbox 96 2624 988 2694">
    <p class='ocr_par' dir='ltr' id='par_1_19' title="bbox 96 2624 988 2694">
     <span class='ocr_line' id='line_1_34' title="bbox 96 2624 988 2694; baseline 0.006 -21"><span class='ocrx_word' id='word_1_324' title='bbox 96 2624 168 2675; x_wconf 87' lang='lat' dir='ltr'>cludit</span> <span class='ocrx_word' id='word_1_325' title='bbox 180 2626 278 2688; x_wconf 79' lang='lat' dir='ltr'>ulduni,</span> <span class='ocrx_word' id='word_1_326' title='bbox 294 2628 432 2694; x_wconf 75' lang='lat' dir='ltr'>mescmine3</span> <span class='ocrx_word' id='word_1_327' title='bbox 444 2632 482 2681; x_wconf 78' lang='lat' dir='ltr'>est</span> <span class='ocrx_word' id='word_1_328' title='bbox 495 2632 575 2681; x_wconf 81' lang='lat' dir='ltr'>aulem</span> <span class='ocrx_word' id='word_1_329' title='bbox 587 2639 656 2690; x_wconf 77' lang='lat' dir='ltr'>cem,</span> <span class='ocrx_word' id='word_1_330' title='bbox 673 2627 693 2679; x_wconf 86' lang='lat' dir='ltr'>si</span> <span class='ocrx_word' id='word_1_331' title='bbox 708 2626 810 2677; x_wconf 78' lang='lat' dir='ltr'>excludit</span> <span class='ocrx_word' id='word_1_332' title='bbox 823 2628 903 2680; x_wconf 78' lang='lat' dir='ltr'>aliud</span> <span class='ocrx_word' id='word_1_333' title='bbox 987 2644 988 2647; x_wconf 48' lang='lat'>¹</span> 
     </span>
    </p>
   </div>
   <div class='ocr_carea' id='block_1_19' title="bbox 96 2696 901 2766">
    <p class='ocr_par' dir='ltr' id='par_1_20' title="bbox 96 2696 901 2766">
     <span class='ocr_line' id='line_1_35' title="bbox 96 2696 901 2766; baseline 0.005 -21"><span class='ocrx_word' id='word_1_334' title='bbox 96 2696 230 2747; x_wconf 80' lang='lat' dir='ltr'>neutraliter</span> <span class='ocrx_word' id='word_1_335' title='bbox 245 2700 349 2764; x_wconf 75' lang='grc' dir='ltr'><strong>ιεειιιε,</strong></span> <span class='ocrx_word' id='word_1_336' title='bbox 359 2701 415 2766; x_wconf 72' lang='lat' dir='ltr'>qma</span> <span class='ocrx_word' id='word_1_337' title='bbox 432 2700 502 2751; x_wconf 83' lang='lat' dir='ltr'>Filius</span> <span class='ocrx_word' id='word_1_338' title='bbox 515 2704 550 2751; x_wconf 84' lang='grc' dir='ltr'>εει</span> <span class='ocrx_word' id='word_1_339' title='bbox 565 2698 623 2751; x_wconf 85' lang='lat' dir='ltr'>elius</span> <span class='ocrx_word' id='word_1_340' title='bbox 636 2697 652 2748; x_wconf 78' lang='lat' dir='ltr'>ir</span> <span class='ocrx_word' id='word_1_341' title='bbox 663 2700 732 2749; x_wconf 85' lang='lat' dir='ltr'>Putre</span> <span class='ocrx_word' id='word_1_342' title='bbox 738 2734 747 2761; x_wconf 91' lang='lat'><em>,</em></span> <span class='ocrx_word' id='word_1_343' title='bbox 761 2711 810 2748; x_wconf 87' lang='lat' dir='ltr'>nou</span> <span class='ocrx_word' id='word_1_344' title='bbox 821 2701 901 2751; x_wconf 55' lang='lat' dir='ltr'>amen</span> 
     </span>
    </p>
   </div>
   <div class='ocr_carea' id='block_1_20' title="bbox 96 2768 988 2837">
    <p class='ocr_par' dir='ltr' id='par_1_21' title="bbox 96 2768 988 2837">
     <span class='ocr_line' id='line_1_36' title="bbox 96 2768 988 2837; baseline 0.006 -20"><span class='ocrx_word' id='word_1_345' title='bbox 96 2768 167 2831; x_wconf 85' lang='lat' dir='ltr'>eliud,</span> <span class='ocrx_word' id='word_1_346' title='bbox 181 2769 285 2820; x_wconf 84' lang='lat' dir='ltr'>similiter</span> <span class='ocrx_word' id='word_1_347' title='bbox 296 2776 320 2822; x_wconf 93' lang='lat' dir='ltr'>et</span> <span class='ocrx_word' id='word_1_348' title='bbox 331 2774 428 2837; x_wconf 85' lang='lat' dir='ltr'>Spiritus</span> <span class='ocrx_word' id='word_1_349' title='bbox 437 2775 537 2823; x_wconf 83' lang='lat' dir='ltr'>sanctus.</span> <span class='ocrx_word' id='word_1_350' title='bbox 545 2772 591 2822; x_wconf 91' lang='lat' dir='ltr'>Sed</span> <span class='ocrx_word' id='word_1_351' title='bbox 601 2770 654 2835; x_wconf 75' lang='lat' dir='ltr'>quein</span> <span class='ocrx_word' id='word_1_352' title='bbox 665 2771 713 2820; x_wconf 82' lang='lat' dir='ltr'>inec</span> <span class='ocrx_word' id='word_1_353' title='bbox 721 2768 805 2833; x_wconf 85' lang='lat' dir='ltr'>dictio,</span> <span class='ocrx_word' id='word_1_354' title='bbox 819 2769 900 2827; x_wconf 78' lang='lat' dir='ltr'>eolus,</span> <span class='ocrx_word' id='word_1_355' title='bbox 987 2784 988 2793; x_wconf 59' lang='lat'>¹</span> 
     </span>
    </p>
   </div>
   <div class='ocr_carea' id='block_1_21' title="bbox 96 2839 901 2912">
    <p class='ocr_par' dir='ltr' id='par_1_22' title="bbox 96 2839 901 2912">
     <span class='ocr_line' id='line_1_37' title="bbox 96 2839 901 2912; baseline 0.005 -24"><span class='ocrx_word' id='word_1_356' title='bbox 96 2839 189 2902; x_wconf 85' lang='lat' dir='ltr'>respicit</span> <span class='ocrx_word' id='word_1_357' title='bbox 202 2841 293 2905; x_wconf 78' lang='lat' dir='ltr'>proprie</span> <span class='ocrx_word' id='word_1_358' title='bbox 306 2846 435 2909; x_wconf 82' lang='lat' dir='ltr'>subjectum</span> <span class='ocrx_word' id='word_1_359' title='bbox 449 2845 492 2912; x_wconf 81' lang='lat' dir='ltr'>(nt</span> <span class='ocrx_word' id='word_1_360' title='bbox 506 2843 592 2893; x_wconf 85' lang='lat' dir='ltr'>dictum</span> <span class='ocrx_word' id='word_1_361' title='bbox 604 2844 639 2893; x_wconf 89' lang='lat' dir='ltr'>est</span> <span class='ocrx_word' id='word_1_362' title='bbox 648 2840 657 2905; x_wconf 90' lang='grc'>)</span> <span class='ocrx_word' id='word_1_363' title='bbox 667 2841 741 2903; x_wconf 70' lang='lat' dir='ltr'>magis</span> <span class='ocrx_word' id='word_1_364' title='bbox 754 2854 779 2891; x_wconf 86' lang='grc' dir='ltr'>εε</span> <span class='ocrx_word' id='word_1_365' title='bbox 790 2842 861 2893; x_wconf 77' lang='lat' dir='ltr'>undet</span> <span class='ocrx_word' id='word_1_366' title='bbox 871 2843 901 2893; x_wconf 83' lang='lat' dir='ltr'>ud</span> 
     </span>
    </p>
   </div>
   <div class='ocr_carea' id='block_1_22' title="bbox 96 2912 900 2981">
    <p class='ocr_par' dir='ltr' id='par_1_23' title="bbox 96 2912 988 2987">
     <span class='ocr_line' id='line_1_38' title="bbox 96 2912 900 2981; baseline 0.004 -20"><span class='ocrx_word' id='word_1_367' title='bbox 96 2912 262 2964; x_wconf 82' lang='lat' dir='ltr'>excludendum</span> <span class='ocrx_word' id='word_1_368' title='bbox 278 2914 358 2965; x_wconf 78' lang='lat' dir='ltr'>otium</span> <span class='ocrx_word' id='word_1_369' title='bbox 370 2916 440 2981; x_wconf 78' lang='lat' dir='ltr'>qutun</span> <span class='ocrx_word' id='word_1_370' title='bbox 457 2916 546 2979; x_wconf 60' lang='lat' dir='ltr'>alind·</span> <span class='ocrx_word' id='word_1_371' title='bbox 561 2915 621 2966; x_wconf 85' lang='lat' dir='ltr'>unde</span> <span class='ocrx_word' id='word_1_372' title='bbox 639 2923 686 2965; x_wconf 84' lang='lat' dir='ltr'>nou</span> <span class='ocrx_word' id='word_1_373' title='bbox 703 2917 741 2964; x_wconf 89' lang='lat' dir='ltr'>est</span> <span class='ocrx_word' id='word_1_374' title='bbox 753 2912 900 2965; x_wconf 74' lang='lat' dir='ltr'>erundendn</span> 
     </span>
    </p>
   </div>
   <div class='ocr_carea' id='block_1_23' title="bbox 0 0 1000 3342">
    <p class='ocr_par' dir='ltr' id='par_1_24' title="bbox 0 0 1000 3342">
     <span class='ocr_line' id='line_1_39' title="bbox 0 0 1000 3342; baseline 0 1"><span class='ocrx_word' id='word_1_375' title='bbox 0 0 1000 3342; x_wconf 95' lang='lat' dir='ltr'> </span> 
     </span>
    </p>
   </div>
  </div>
 </body>
</html>
