1992 3342
159 264 193 306 ur
210 263 331 313 norun.
347 261 378 305 rr
392 261 524 306 susurrum
541 262 617 308 urus.
636 262 801 307 morsurus
835 248 881 307 dtr

80 343 158 394 verba.
173 343 303 395 Secunddm
313 344 404 408 quidem
413 343 475 408 qnod
484 343 624 405 significator
634 359 676 410 per
687 345 778 397 nomina
785 384 793 410 ,
803 349 881 397 mutua

80 416 201 480 aequralitas
210 416 292 466 dicitur
300 416 325 466 in
336 416 418 474 diuinis
427 417 533 479 personis
546 421 569 467 el
578 416 702 469 similitudo
714 433 720 467 ι
732 416 804 469 Filius
816 418 881 469 euim

26 489 27 492 ’
80 491 115 537 est
127 483 222 550 aequnis
235 491 260 537 et
270 486 351 537 similis
363 487 438 550 Patri,
450 491 474 537 et
485 486 497 536 e
509 500 631 552 converso3
645 492 668 539 et
684 490 728 540 troc
739 488 806 554 ideo,
827 488 881 553 qrria

80 558 182 609 essentia
194 557 271 627 divium
284 572 331 609 nou
346 558 419 621 magis
432 564 469 609 est
485 559 558 609 Patris
575 559 642 623 quitum
663 558 722 611 Filii.
739 560 802 611 Unde
820 560 882 611 siout

82 631 155 679 lilius
166 630 236 680 hebd
247 630 426 693 magnitudinem
437 629 520 693 Patris,
530 631 590 694 quod
598 635 634 681 est
643 645 692 683 esse
707 646 760 683 eum
772 632 882 697 equalem

81 701 157 764 Patri,
166 701 198 753 ita
211 702 279 753 Pater
290 700 360 753 habet
371 701 549 765 magnitudinem
564 701 700 767 Filii,quod
714 708 751 758 est
763 717 814 757 essu
828 716 882 754 eum

80 774 193 839 aequalem
209 774 274 825 lilio.
290 773 337 824 sed
352 777 461 838 quantum
476 776 505 825 ad
515 779 633 827 ‚creaturas
650 776 689 839 (nt
709 775 830 841 dionysius
848 776 883 827 di·

80 846 126 909 cii,
140 846 181 897 lx.
193 858 246 910 unp.
259 845 297 895 De
309 846 363 897 div.
377 847 452 898 Nom.
461 847 484 907 l,
497 859 543 897 nou
556 846 664 910 recipitur
677 848 794 899 consensio
806 860 882 910 equs·

80 917 154 969 litatis
162 922 186 967 el
194 916 350 968 similitudinis
359 933 364 965 :
374 916 482 968 dicuntru
493 917 555 969 enim
564 921 656 969 causata
664 916 746 970 similia
755 918 845 980 oensis,
859 918 883 969 iu

80 992 194 1052 qnantum
205 988 292 1039 liabent
305 990 400 1040 lormam
412 1002 544 1053 causarum
556 989 596 1040 sed
613 988 682 1041 nond
696 1002 818 1053 convorso,
829 989 884 1053 quia

81 1059 156 1110 forma
169 1060 325 1124 principaliter
335 1061 495 1124 rutinorum,
506 1064 530 1114 et
540 1059 676 1113 secundarid
688 1060 712 1111 in
725 1065 826 1113 causato.
839 1061 883 1111 Sed

80 1131 154 1181 uerba
169 1130 299 1193 signinum
313 1132 466 1197 equalitatem
482 1145 535 1181 oum
549 1136 619 1183 motu
636 1132 664 1181 Et
677 1129 731 1183 nest
750 1135 825 1193 motus
837 1144 884 1183 non

81 1203 112 1254 sit
123 1202 149 1255 iu
160 1203 255 1265 diuisus
264 1208 300 1254 est
309 1208 386 1254 tamen
396 1203 432 1254 ibi.
440 1204 560 1267 arripere.
575 1202 632 1263 Quia
643 1202 711 1266 igitur
721 1202 792 1253 Filius
800 1203 884 1267 arripit

81 1274 96 1324 ri
108 1276 186 1339 Patre,
200 1280 293 1341 propter
306 1277 351 1327 hoo
367 1275 462 1327 dicimus
475 1274 536 1339 quiid
548 1275 620 1325 Filius
634 1274 884 1339 mendosissimus

82 1360 128 1397 non
143 1345 157 1396 d
170 1360 291 1399 converso.

114 1419 149 1468 ld
167 1422 273 1481 quartum
285 1417 420 1483 dicendum,
437 1418 498 1484 qudd
513 1418 538 1469 in
553 1417 637 1471 divinis
655 1417 759 1483 personis
774 1416 833 1467 ninii
849 1422 885 1468 est

82 1487 229 1540 considerare
241 1489 284 1540 uisi
292 1488 430 1553 essentium,
441 1490 465 1539 iu
474 1503 520 1555 qua
531 1490 697 1543 communicant
701 1524 710 1552 ‚
722 1492 746 1539 ot
753 1488 885 1552 relationes,

83 1561 168 1623 uiribus
185 1560 363 1624 distinguuutm.
378 1561 505 1625 AEuuulins
522 1564 599 1615 autem
618 1564 739 1624 utrumque
756 1560 885 1624 importasti

81 1632 173 1683 scilieet
188 1632 358 1685 distinctionem
370 1646 519 1698 permaturum
526 1670 535 1697 ‚
544 1632 598 1697 quia
611 1632 669 1683 nihil
682 1632 726 1683 sibi
741 1630 787 1696 ipsi
803 1631 886 1683 dieitur

82 1705 187 1769 aquale;
200 1707 224 1755 et
236 1704 349 1757 unitatem
362 1704 482 1769 essentie,
494 1704 548 1769 quin
562 1704 645 1755 euhoe
655 1715 758 1768 persona
772 1707 826 1754 suut
842 1702 886 1755 sibi

82 1776 185 1829 invicem
197 1777 312 1842 equales,
330 1777 384 1842 quia
404 1780 458 1827 suut
472 1777 540 1827 unius
557 1776 720 1841 magnitudinis
733 1778 757 1827 et
769 1774 885 1827 assentio.
987 1798 988 1812 r

80 1846 230 1898 tinnitestum
243 1852 279 1899 est
290 1854 366 1899 autern
376 1846 439 1915 qudd
449 1847 509 1899 idem
522 1848 552 1897 ad
565 1846 665 1911 seipsum
677 1860 723 1899 nou
736 1847 832 1899 retertur
845 1845 887 1897 uli
986 1866 987 1882 r

81 1916 484 1983 quarentmuereali3ueritrrum
497 1916 886 1968 unarelatiorelerturadalteram
984 1974 985 1979 η

82 2002 126 2053 per
138 1988 240 2054 aliquam
250 1988 318 2041 alam
332 1990 467 2041 relationem
478 2004 485 2039 z
495 1986 549 2039 edm
557 1986 619 2039 enim
632 1986 728 2037 didimus
738 1987 799 2049 qudd
811 1991 887 2051 pater·

81 2060 146 2111 nitas
156 2060 281 2126 opponitur
290 2058 410 2124 filiationi,
422 2059 535 2125 oppositio
544 2072 590 2109 non
601 2062 637 2109 est
646 2058 726 2109 relatio
738 2058 813 2109 media
827 2057 887 2109 lutor

81 2131 250 2196 polemitatem
263 2130 446 2195 dilutionem,
459 2131 514 2195 guia
530 2134 623 2193 utroque
635 2130 702 2181 modo
715 2128 795 2179 relatio
810 2129 888 2181 multi·

81 2203 210 2267 plicaretur
222 2203 247 2255 iu
262 2200 384 2253 inlinitum.
399 2201 492 2253 ntideo
509 2201 626 2265 equalitas
639 2204 663 2250 et
674 2198 798 2251 similitudo
814 2199 839 2251 in
848 2200 888 2250 di-

81 2274 148 2326 vinis
158 2275 264 2340 personis
276 2288 324 2325 nou
337 2278 374 2325 est
386 2274 463 2339 aliqua
475 2272 545 2324 realis
557 2272 636 2325 relatio
650 2271 758 2323 distincta
771 2271 785 2323 'a
797 2272 888 2321 retain·

81 2347 156 2398 nibus
166 2344 334 2411 personalibus,
344 2347 384 2397 sed
396 2344 421 2397 iu
435 2359 476 2395 suo
488 2344 605 2395 intellectu
617 2343 714 2393 includit
727 2346 752 2393 et
765 2342 888 2395 relationes

80 2418 255 2483 distinguentes
266 2430 376 2483 pennum
388 2421 412 2468 et
424 2415 530 2468 essentie
542 2417 662 2469 nullatenu
673 2414 701 2465 ut
711 2418 832 2479 properea
841 2415 889 2465 lla·

79 2491 159 2555 gister
167 2490 225 2543 dicit
235 2490 260 2541 iu
267 2488 384 2555 trigesimi
395 2488 469 2555 primi
476 2488 530 2540 dist.
541 2485 609 2552 primi
617 2487 821 2551 Sententiarum,
828 2484 888 2552 qudd

79 2561 108 2613 in
127 2562 164 2615 luis
177 2557 567 2629 appellatiotautrlmestrelatiua.
967 2584 968 2587 =
