1992 3342
249 217 281 256 h!
296 217 364 257 10ῦο
380 217 532 259 mortuom
547 222 679 261 mmm.
814 214 860 261 791

57 291 160 344 minibus
169 293 290 358 romenses
303 295 421 361 proluunt
430 297 578 348 affirmativas
591 302 615 350 et
628 299 745 363 negativas
757 301 862 351 enuntia-

56 363 134 416 tiones
145 365 214 432 (qnae
233 371 287 418 sunt
306 367 371 432 signa
385 369 557 434 compositionis
574 374 598 421 et
610 371 729 422 divisionis
746 371 771 421 in
790 372 862 422 intel-

57 435 145 501 lectu),
152 441 178 488 ut
189 445 217 490 ex
228 439 305 490 multis
314 440 370 491 locis
383 454 451 492 sacre
459 441 580 504 scripture
590 447 693 508 apparet.
702 443 763 508 Ergo
772 443 862 494 uidetur

58 507 121 572 qndd
132 510 226 574 angelus
240 512 353 576 hniehigat
364 513 521 578 componendo
534 518 558 564 et
569 514 699 566 dividendo.

90 580 136 632 sed
152 585 291 649 enutrirent,
309 585 369 648 (prod
391 585 513 650 liionpsins
534 585 601 649 dicii,
615 587 673 650 vlt,
690 587 728 636 De
740 586 794 636 dio.
813 587 863 636 No·

59 653 135 716 mm,
148 653 209 716 mod
221 671 235 704 u
244 657 318 706 uirtus
326 655 486 707 intellectualis
496 657 627 721 angelorum
636 659 766 722 resplendet
774 658 862 723 perspi-

57 725 108 774 caci
124 722 254 778 mainerum
273 727 440 780 intellectorum
461 725 614 794 simplicitate.
629 747 643 776 »
657 732 701 781 Sed
714 729 811 795 simplex
827 730 863 779 in·

57 797 187 862 telligentia
198 799 293 850 estsine
303 800 464 864 compositione
476 805 498 851 et
508 801 634 865 diuisione,
647 806 672 851 ut
692 802 776 852 dicitnr
786 801 810 853 in
820 802 861 852 lll.

58 869 196 990 Deffnimh
206 871 333 936 (torridi).
344 873 403 936 Ergo
416 871 627 937 angelnsintelligit
635 873 685 924 sine
698 873 862 938 compositione

59 943 84 992 et
118 939 224 994 ivisione.

60 1085 77 1136 d
93 1013 250 1136 (pegmm
258 1037 288 1054 -·
296 1015 376 1080 iugali
389 1029 437 1068 non
450 1020 590 1082 cognoscunt
600 1017 755 1082 componendo
769 1022 791 1068 et
805 1019 863 1069 divi·

76 1097 105 1136 err
139 1087 162 1150 J)
325 1095 329 1102 '

92 1157 230 1222 despondeo
245 1159 377 1222 mmmmm,
390 1159 451 1225 qnid
466 1160 525 1211 sicut
544 1161 569 1211 iu
582 1161 699 1212 intellectu
713 1161 863 1213 mtiocinante

59 1235 206 1295 comparatur
217 1231 333 1283 conclusio
344 1233 372 1282 ad
385 1231 539 1296 principium,
554 1231 587 1282 ita
599 1233 625 1282 in
640 1233 755 1283 intellectu
770 1245 862 1298 compo·

60 1305 132 1354 nente
150 1307 174 1354 et
188 1303 303 1355 dividente
319 1309 461 1370 comparatur
479 1304 625 1369 predicatum
639 1305 668 1356 ad
682 1304 819 1368 subjectum.
837 1307 864 1356 Si

59 1374 124 1425 enim
135 1374 263 1426 intellectus
272 1379 349 1427 noster
360 1375 439 1428 mtim
449 1371 537 1440 inipso
544 1376 658 1442 principio
668 1377 756 1426 uideret
769 1377 864 1426 conclu-

59 1445 134 1497 sionis
150 1447 284 1510 ueritatem,
300 1461 416 1512 nunquam
431 1449 569 1512 intelligeret
581 1449 728 1503 discurrendo
743 1447 781 1496 uel
794 1447 863 1498 ratio

60 1517 175 1582 cinand03
190 1517 295 1570 simihter
308 1519 327 1570 si
337 1517 465 1571 intellectus
478 1519 556 1570 statim
569 1520 593 1570 in
604 1518 785 1583 apprehensione
797 1520 864 1583 quid-

59 1589 140 1644 dltatis
157 1589 270 1656 subjecti,
286 1591 382 1653 traheret
397 1591 501 1642 notitiam
521 1592 551 1642 de
569 1591 675 1642 omnihus
695 1597 747 1655 qum
769 1595 864 1654 possunt

59 1661 156 1712 attribui
166 1663 278 1728 'subjecto
294 1663 332 1716 vel
351 1664 462 1727 rumorem
480 1663 508 1715 ab
529 1677 573 1724 eo,
588 1676 704 1728 numum
727 1662 866 1724 intelligeret

60 1737 221 1800 componendo
234 1741 257 1788 et
270 1736 405 1798 diuidendo,
415 1737 454 1788 sed
469 1736 543 1790 solim
556 1736 704 1800 intelligendo
717 1736 785 1801 quod
799 1735 864 1800 quid

60 1810 105 1858 cst.
118 1807 157 1858 Sic
169 1808 314 1872 igiturpatet
328 1807 390 1872 qudd
403 1823 432 1862 ox
447 1809 529 1860 eodem
543 1809 653 1874 prouenit
664 1808 724 1873 qmd
736 1807 865 1859 intellectus

61 1881 141 1930 noster
153 1879 260 1943 inteligit
273 1879 431 1944 discurrendo,
446 1885 470 1930 et
483 1883 642 1945 componendo
655 1884 680 1931 ot
696 1879 824 1942 dividendo,
836 1893 865 1930 ex

60 1953 106 2004 hoc
120 1951 204 2010 scilicet
220 1950 280 2016 qudd
294 1965 340 2004 non
356 1952 433 2002 statim
447 1953 471 2004 in
480 1953 562 2016 prima
574 1951 754 2016 apprehensione
768 1950 866 2012 alicujus

60 2023 133 2088 primi
146 2023 282 2090 apprehensi
299 2026 374 2088 potest
390 2022 503 2088 inspicere
515 2023 622 2089 quioquid
634 2023 660 2072 iu
674 2034 702 2072 eo
714 2022 796 2071 uirtute
809 2034 865 2070 eou-

61 2095 166 2146 tiuetur:
181 2097 243 2160 quod
259 2094 411 2159 contingitur
426 2095 545 2148 debilitate
559 2095 653 2151 luminis
668 2091 828 2153 intellectualis
840 2092 865 2145 in

62 2165 144 2230 nohis,
161 2167 220 2218 sieut
233 2167 318 2218 dietum
332 2167 449 2217 osthane
463 2165 516 2218 edun
532 2166 558 2217 iu
569 2166 650 2230 angelo
664 2167 695 2216 sit
708 2166 786 2217 lumen
798 2163 866 2215 iutel-

61 2237 160 2290 lectudo
168 2240 293 2304 perlectum
304 2237 364 2303 (ehu
371 2238 402 2292 sit
412 2255 425 2286 u
434 2239 550 2303 opsonium
560 2253 643 2303 pamm
652 2242 675 2289 et
682 2236 841 2299 clarissimum,
850 2253 864 2283 o

61 2313 89 2360 nt
107 2309 164 2360 dicit
184 2311 317 2376 Dionysius,
336 2311 374 2360 lV.
393 2322 446 2374 cap.
466 2311 504 2370 De
519 2311 575 2360 dio.
592 2311 710 2364 Nomio..
733 2307 866 2370 relinquitur

61 2381 124 2448 qudd
137 2383 245 2447 augelus,
260 2382 319 2434 sicul
331 2395 378 2434 non
391 2381 496 2442 intelligit
510 2381 678 2444 munchusen,
694 2381 726 2429 ita
739 2392 786 2432 non
799 2380 866 2432 intel·

60 2455 114 2519 ligii
129 2457 286 2519 componendo
302 2459 326 2506 et
344 2454 476 2506 ¹diuidendo.
492 2453 646 2506 Nihilominus
659 2458 737 2503 tamen
755 2452 867 2515 composi·

59 2528 150 2578 tionem
168 2530 191 2578 et
203 2527 336 2578 diuisionem
350 2525 532 2577 enuntiationum
546 2525 666 2588 intelligit,
679 2523 778 2575 sicutet
792 2523 866 2574 ratio-

61 2601 203 2652 cinationem
214 2597 530 2666 sphopsuorompintouigit
544 2598 607 2648 enirn
619 2596 744 2661 composita
758 2595 868 2659 simplici-

61 2677 112 2736 ter,
126 2676 150 2724 et
161 2671 253 2724 mobilia
266 2670 425 2733 immobiliter,
445 2673 468 2721 et
480 2670 608 2720 anomalia
618 2667 806 2721 immaterialiter.

94 2744 129 2794 hd
140 2743 239 2807 primum
248 2755 301 2806 ergo
311 2739 564 2804 dicendum,quddnon
572 2738 736 2803 qualiscunque
747 2737 867 2788 multitudo

60 2817 230 2868 intellectorum
251 2813 438 2877 commestionem
457 2815 553 2874 canui,
571 2813 612 2861 sed
631 2811 753 2861 multitudo
775 2810 866 2861 iliorum

60 2887 232 2939 intollmiornm
250 2897 347 2949 qnorum
364 2894 434 2934 uram
447 2882 584 2933 attribuitur
602 2881 668 2932 alteri
682 2883 719 2932 vel
735 2884 867 2931 remorctm

61 2960 92 3010 ah
104 2960 186 3010 alteru
200 2958 300 3020 angelus
310 2959 386 3006 autern
397 2953 546 3018 intelligendo
557 2953 707 3018 qnidditutem
715 2953 810 3016 alienius
820 2953 864 3015 rei,
