1992 3342
134 234 179 281 22⁸
337 243 396 279 nens
413 244 437 288 1,
455 212 545 286 onnon.
566 239 619 283 nv,
639 240 691 277 nnn.
711 242 746 276 vr.

132 325 244 384 {uentum
252 319 355 369 essentie
366 318 409 368 nei
421 317 523 368 continet
536 316 626 380 species
639 330 730 377 eorunm,
743 320 769 371 ut
786 316 873 367 dietum
889 326 935 371 eet.

135 394 199 443 Unde
209 404 256 441 non
265 390 366 455 seqnitur
374 388 436 454 qnod
448 388 532 452 eimrid
547 389 608 439 etind
618 388 648 439 sit
658 388 769 451 perfectio
783 388 855 439 divini
867 390 938 441 intel-

133 466 220 525 lectus,
232 462 301 526 quim
312 462 363 525 ipsn
377 462 476 512 essentia
486 460 536 511 nei.
732 504 736 509 .

166 536 200 585 nd
218 532 463 595 ementiendum,
480 530 541 595 qnod
558 531 631 594 ipsein
645 530 790 592 intelligere
802 544 850 581 non
863 533 940 595 speci-
988 590 989 593 Ἴ

135 607 215 656 nentur
227 606 306 669 perid
318 606 379 669 qnod
389 605 414 655 in
426 604 472 656 elio
481 602 625 665 intelligitur,
636 602 675 651 sed
684 615 724 666 per
735 601 862 665 principale
870 603 942 655 nitel-

135 680 221 728 leetum
234 677 315 740 inquo
327 676 372 726 ntia
384 675 552 737 intelliguntur.
567 674 594 723 ln
605 677 694 724 tentum
707 672 770 723 enim
778 674 853 737 ipsum
867 676 942 725 intel·
988 690 989 717 1

135 751 214 811 lipere
232 748 373 812 specificatur
393 762 434 812 per
452 747 567 809 objectum
588 758 668 807 suum,
687 743 713 793 in
734 750 843 808 qnantum
866 746 943 799 lorum

135 815 638 889 intelligibilisestprincipinmintellcctnalis
646 816 856 880 operationis.Na1n
865 820 945 869 omnis

135 891 239 955 operatio
252 891 395 954 specificatur
409 904 451 953 per
467 889 574 949 formem,
589 901 640 951 qum
656 892 691 937 est
707 888 843 952 principium
858 904 946 953 opere-
988 910 989 949 1

136 962 218 1026 tionis,
242 962 300 1012 sient
317 960 437 1012 calefactio
448 974 491 1025 per
506 961 612 1011 calorem.
628 960 692 1009 Unde
706 973 746 1023 per
763 960 826 1016 illem
843 961 945 1012 formam

136 1034 303 1097 intelligibilem
326 1032 468 1097 mecificetur
491 1030 653 1081 intellectualis
676 1030 792 1095 operatio,
815 1026 944 1095 qnee'iacit
988 1052 989 1128 p

136 1108 279 1156 intellectum
291 1105 317 1155 in
331 1110 391 1157 retu.
406 1106 434 1155 Et
446 1106 496 1155 haec
514 1107 549 1153 est
564 1102 652 1167 speeies
667 1102 798 1167 principalis
815 1104 946 1169 intellecti,
988 1132 989 1173 3

137 1190 187 1240 pute
200 1175 226 1226 in
238 1178 285 1227 lleo
299 1176 356 1226 nihil
371 1180 406 1226 est
418 1175 479 1225 alind
499 1172 567 1237 quen
580 1174 681 1225 essentia
694 1187 749 1236 sun,
762 1174 787 1223 in
802 1188 848 1237 qun
864 1190 947 1228 omnes
988 1178 989 1231 1

137 1248 226 1312 species
236 1261 312 1298 rerum
322 1246 552 1311 comprehenduntur.
561 1245 625 1296 Unde
635 1258 681 1295 non
692 1250 781 1309 oportet
794 1244 857 1309 quod
868 1248 946 1313 ipsum

139 1320 276 1383 intelligere
289 1318 400 1381 divinum,
410 1318 447 1368 vel
455 1317 532 1380 potins
542 1318 591 1381 ipse
601 1318 669 1379 Dens,
677 1316 820 1379 specificetur
828 1332 872 1381 per
883 1320 947 1369 aliut
988 1350 989 1387 p

139 1389 206 1453 mrem
219 1405 261 1454 per
274 1390 398 1442 essentiam
410 1389 519 1440 divinant.
988 1392 989 1395 ’

434 1532 591 1584 reticulos
604 1532 643 1581 Vl.

200 1658 287 1702 {lirim
300 1657 362 1700 Dece
371 1659 494 1712 reprensent-
504 1656 554 1701 olio
563 1657 578 1709 ὰ
587 1668 617 1709 se,
629 1656 727 1711 propria
737 1656 883 1713 repetitione.

170 1785 206 1834 nd
219 1788 308 1835 sertum
321 1782 354 1833 sic
366 1782 495 1845 proceditur
510 1781 551 1848 (l).
571 1782 665 1833 Vidotnr
681 1782 741 1846 quod
754 1784 812 1833 Deus
827 1796 877 1835 non
893 1802 952 1852 cog·
988 1796 989 1863 p

141 1859 219 1907 noscat
235 1855 280 1905 alin
296 1854 345 1904 ise
359 1854 602 1917 propriacognilione.
615 1853 651 1903 Sic
668 1855 729 1903 enirn
743 1854 862 1919 cognoscit
876 1858 952 1910 nlia‘a
988 1867 989 1901 t

141 1943 179 1992 se,
190 1931 217 1977 nt
226 1927 311 1977 dictum
324 1928 371 1987 est,
380 1924 504 1975 secundum
516 1926 574 1990 quod
587 1925 631 1974 alin
641 1930 670 1975 ab
682 1926 733 1989 ipso
743 1925 768 1975 in
779 1940 807 1976 eo
818 1932 876 1977 sunt
888 1946 894 1980 :
908 1934 951 1981 sed

141 1999 186 2050 alie
199 2001 227 2050 ab
240 2012 268 2049 eo
281 2000 333 2047 sont
347 1996 432 2059 inipso
444 1995 504 2045 sicut
520 1994 543 2043 in
557 1995 630 2059 primo
645 2010 714 2045 oense
727 1997 842 2046 communi
858 2002 885 2050 et
895 2003 953 2051 uni·
988 1974 989 2061 l

141 2071 232 2121 versati.
246 2072 306 2130 Ergo
320 2068 365 2118 alia
378 2070 546 2130 cognoscuntur
563 2066 649 2129 ilico,
668 2067 726 2117 sicut
743 2068 767 2117 in
783 2080 853 2120 causa
870 2074 952 2137 prima

141 2145 165 2191 et
177 2140 309 2192 universali.
324 2140 372 2189 Hoc
385 2141 460 2188 eutem
475 2140 510 2187 est
524 2150 658 2199 cognoscere
669 2138 693 2187 in
704 2138 845 2203 universali,
860 2147 887 2193 ct
902 2158 952 2196 non

76 2272 82 2281 „
140 2212 263 2263 secundum
270 2212 386 2277 propriam
394 2210 562 2273 cognitionem:
575 2222 629 2272 ergo
639 2210 701 2259 Deus
707 2210 825 2272 cognoscit
837 2214 885 2265 alia
900 2216 916 2267 1
929 2232 956 2267 so

141 2284 165 2332 in
178 2283 317 2345 universali,
332 2285 356 2333 et
366 2295 411 2332 non
423 2282 549 2331 secundum
562 2281 676 2344 propriam
690 2281 854 2343 cognitionem.

173 2360 201 2404 1.-
211 2356 341 2418 Praeterea,
356 2356 467 2416 quantum
479 2352 547 2401 distet
563 2352 662 2403 essentia
675 2355 784 2403 crenturee
801 2355 831 2404 ab
845 2361 957 2409 essentia

141 2426 234 2487 divine,
252 2428 344 2475 tentum
359 2421 428 2474 distet
447 2423 548 2474 essentie
561 2423 640 2475 divine
659 2424 687 2473 nb
704 2424 804 2475 essentie
821 2432 957 2483 creaturae.

141 2497 843 2562 Sedperementinmereatnrenonpotestcognoseiessentin
853 2501 961 2569 divine,

141 2574 168 2618 nt
178 2568 247 2632 cupre
257 2569 341 2619 dictum
351 2572 387 2619 eet
394 2569 443 2633 (nm
453 2582 508 2631 ergo
518 2582 561 2619 nee
571 2582 612 2633 per
623 2568 745 2619 essentiam
756 2569 863 2625 divinam
874 2582 963 2641 petest

175 2691 205 2753 (1)
219 2695 300 2739 Deliis
313 2695 384 2741 etiem
397 2697 422 2751 1,
433 2695 511 2743 Semt.1
522 2694 576 2738 dist.
592 2692 631 2751 ³5,
646 2700 690 2741 ort.
703 2696 728 2745 3;
745 2702 769 2739 ct
782 2696 841 2743 tlist.
854 2698 904 2761 36,
919 2718 964 2763 qu,

143 2756 166 2810 1,
178 2764 222 2803 nrt.
234 2756 263 2809 ·1;
277 2764 302 2802 et
315 2756 384 2803 Ceret.
398 2758 477 2810 Gent„
490 2757 532 2801 lib.
543 2758 562 2813 1,
575 2768 627 2812 cop.
638 2756 669 2800 50
679 2763 702 2803 et
716 2752 755 2813 63,
771 2771 849 2816 usque
863 2766 901 2811 nd
913 2768 964 2813 922

142 2825 167 2863 nt
179 2825 205 2863 et
218 2820 258 2865 lib.
272 2822 315 2876 111,
326 2832 379 2877 cop.
392 2818 424 2862 l5
438 2825 462 2863 et
475 2819 520 2871 76;
534 2826 557 2863 et
569 2831 608 2875 qu.
622 2820 649 2877 2,
668 2819 695 2863 de
709 2820 787 2878 verit,
802 2830 849 2871 nrt.
863 2826 883 2869 4
899 2838 928 2877 ρῑ
944 2821 966 2877 5ῖ
988 2848 989 2861 t

143 2888 167 2925 et
181 2882 270 2939 Opone.
281 2882 308 2937 3,
324 2894 376 2939 cop.
392 2880 437 2925 131
450 2888 474 2927 et
488 2880 542 2928 135..
778 2888 779 2891 ’
963 2870 967 2881 ’

178 2952 208 3012 12)
225 2955 342 3011 Colligitur
359 2966 388 2997 en
406 2966 445 3006 qn.
461 2952 504 3011 13,
524 2960 569 2999 nrt.
594 2953 619 3011 i,
635 2954 672 2999 nbi
692 2953 788 3009 proinde
808 2956 892 3009 inient
920 2980 971 3013 pn„
