1992 3342
125 178 172 222 tlt)
337 187 397 222 unns
414 187 436 233 r,
453 185 545 229 pumen.
563 186 617 234 rvr,
636 187 690 221 aar.
709 186 725 220 r.

125 262 139 311 ir
152 276 177 312 τε
189 261 309 325 appetibili
319 260 344 309 in
357 261 484 323 appetitum
498 260 638 325 (secundum
653 260 714 324 qnod
725 260 843 324 appetitos
856 261 943 313 dicitur

125 336 216 397 bonus,
230 334 298 395 prout
317 336 351 381 est
369 330 454 395 boni):
470 332 520 395 itu,
535 331 587 381 olum
601 344 688 381 verum
705 331 735 381 sit
755 330 779 379 in
797 331 942 395 intellectu,

130 404 255 457 secundum
268 402 330 466 qnod
346 402 501 452 conformatur
513 402 546 453 rei
564 402 702 465 intellectu,
718 416 812 452 necesse
828 408 869 455 est
880 404 943 468 quinl

125 476 183 527 ratio
198 476 255 524 ceri
267 476 296 524 at
309 474 430 525 intellectu
445 474 474 523 ad
488 486 536 523 rem
549 473 689 524 intellectam
711 470 848 538 derivetur3
865 480 893 525 ut
908 488 944 525 res

126 546 196 597 etiam
215 547 331 596 intellecta
349 559 403 596 vera
416 544 522 607 dicatur,
536 542 662 595 secundum
676 542 736 607 qudd
749 544 823 595 halet
838 546 945 610 aliquem

126 618 231 669 ordinem
240 619 270 668 ad
279 618 430 669 intellectum.

158 691 204 739 lies
219 693 295 739 anum
305 688 423 739 intellecta
436 688 464 737 ad
478 686 619 736 intellectum
639 684 738 748 aliquem
754 688 835 748 potest
851 688 943 738 habere

126 760 229 810 ordinem
239 761 277 810 nel
289 774 330 823 per
339 774 381 823 se,
394 760 432 809 sel
453 772 495 821 per
510 758 632 809 accidens:
649 770 690 820 ρετ
702 770 727 806 se
745 757 844 820 quidem
870 760 945 809 hahet

126 825 229 876 ordinem
242 827 271 877 ad
286 826 430 877 intellectum
442 828 456 877 a
468 843 514 892 quo
524 829 639 891 dependet
652 826 776 877 secundum
786 842 861 879 suum
872 844 944 893 esse,

125 910 168 959 ρετ
180 897 287 948 accidens
306 902 383 949 autem
399 900 428 949 ad
445 900 589 952 intellectum
609 898 679 963 'aquo
695 900 861 961 cognoscibilis
883 905 921 953 est
937 916 942 949 :

126 968 185 1018 mcut
202 969 222 1019 ε’
241 970 343 1020 dicamus
353 970 415 1034 qudd
434 972 514 1023 domus
527 975 669 1035 comparatur
683 972 711 1021 ad
725 970 876 1023 intellectum
887 974 945 1023 arti·

126 1038 177 1089 licis
189 1054 229 1104 per
243 1054 282 1104 se,
296 1056 337 1105 per
349 1042 455 1092 accidens
468 1046 546 1093 aulem
559 1046 702 1106 comparatur
716 1044 744 1091 ad
756 1042 911 1093 intellectum
931 1044 944 1093 'a

126 1126 171 1174 quo
180 1126 227 1162 non
236 1112 481 1177 dependet.ludicinm
491 1119 569 1165 autem
577 1115 637 1164 dere
646 1124 695 1163 uon
705 1113 802 1163 sumitur
810 1115 943 1165 secundnm

126 1182 221 1247 idquod
226 1184 287 1235 inest
296 1185 320 1235 ei
327 1199 369 1249 ρετ
377 1184 496 1248 anaidem,
507 1186 549 1236 sed
560 1184 686 1235 secundum
695 1184 718 1233 id
729 1184 789 1246 quod
797 1184 863 1235 inest
871 1186 895 1235 ei
902 1200 943 1249 per

127 1255 231 1306 seznnde
241 1269 383 1320 unaquoque
393 1269 431 1305 res
440 1255 522 1305 dicitur
531 1270 591 1305 vena
601 1254 718 1317 absoluat,
733 1254 865 1305 secundum
881 1256 943 1307 ordi-

128 1338 182 1375 nem
189 1328 218 1377 ad
226 1328 369 1378 intellectum
382 1326 394 1375 l
407 1341 452 1390 qno
463 1328 592 1391 dependet3
608 1331 631 1377 et
642 1328 696 1377 inde
710 1330 743 1377 est
754 1324 816 1390 quid
831 1341 872 1377 res
887 1328 942 1377 arti-

128 1397 213 1449 liciales
223 1398 328 1449 dicuntur
337 1414 403 1448 oeroe
415 1397 449 1463 (l)
458 1412 500 1461 per
511 1399 616 1449 ordinem
624 1399 652 1447 ad
662 1398 803 1448 intellectum
812 1402 923 1449 nostrum
934 1414 939 1447 :

128 1468 211 1519 dicitur
221 1471 283 1519 enim
292 1471 449 1524 domnsoera,
459 1482 511 1532 qnae
526 1469 653 1533 assequitur
664 1468 843 1519 similitudinem
858 1470 939 1519 torma

127 1554 178 1601 quae
197 1544 232 1589 cst
244 1541 270 1589 in
287 1542 365 1590 mente
378 1538 488 1602 artificis3
504 1543 528 1589 ει
541 1540 623 1590 dicitur
642 1540 713 1591 oratio
731 1554 807 1597 cera,
826 1538 854 1589 in
865 1554 941 1603 quan·

127 1613 185 1661 tum,
199 1614 235 1660 est
253 1610 344 1673 signum
363 1610 492 1680 intellectus
514 1606 574 1658 veri.
596 1608 624 1656 Et
638 1606 742 1657 similiter
757 1618 795 1655 res
818 1611 941 1660 naturales

127 1680 233 1730 dicuntur
246 1694 295 1731 esse
306 1695 387 1736 oeroe,
399 1680 524 1731 secundum
532 1677 594 1741 quod
602 1681 752 1741 assequuntur
761 1678 940 1730 similitudinem

126 1749 254 1812 specierum
267 1764 318 1814 qum
328 1754 381 1800 sunt
391 1751 416 1799 in
427 1757 506 1801 mente
517 1747 595 1800 divini
608 1765 613 1798 ε
627 1749 782 1799 diciturenim
792 1764 869 1799 verus
877 1751 941 1815 lapis

127 1820 168 1882 qui
177 1821 306 1884 assequitur
315 1821 431 1885 propriam
441 1822 524 1885 lapidis
538 1823 642 1873 naturam
655 1820 779 1871 secundum
790 1833 941 1886 preconcep

127 1891 214 1947 tionem
224 1891 354 1943 intellectus
366 1894 448 1943 divini.
466 1894 578 1956 sicergo,
589 1893 685 1941 veritos
696 1891 855 1957 principaliter
866 1899 904 1943 est
912 1895 938 1943 in

127 1960 256 2027 intellectu,
265 1963 461 2015 secundariduerd
471 1964 496 2013 in
508 1964 584 2027 rehtu,
594 1963 717 2015 secundum
729 1962 789 2027 quod
801 1976 941 2029 comparan-

129 2038 167 2083 tur
179 2036 209 2085 ad
221 2035 363 2085 intellectum
375 2039 402 2085 ut
415 2037 443 2085 ad
456 2035 606 2100 principium.

159 2108 187 2157 lit
197 2106 322 2157 secundum
335 2109 380 2157 ltoc
392 2108 477 2158 veritas
489 2107 640 2157 diversimode
659 2107 797 2157 notificatur.
813 2108 873 2157 Nam
890 2112 939 2158 Au·

129 2178 233 2239 gostinus
250 2179 275 2228 in
294 2179 352 2229 lilro
368 2181 404 2229 De
424 2194 488 2229 υετε·
502 2180 628 2241 redeptores
648 2180 717 2243 (cap.
734 2177 791 2242 36),
808 2179 940 2243 dicitquod

129 2264 144 2294 u
154 2248 239 2298 veritas
248 2252 284 2298 est
294 2262 339 2313 qua
349 2250 476 2300 ostenditur
490 2250 515 2299 id
527 2250 588 2313 quod
602 2252 636 2299 est
643 2248 686 2313 (ε).
696 2264 709 2295 n
724 2250 752 2299 Et
765 2248 866 2299 llllarius
878 2250 939 2300 dicit

128 2316 191 2380 quod
203 2331 284 2368 nerum
297 2323 332 2369 est
347 2321 508 2371 declarativum
523 2325 562 2371 aut
575 2320 769 2371 manifestativum
783 2335 838 2369 esce
853 2320 900 2387 (3),
914 2326 938 2372 et

161 2444 191 2505 (t)
208 2446 259 2491 Sive
273 2452 398 2505 conceptas
410 2449 464 2493 τετε·
471 2464 480 2503 ;
495 2461 542 2494 non
556 2448 688 2504 usurpando
701 2460 787 2492 nomen
801 2448 937 2495 intellectus

128 2520 170 2563 pro
187 2509 292 2626 putenam
310 2510 463 2568 intellectiva,
477 2511 519 2555 sed
529 2523 571 2567 pro
585 2518 637 2556 notu
656 2509 815 2569 intelligendi,
828 2518 856 2557 ut
870 2524 936 2557 usur-

129 2576 197 2626 patur
225 2582 256 2615 ste
290 2604 297 2615 .

163 2631 193 2691 lt)
205 2633 312 2689 Veique
326 2634 429 2679 ostendit
442 2634 470 2679 id
483 2634 547 2691 quod
562 2638 603 2679 εει.

163 2692 193 2754 (3)
209 2695 326 2751 colligitur
338 2708 368 2739 ex
379 2696 422 2741 lib.
437 2699 468 2754 V,
481 2696 511 2742 de
526 2697 608 2747 Trio..
621 2696 674 2742 ente
690 2696 806 2752 mettun,
824 2699 867 2743 ubi
888 2699 937 2743 nit:

130 2755 186 2799 Noa
205 2756 282 2812 tup‘uc
298 2756 367 2803 uerti
383 2759 539 2817 apprehendo
552 2761 688 2809 rationem,
701 2760 724 2803 τε·
744 2758 848 2804 dicmur
860 2763 940 2809 miti,

130 2817 199 2872 ipsis
210 2823 253 2867 εει,
270 2819 311 2862 red
326 2831 377 2863 ooo
389 2825 423 2865 εει
432 2832 505 2865 certes
516 2820 598 2878 ipsuis!
612 2820 672 2871 Aut,
685 2834 756 2878 aqua·
766 2825 809 2871 εει,
828 2824 872 2868 aed
888 2837 937 2868 noo

131 2881 164 2922 εει
174 2892 232 2924 vore
243 2892 306 2936 oque
317 2898 324 2921 .·
336 2882 399 2937 quod
410 2884 476 2927 euim
488 2883 555 2939 ipsuis
567 2886 614 2933 εει,
628 2896 677 2929 nott
694 2886 771 2941 polest
790 2897 839 2931 εεεε
857 2898 891 2931 tre
911 2888 942 2931 sit
