1992 3342
154 223 202 274 ott
341 232 402 272 rme
415 231 438 284 r,
454 227 551 279 ounsr:
565 229 640 283 xxm,
654 229 708 270 rur.
723 230 767 273 ιιιι.

153 313 268 362 mbuutm
284 315 340 375 quot
353 310 430 374 augeli
450 309 584 360 oeciderunt
601 313 625 360 et
638 309 733 374 iusuper
745 311 781 359 tot
797 315 849 374 quot
859 303 932 358 trouu

154 383 231 446 angeli
241 382 322 432 creati.
337 382 382 432 Sed
396 381 479 432 melibs
489 381 572 433 ‹licitm
587 380 648 446 quud
660 399 674 429 ιι
688 381 731 432 soli
744 383 792 432 beu
806 383 840 430 est
851 377 933 441 cognitus

154 466 263 502 numerus
279 454 405 502 eleotomm
414 453 439 501 iu
448 466 547 517 superna
561 452 670 504 felicitate
683 453 794 504 locandus
806 449 932 517 (extollenti

155 538 197 587 pro
207 524 267 573 viris
279 536 306 573 ae
319 524 434 574 defunctis
442 524 459 589 l.

187 595 335 658 ltprimum
351 609 406 658 ergo
423 595 561 657 (licendum,
581 593 641 660 qubd
660 595 757 644 uerbum
776 593 833 644 illuri
850 594 934 644 beuuro

155 666 229 716 uomii
238 669 273 717 est
285 666 459 729 intelligendum
472 669 501 718 de
512 666 558 716 illio
571 666 611 729 qui
624 670 678 716 suut
690 667 812 730 prenotati
824 665 839 715 ir
851 667 893 714 beo
904 673 934 710 ree

155 741 225 800 pectu
238 737 358 801 presentis
366 737 462 802 justitie
476 753 482 786 z
496 739 578 788 horum
595 736 656 787 euim
669 751 779 789 uumerus
790 742 813 788 et
824 733 936 799 arguunt

156 809 283 872 minuitur,
298 813 322 859 et
335 822 382 858 nou
394 822 503 859 numerus
516 807 739 872 predestinatorum.
925 870 928 878 Ι

188 879 352 929 Aduecnutlum
362 879 494 940 (licendum,
503 878 564 942 qubrl
572 879 630 928 ratio
640 877 878 942 quantitatisulicujus
886 875 938 940 paru

156 949 290 1014 accipiendo
303 954 338 1000 est
351 963 380 1000 ex
392 949 540 1014 proportione
553 948 615 999 illius
625 950 698 1013 paulis
709 951 738 1000 ad
751 951 841 1000 totum:
854 947 885 998 sic
895 944 938 995 euin

158 1025 194 1070 eet
206 1023 266 1085 apuu
278 1023 350 1071 iteum
362 1021 438 1084 ratio,
452 1033 523 1084 quare
538 1024 571 1072 tut
585 1021 662 1071 stellas
675 1021 774 1084 lecerit,
790 1020 827 1070 rel
840 1023 872 1070 tot
882 1025 937 1066 reruu

158 1093 256 1157 species,
270 1098 294 1143 et
307 1107 378 1157 quere
392 1096 428 1143 tut
448 1092 638 1157 predestinavit,
652 1107 680 1143 cx
700 1093 848 1157 proportione
860 1089 940 1156 purtim

159 1163 321 1227 principalium
334 1165 362 1214 ed
377 1164 463 1214 bonum
477 1163 589 1214 uniuersi.

190 1236 225 1284 bd
243 1236 336 1286 tertium
356 1235 493 1298 dicendum,
510 1234 571 1300 qubd
591 1235 677 1285 bonnm
690 1234 883 1299 proportionatum
897 1239 939 1279 curu

158 1306 224 1356 muni
244 1307 313 1356 stetui
330 1315 416 1358 uutmae
432 1305 515 1357 accidit
532 1310 557 1355 ut
575 1305 601 1356 iu
616 1305 733 1370 pluribus,
749 1310 773 1356 et
794 1306 870 1355 delicit
888 1307 911 1352 ut
927 1301 941 1346 ir

158 1378 322 1442 paucioribu83
343 1379 383 1429 sed
403 1378 489 1428 bouum
516 1379 576 1442 quou
598 1377 687 1428 excedit
711 1388 854 1428 communem
876 1375 941 1424 stutuu

160 1453 247 1500 uuturae
260 1450 377 1499 invonitur
390 1454 415 1498 ιιι
428 1449 453 1498 iu
468 1449 624 1514 paucioribus,
640 1453 663 1498 et
674 1447 752 1498 delicit
763 1451 789 1498 ut
800 1447 824 1497 in
836 1444 942 1510 pluribus:

159 1519 220 1570 sicut
232 1524 297 1583 petet
309 1521 370 1584 qubd
380 1522 458 1585 plures
472 1521 577 1572 homiues
591 1523 645 1571 suut
655 1519 696 1584 qui
709 1521 796 1569 babent
808 1517 943 1569 sufficientur

160 1591 281 1641 scientium
300 1592 329 1641 ad
350 1592 453 1654 regimen
472 1593 526 1643 uite
545 1606 592 1642 sure
601 1629 610 1655 ,
630 1590 751 1656 pauciores
770 1595 845 1640 nutem
861 1586 943 1650 quibu

160 1662 257 1712 scientia
273 1667 353 1712 carent
363 1663 404 1726 qui
416 1665 542 1712 moriones
554 1661 592 1712 vel
609 1661 685 1710 stulti
703 1660 827 1722 dicuutur3
849 1658 888 1710 sed
903 1668 946 1718 peu·

161 1731 245 1781 cissimi
257 1736 310 1781 suut
320 1737 426 1795 respectu
439 1733 536 1783 aliorum
546 1733 585 1796 qui
599 1731 715 1793 attingunt
729 1731 757 1780 ad
771 1730 895 1780 babendum
906 1735 947 1787 pru

161 1802 256 1851 lundam
270 1801 388 1851 scientiam
398 1803 575 1865 intelligibilium
588 1815 675 1851 rerum.
692 1801 750 1852 Cum
763 1801 832 1864 igitur
842 1794 946 1850 bertino

114 1885 137 1906 ν
160 1875 247 1923 eterne
262 1872 288 1922 iu
304 1873 393 1924 risione
410 1874 452 1923 ltei
469 1873 597 1923 consistens
609 1873 707 1922 excedet
719 1884 862 1922 communem
875 1873 948 1919 stetui

160 1949 257 2008 nature,
268 1949 293 1995 et
305 1943 420 2010 preciput
437 1943 564 1994 secuudum
582 1942 644 2007 quud
659 1947 694 1994 est
708 1943 782 2006 grutil
795 1937 899 1994 destitute
914 1950 946 2001 pu

117 2035 148 2079 s
162 2017 331 2082 corruptionem
344 2015 463 2079 originalis
475 2016 580 2080 peccati,
591 2015 713 2080 pauciores
723 2019 777 2066 suut
788 2015 826 2080 opii
836 2015 951 2064 sulrmluu

162 2089 192 2138 Ει
200 2089 225 2138 in
233 2091 278 2140 boc
288 2089 357 2139 etiam
369 2086 466 2137 maxime
476 2087 631 2138 misericordia
638 2087 680 2138 liei
690 2091 795 2152 apparet,
805 2085 862 2151 quud
873 2085 952 2145 aliquus

162 2159 259 2210 inillam
268 2161 366 2211 sulutem
376 2159 454 2222 erigit,
466 2158 480 2208 l
490 2173 535 2222 qua
545 2157 637 2224 plurimi
648 2159 757 2209 deliciunt
766 2156 889 2210 seomllm
900 2165 952 2204 cour

59 2227 62 2232 ’
164 2245 258 2282 munem
268 2247 360 2285 clusum
370 2236 394 2282 et
407 2231 582 2282 inclinationem
594 2234 690 2281 nuturae.

446 2377 604 2434 numeneus
618 2383 679 2432 vul.

205 2505 291 2552 Utrbm
299 2508 476 2564 prodestinutto
482 2509 558 2565 puncti
565 2507 651 2565 iuuari
659 2505 770 2563 precibus
779 2507 928 2552 suecorum-

198 2626 232 2674 lld
249 2629 356 2676 οιιιιιιιιιι
373 2627 407 2676 eie
423 2625 608 2690 proceditur'(l).
618 2623 715 2675 Videtur
725 2623 785 2690 qubd
799 2619 950 2688 prenestino.

166 2707 213 2746 nou
228 2696 300 2760 possit
310 2695 388 2760 juvari
401 2695 507 2760 precibus
525 2699 663 2746 sauctorum.
677 2696 770 2746 Nullum
781 2695 842 2746 enim
855 2695 950 2743 uterum

73 2859 86 2871 ‚
200 2812 231 2875 (l)
244 2817 278 2860 Ite
295 2815 413 2861 bisetium
426 2818 445 2870 1,
460 2815 539 2865 Solet„
558 2815 611 2861 utet.
629 2813 668 2874 kl,
687 2820 730 2860 ert.
745 2814 776 2868 43
792 2821 816 2858 et
828 2815 868 2872 111,
887 2810 950 2854 Sen'

167 2877 222 2920 dist.
234 2875 272 2930 l'l,
285 2883 330 2921 ert.
342 2877 366 2936 3,
380 2878 517 2934 questionu.
527 2879 550 2936 1,
561 2878 589 2923 ud
601 2877 630 2931 ὃς
646 2883 671 2922 ut
685 2884 709 2922 et
718 2877 760 2936 Π,
772 2877 850 2924 seut„
860 2873 917 2918 tiso.
933 2871 952 2913 l.

170 2944 251 2994 quoert.
265 2938 288 2996 3,
304 2943 347 2983 art.
361 2938 411 2984 ltet
422 2938 453 2994 5;
468 2945 492 2985 et
504 2943 586 2996 quest.
601 2939 625 2999 o,
639 2940 667 2986 de
680 2940 759 2999 veut,
772 2945 816 2985 nrt.
827 2937 851 2981 6.
