1992 3342
316 238 348 274 us
361 238 405 273 aar
419 236 579 275 mmera-
805 230 851 275 ιιι

43 317 98 367 libro
106 316 150 365 De
161 311 347 375 consolatione,
357 325 387 363 er
401 313 447 363 hoe
459 311 520 376 quod
533 312 650 363 aeternitas
663 315 698 364 est
708 315 757 363 tota
770 312 838 363 sduul
843 351 851 377 ,

41 387 99 450 quod
110 382 219 449 tempori
228 396 277 433 nou
289 382 414 445 murenit3
423 385 450 433 et
460 380 543 433 iterum
552 382 607 447 quia
615 383 733 435 eternitas
742 386 778 434 est
788 396 854 434 men-

39 471 90 507 sura
104 470 157 508 me
174 455 353 520 permanente,
369 457 461 518 tempus
474 453 530 505 rard
548 457 583 505 est
600 466 707 506 mensura
726 458 809 507 motus.
828 455 854 505 Si

38 533 118 578 tamen
129 527 245 593 praedicta
260 524 393 576 differentia
405 526 535 576 attendatur
547 530 657 590 quantum
671 528 699 576 ad
714 530 852 591 mensurata,

41 603 65 647 et
73 612 124 648 nou
133 601 243 661 quantum
253 598 283 647 ad
293 609 430 658 mensuras,
444 596 478 645 sie
491 597 562 647 habet
576 597 643 646 aliam
656 598 767 648 rationem
781 613 787 646 :
799 598 853 661 qaia

41 670 117 718 solum
136 669 192 718 illud
209 670 358 719 mensuratur
375 670 493 731 tempore,
513 667 573 732 quod
591 670 660 719 habet
680 668 818 733 principium
831 672 855 719 et

41 740 114 789 tinem
126 740 152 789 iu
168 743 287 803 tempore,
301 741 328 787 ut
341 738 426 788 dieitur
438 737 464 787 ιιι
474 738 513 800 IV,
528 737 657 802 Phyrieor.
672 740 736 789 Unde
749 739 769 789 si
780 743 855 789 motus

42 811 96 860 eoeli
105 824 200 875 semper
210 811 319 872 duraret,
332 814 426 874 tempas
434 822 480 859 nou
488 814 630 861 mensuraret
642 810 716 875 ipsum
729 812 854 863 seeundum

40 896 106 932 suam
120 886 197 933 totam
211 880 374 944 durationem,
389 879 442 930 oium
454 876 568 931 infinitum
583 896 630 933 non
644 882 674 933 sit
685 883 854 945 mensurabile,

39 953 79 1003 sed
87 956 238 1004 mensuraret
251 952 379 1015 quamlibet
392 952 628 1017 simulationemque
640 954 855 1019 hahetprinoipium

40 1030 64 1072 et
69 1025 141 1075 tinem
151 1024 178 1074 in
186 1027 303 1088 tempore.
313 1023 394 1073 Potest
405 1027 484 1073 amen
494 1027 518 1074 et
528 1024 596 1075 aliam
608 1024 720 1076 rationem
728 1026 814 1075 habere
826 1038 856 1075 ex

41 1100 108 1158 parte
117 1096 219 1145 istarum
231 1094 438 1156 mensurarum-si
452 1094 575 1159 accipiatur
584 1094 637 1145 finis
647 1098 671 1146 et
680 1096 817 1160 prineipium
831 1094 856 1145 iu

42 1166 146 1227 mantia
162 1181 169 1213 ε
185 1163 241 1229 quia
259 1164 333 1214 etiam
345 1165 399 1215 dato
410 1166 471 1228 quod
482 1168 574 1230 tempus
585 1180 675 1230 semper
688 1166 767 1229 duret,
778 1169 856 1217 umen

43 1236 151 1299 perutile
167 1240 203 1287 est
216 1236 311 1299 signare
324 1234 350 1284 iu
365 1240 469 1316 tempore
487 1240 511 1287 et
526 1236 664 1301 principium
677 1240 701 1286 et
713 1236 783 1286 tinem
796 1235 857 1285 aeui·

43 1308 126 1370 pieudo
146 1308 238 1371 aliquas
265 1310 345 1384 partes
371 1306 457 1369 ipsius,
480 1306 538 1356 siem
560 1306 656 1357 dicimus
676 1306 814 1369 principium
833 1310 857 1356 et

44 1378 112 1428 tinem
126 1377 174 1429 diei
192 1377 232 1426 vel
251 1374 323 1437 anni,
343 1376 405 1438 quod
426 1388 472 1425 uon
490 1376 625 1437 contingit
618 1390 645 1425 ιιι
664 1375 797 1425 eternitate.
813 1376 859 1425 Sed

45 1455 120 1500 tamen
133 1451 184 1500 iste
198 1412 343 1498 differentia
357 1440 529 1511 conseqututur
542 1460 593 1498 eam
601 1484 610 1510 ‚
626 1460 676 1509 que
695 1449 731 1495 est
742 1460 784 1510 per
797 1460 822 1497 se
836 1450 860 1497 et
884 1429 908 1499 o·

46 1519 119 1582 prinud
138 1519 313 1580 differentiam,
333 1530 362 1567 er
378 1520 424 1569 hoe
443 1519 532 1569 seilicet
548 1519 608 1581 quod
626 1516 742 1567 eternitas
759 1521 794 1568 est
811 1521 860 1568 tota

49 1589 129 1652 simul,
140 1604 184 1641 non
195 1594 279 1641 autem
292 1593 391 1653 tempus.

80 1661 113 1710 td
123 1662 224 1727 primum
241 1673 299 1722 ergo
312 1660 451 1722 dicendum,
466 1660 527 1723 qudd
547 1660 605 1711 ratio
624 1660 662 1710 ιιιι
675 1660 820 1724 procederet,
836 1664 856 1713 si

49 1736 136 1797 tempus
147 1737 172 1783 et
185 1731 308 1784 eternitas
322 1733 400 1781 'esseut
411 1744 525 1781 mensura
538 1730 605 1781 unius
614 1731 716 1794 generis3
728 1732 861 1795 quodpatet

51 1816 99 1852 esse
110 1803 192 1853 tasum
206 1816 239 1853 eu
252 1800 301 1864 his,
316 1813 414 1865 quorum
428 1804 463 1851 est
475 1804 564 1865 tempus
580 1805 603 1851 et
617 1802 732 1853 aeternitas
744 1815 859 1853 mensura.

81 1872 113 1923 td
124 1874 255 1924 seeundum
270 1869 394 1922 dicendum
399 1908 409 1935 ,
421 1870 482 1937 qudd
494 1884 557 1921 naue
567 1872 676 1937 temporis
689 1876 724 1923 est
714 1872 797 1923 tidem
807 1874 861 1925 sub·

47 1944 128 2004 jecto·
121 1960 147 1995 ιιι
165 1948 217 1995 toto
237 1948 357 2007 tempore,
374 1942 415 1991 sed
432 1942 540 1997 differem
553 1942 662 1993 ratione:
677 1941 706 1993 ed
725 1942 786 2005 qued
803 1942 862 1993 sieut

48 2020 137 2081 tempus
148 2015 278 2080 respondet
293 2012 383 2075 motui,
397 2012 502 2063 itanum
515 2014 624 2077 temporis
638 2012 761 2075 respondet
774 2012 860 2063 mobili.

49 2086 129 2137 ltobite
142 2090 223 2136 autem
237 2088 273 2135 est
293 2083 356 2136 idem
370 2083 493 2146 subjeeto'
487 2098 512 2133 m
523 2087 571 2135 toto
582 2084 678 2134 decursu
689 2080 807 2146 temporis,
821 2084 861 2134 sed

50 2158 159 2208 differens
171 2154 290 2207 ratione
282 2168 308 2205 ιιι
324 2157 438 2217 quantum
450 2156 486 2204 est
501 2154 540 2205 hio
552 2157 576 2205 et
588 2152 631 2216 ihi,
645 2156 669 2203 et
685 2151 729 2203 ista
742 2153 861 2207 alternatio

49 2232 83 2276 est
95 2232 181 2278 motus.
196 2225 310 2277 Similiter
323 2224 417 2274 fluxus'
411 2222 483 2287 ipsius
495 2239 571 2289 nano,
584 2225 708 2275 seeundum
722 2225 782 2288 quod
793 2226 861 2276 alter-

50 2302 114 2347 natur
130 2297 242 2359 ratione,
254 2300 291 2346 est
308 2299 419 2358 tempus3
435 2296 551 2346 eternitas
564 2297 640 2345 autem
654 2298 732 2345 madet
744 2297 825 2347 eadem
838 2302 862 2349 et

51 2370 152 2433 subjecto
167 2372 193 2420 et
205 2367 306 2419 radone.
320 2366 387 2415 Unde
401 2364 516 2416 atemitas
537 2379 584 2417 non
603 2369 639 2417 est
654 2366 714 2416 idem
728 2368 788 2431 qrrod
801 2382 862 2419 nune

52 2444 74 2488 te
126 2440 168 2489 ris.

74 2454 233 2561 mmm
257 2508 397 2570 dicendum,
420 2505 482 2570 qudd
499 2506 559 2556 sieut
579 2506 694 2557 aeternitas
713 2512 748 2557 est
770 2508 862 2571 propria

52 2592 156 2631 menam
174 2578 252 2643 ipsius
272 2592 324 2629 esse
345 2576 518 2643 permanentis,
543 2576 577 2627 ita
596 2580 689 2641 tempus
711 2582 745 2629 est
771 2580 863 2642 propria

52 2664 156 2702 mensura
176 2654 265 2700 motus.
283 2650 348 2700 Unde
366 2648 496 2701 seeundum
510 2648 570 2713 quod
582 2648 673 2711 aliqum
686 2662 736 2701 esse
749 2648 863 2701 receditt

54 2721 211 2783 permanentia
236 2720 328 2771 emendi
348 2725 373 2770 et
396 2718 498 2771 subditur
517 2718 718 2781 transmutationi,
740 2720 864 2770 mumdum

55 2793 193 2842 umreeedit
202 2792 232 2841 ab
240 2790 372 2841 eternitate
381 2793 406 2841 et
413 2789 517 2841 subditur
530 2788 637 2852 tempori.
652 2790 706 2839 Esse
719 2802 775 2850 ergo
788 2800 862 2838 rerum

58 2862 236 2925 eomptmilium
250 2860 304 2923 quia
320 2865 357 2913 est
369 2862 555 2923 emendabile,
573 2872 619 2909 non
636 2862 781 2909 mensuratur
797 2860 865 2906 eter-

61 2932 140 2994 nitate,
154 2933 200 2983 sed
210 2935 330 2995 tempore,
343 2937 434 2995 tempus
450 2932 513 2982 euim
533 2933 651 2981 mensurat
664 2942 710 2979 nou
725 2928 798 2977 solum
815 2935 864 2985 qua
