1992 3342
150 196 340 271 sumomonte!
353 225 449 272 coenrr.
463 225 583 279 macru
596 227 679 264 mua
691 224 780 264 urm.
823 218 870 266 tta

67 307 107 358 seri
121 309 175 356 sunt
189 303 354 368 cognoscibiles
366 303 547 370 apprehensione
557 303 640 354 sensis
650 305 675 353 et
688 302 869 370 imaginationis,

66 392 119 442 qna
133 391 180 448 non
194 377 248 426 sunt
260 372 285 426 iu
297 375 392 440 angelis
406 375 464 438 Ergo
480 374 556 438 augeli
567 374 693 427 materialia
710 389 758 426 nou
770 389 867 440 cognm-

67 451 131 502 cuut.

99 523 144 586 Sel
163 523 260 585 eontra:
276 517 384 584 quicquid
401 521 476 583 potest
489 518 583 574 interior
601 519 688 583 virtus,
702 523 779 584 potest
797 521 871 574 virtus

67 593 179 660 superior.
192 593 237 642 Sed
247 591 376 652 intellectus
386 591 498 652 bominis,
515 591 554 657 quai
567 594 604 642 est
617 593 696 643 ordine
709 596 798 645 nature
810 594 871 646 inira

67 667 210 718 intellectum
228 662 316 726 augeli,
339 666 415 728 potest
436 677 573 728 cognoscere
596 677 632 714 res
653 666 793 718 materiales.
812 668 872 732 urso

67 737 140 789 multb
154 735 234 787 lortiirs
247 734 375 786 intellectus
389 735 473 800 angeli.
607 778 609 784 ,
819 778 822 786 ,

102 809 262 876 (Concausro.
270 833 301 844 -
313 803 407 870 bugei,
426 805 480 872 oium
492 806 622 872 superiores
636 807 704 861 rebus
716 809 871 864 materialibus

68 885 93 934 et
105 878 257 944 corporalibus
275 877 334 940 siut,
345 877 469 930 materialia
484 879 562 930 omnia
574 884 716 944 cognoscunt
727 895 769 946 per
783 884 873 948 species

68 952 225 1019 intelligibiles
232 947 364 1003 'existentes
378 951 403 1002 in
414 947 463 1013 eis,
475 951 503 1002 iu
514 954 625 1016 quantum
639 951 664 1002 in
677 951 724 1005 illis
738 957 793 1004 sunt
804 954 872 1006 intel·

68 1023 206 1090 ligibilller.)

101 1095 237 1160 Respondeo
253 1093 387 1156 dicendum,
401 1094 462 1160 quid
477 1093 533 1146 talis
549 1099 586 1147 est
597 1096 652 1146 ordo
673 1095 698 1145 in
713 1096 795 1161 rebus,
811 1099 873 1162 oubd

70 1163 224 1234 superiorein
239 1167 329 1217 entibus
344 1169 397 1216 suut
416 1167 552 1236 perfectiora
565 1167 723 1232 interioribus3
737 1173 762 1219 et
773 1172 835 1234 quod
849 1171 874 1222 in

69 1239 216 1291 interioribus
229 1238 358 1288 coubuetur
370 1233 516 1300 deficienter,
528 1242 552 1290 et
564 1239 690 1304 partialiter
703 1244 726 1290 et
739 1241 873 1304 multiplici-

69 1317 118 1373 ter,
136 1311 161 1362 iu
182 1309 333 1375 superioribus
351 1310 480 1362 continetur
498 1311 636 1376 eminenter,
651 1313 675 1362 et
694 1325 735 1376 per
753 1312 873 1375 quamdam

68 1381 207 1434 totalitatem
220 1385 243 1432 ei
256 1379 431 1446 simplicitatem.
447 1381 477 1432 Et
490 1381 542 1432 ideo
559 1382 583 1431 in
596 1383 657 1444 lieo,
672 1381 733 1434 sieut
744 1383 770 1433 in
784 1397 873 1435 summo

69 1468 148 1506 rerum
165 1454 260 1515 vertice,
277 1451 355 1504 ornain
366 1453 619 1517 supersubstantialiter
628 1453 778 1518 praeexistunt
790 1468 874 1506 secun-

70 1527 126 1580 dnm
137 1526 213 1590 ipsum
227 1539 293 1576 suum
308 1524 407 1590 simplex
421 1539 483 1581 esse,
498 1529 524 1574 ut
536 1525 658 1590 Dionysius
671 1521 728 1576 dicit
739 1526 764 1575 iu
781 1526 820 1577 lib.
836 1529 874 1577 De

70 1602 126 1652 dio.
147 1599 265 1659 Nomio,
279 1611 331 1664 oap.
349 1599 362 1648 l
378 1602 401 1648 et
412 1603 436 1648 2.
449 1595 529 1661 augeli
545 1601 620 1648 auum
632 1598 694 1649 iuter
707 1603 800 1650 ceteras
812 1613 875 1650 erea-

69 1677 133 1723 tures
146 1674 199 1722 sunt
214 1675 260 1720 beo
276 1669 449 1734 propinquiores
462 1673 486 1720 et
497 1669 629 1733 similiores3
641 1670 702 1739 unte
714 1673 738 1721 et
745 1666 811 1735 plura
821 1684 876 1735 par·

70 1744 165 1809 tioipent
177 1757 207 1794 ex
223 1743 323 1793 bonitate
334 1741 424 1805 divina,
440 1744 464 1791 et
478 1740 616 1806 perfectibs,
630 1744 656 1791 ut
668 1741 793 1807 Dionysius
806 1741 873 1804 dicit,

71 1887 162 1952 angelis
177 1885 326 1951 praeexistunt
336 1883 462 1950 simplicitas
476 1885 568 1949 quidem
581 1889 606 1935 et
620 1885 793 1936 immaterialibs
805 1884 874 1949 qulaur

70 1963 96 2012 in
104 1960 162 2025 ipsis
170 1959 246 2022 rebus,
257 1957 407 2022 multiplicius
419 1960 495 2008 autom
507 1957 692 2022 etimperleetlbs
702 1957 769 2022 qutm
779 1957 804 2007 in
816 1959 874 2010 lieo.

64 2035 144 2085 Omne
160 2033 236 2082 autem
250 2031 357 2096 prodest
369 2030 393 2079 in
407 2029 482 2094 aliquo
493 2031 546 2092 ,est
558 2029 583 2078 iu
592 2041 621 2080 eo
633 2037 674 2094 per
683 2031 775 2083 modum
789 2030 840 2094 ejus
850 2029 876 2079 in

69 2119 121 2171 quo·
129 2106 180 2169 est3
197 2104 272 2168 angeli
285 2107 361 2156 autern
371 2101 496 2153 meandum
509 2112 574 2152 suam
587 2105 691 2152 naturam
705 2105 758 2152 sunt
773 2102 877 2152 intellec-

72 2179 147 2230 tuales
163 2194 169 2228 :
185 2181 208 2228 et
220 2176 270 2226 ideo
283 2175 346 2226 sieut
361 2177 422 2226 Deus
433 2172 475 2238 per
487 2187 552 2224 suam
565 2174 688 2224 essentiam
701 2173 827 2224 materialia
838 2188 877 2225 co·

72 2249 177 2315 gnoscit,
189 2247 221 2300 ita
230 2247 305 2318 angeli
320 2259 346 2307 ea
360 2249 499 2312 cognoscunt
511 2259 553 2310 per
561 2246 605 2296 hoc
616 2246 676 2311 qubd
688 2248 743 2296 suut
752 2246 777 2296 in
787 2247 822 2297 eis
834 2260 877 2312 per

72 2333 127 2372 suas
139 2319 295 2384 intelligibiles
309 2319 406 2385 speeies.

104 2395 138 2444 nd
155 2393 254 2458 primunr
267 2405 320 2456 ergo
336 2391 473 2456 dicendum,
486 2389 546 2454 qubrl
559 2390 698 2442 intellectum
713 2394 749 2442 est
766 2391 876 2456 perfectio

71 2463 221 2529 intelligentis
240 2463 364 2515 secantium
383 2463 482 2528 speciem
501 2461 670 2526 intelligibilem
686 2477 754 2528 quam
772 2463 841 2513 babet
853 2463 877 2512 iu

71 2538 209 2588 intellectu:
224 2541 248 2586 et
263 2534 296 2586 sio
314 2535 404 2601 species
420 2534 573 2600 intelligibiles
590 2549 640 2597 quae
655 2537 710 2585 suut
721 2535 877 2586 inintellecta

72 2609 162 2674 angeli,
178 2611 231 2659 sunt
243 2608 394 2673 perlectioues
407 2611 431 2660 et
445 2610 510 2657 actus
523 2605 653 2657 intellectis
667 2607 772 2671 angelici.

104 2681 138 2731 bol
156 2679 280 2730 seeundum
296 2679 431 2741 dicendum,
445 2678 504 2744 qubd
523 2691 604 2730 seusus
617 2692 665 2729 non
674 2675 828 2743 ‘apprehendit
841 2692 877 2729 es·

72 2753 162 2804 sentias
172 2765 248 2802 rerum
256 2789 262 2813 ‚
271 2752 313 2802 sed
322 2750 433 2802 exteriora
442 2750 565 2802 accidentia
575 2749 677 2815 lautirm3
690 2751 794 2802 similiter
802 2764 877 2814 neque

72 2823 220 2896 imaginatio,
234 2824 275 2874 sed
288 2823 438 2892 apprehendit
450 2824 511 2874 solas
520 2822 687 2893 ⁴similitudines
697 2836 826 2892 corporum.¹
838 2823 878 2873 ln·
897 2841 924 2886 a<
935 2833 964 2874 ν

73 2886 268 2969 ῑξῆράῌέἓῃὲᾳφ
282 2888 343 2968 solus
354 2887 505 2962 apprehendit
515 2884 627 2947 essentias
638 2908 727 2958 rerum3
736 2894 875 2946 undeiulll.

74 2963 106 3020 de
117 2968 213 3022 Animo
226 2962 308 3022 dicitur
323 2965 334 3030 l'
340 2966 407 3022 'text‘
415 2969 449 3022 26'
456 2967 485 3036 )'‘,'
494 2963 558 3034 oubrl
571 2961 685 3033 obiectum
696 2965 828 3020 neuma
839 2971 876 3020 eat

195 3079 213 3112 κ
227 3073 325 3153 Met
344 3103 517 3163 eteskanestnel!
544 3117 746 3172 anea-andan
772 3107 849 3201 Aspis)

381 3170 494 3240 gleb-042!
516 3200 681 3249 “alfa-“Mae''
696 3222 764 3262 magi

770 3240 816 3266 ἔλα
