1992 3342
324 207 356 243 DE
368 206 410 243 mil
423 206 630 245 mammillatum.

372 354 530 405 inuentus
547 356 575 404 ll.

201 468 292 512 Uti-itm
300 478 352 511 eme
359 467 511 513 immutabile
519 468 551 513 sil
557 468 684 525 proprium
692 468 747 513 Dei.

110 586 141 637 ll
149 585 279 637 manniam
294 584 329 635 sic
349 584 480 648 mouentur
494 584 538 649 (l).
553 584 646 635 Videtur
656 583 717 648 quta
735 598 784 635 esse
798 585 881 635 immu-

80 657 143 707 tabile
155 670 201 707 nen
212 657 244 707 sit
257 654 379 719 preprium
386 656 437 706 bei.
450 655 511 705 llicit
520 654 582 705 enim
595 654 681 705 Philus.
692 654 717 704 in
727 656 757 704 ll.
768 655 878 719 Metapa.

81 726 136 791 quil
151 729 248 779 materia
258 731 295 779 est
304 727 332 777 in
344 727 409 777 amni
420 740 449 777 en
465 728 526 791 qnod
543 730 647 777 movetur
667 742 673 776 :
689 727 729 777 sed
748 727 881 778 substantia

79 798 177 862 quadam
185 803 283 861 neem,
297 798 443 860 sieutmgell
452 803 476 849 et
486 798 570 848 animm
577 832 585 859 ,
596 810 642 848 non
655 799 741 849 habant
751 797 879 860 materiam,

79 872 103 917 ut
111 869 245 933 quibam
256 870 369 921 vitetur:
382 882 438 933 ergo
450 882 501 920 esse
511 868 652 919 immutabile
664 882 710 919 non
719 871 754 919 est
762 868 881 933 preprium

108 1014 131 1057 Ξ.
143 1010 350 1074 &animumne
363 1010 426 1074 quel
435 1013 549 1073 movetur,
559 1013 663 1061 movetur
675 1013 769 1073 propter
781 1009 880 1073 atquem

83 1078 146 1129 inem
154 1095 159 1128 :
168 1081 230 1144 quud
240 1094 298 1145 ergo
306 1082 357 1145 jam
367 1080 476 1145 pervenit
488 1081 517 1133 ad
528 1080 633 1130 ultimum
646 1080 731 1143 linem,
743 1092 790 1130 nnn
803 1092 881 1130 meve·

84 1152 127 1199 tur.
135 1149 179 1200 Sel
187 1152 413 1214 quaeaamueature
423 1150 472 1214 jam
482 1153 637 1215 pervenerunt
646 1151 676 1201 ad
685 1150 790 1200 ultimum
800 1150 880 1212 lnam,

82 1217 137 1270 sient
148 1233 229 1271 omnes
237 1222 311 1272 beati.
333 1224 395 1285 Ergo
413 1222 495 1285 aliqum
513 1224 623 1271 ereatura
641 1223 694 1271 sunt
711 1220 848 1271 immobiles.

111 1293 134 1339 3.
147 1290 277 1354 materen,
291 1304 361 1342 omne
378 1290 440 1354 quoi
454 1294 490 1341 est
503 1289 627 1351 mutabile,
642 1293 677 1341 ast
693 1288 811 1339 variabile.
834 1289 881 1339 Sel

80 1358 155 1411 firmae
172 1364 230 1411 sunl
244 1361 407 1424 invariabiles,
420 1361 503 1411 (licitur
516 1360 578 1411 enim
592 1359 618 1409 in
632 1358 699 1407 libro
716 1361 787 1407 sento
808 1360 883 1409 Prim-

79 1430 207 1493 eipiorum
220 1432 285 1495 qubl
297 1432 372 1483 terma
384 1435 421 1483 eet
430 1431 528 1495 simplici
539 1434 562 1481 el
574 1427 705 1481 invariabili
714 1428 814 1479 essentia
830 1442 883 1480 eun·

85 1500 165 1552 istem
180 1518 187 1551 :
202 1516 260 1564 ergo
277 1516 326 1553 nen
341 1507 377 1553 est
392 1502 464 1553 selim
479 1502 522 1553 bei
538 1500 657 1567 proprium
669 1512 719 1551 esse
732 1500 882 1551 immutabile.

115 1572 160 1621 Sel
173 1576 256 1623 eontra
271 1576 309 1623 est
313 1610 323 1636 ‚
346 1574 408 1637 qual
421 1573 627 1637 matlingestrate
639 1572 664 1622 in
681 1571 721 1623 lib.
737 1572 774 1621 De
788 1576 883 1621 nutura

86 1640 155 1692 boet:
161 1660 175 1691 a
181 1644 250 1695 Solus
259 1644 322 1693 bens
331 1643 480 1694 immutabilis
488 1648 524 1695 est
538 1659 544 1693 ι
557 1656 607 1709 qum
620 1647 698 1695 antem
707 1642 762 1694 lenit
766 1680 776 1706 ,
790 1642 843 1707 quia
856 1656 885 1693 ex

81 1712 152 1764 nibilo
167 1716 239 1778 suni,
250 1714 371 1765 mutabilia
382 1718 438 1765 sunt
447 1714 490 1780 (a).
497 1732 512 1763 »

111 1783 311 1849 (inmanem-
318 1785 384 1835 Solus
396 1785 459 1835 baua
470 1785 617 1837 immutabilis
626 1789 662 1837 est
667 1823 676 1849 ,
688 1784 765 1837 omnia
774 1784 830 1835 verb
841 1783 885 1834 alia

80 1852 156 1918 aliane
166 1855 238 1905 medo
254 1854 386 1918 mutabilia,
403 1856 443 1906 vel
460 1868 503 1919 per
522 1856 648 1920 petemiam
666 1856 692 1905 in
709 1856 768 1918 alie,
788 1856 827 1905 vel
843 1867 886 1917 per

77 1924 209 1987 potentiam
219 1923 246 1973 in
254 1925 335 1987 se,vel
344 1926 530 1977 menndnmesse
543 1925 691 1977 substantiale
703 1928 727 1975 et
737 1924 885 1987 assidentum,

74 2007 117 2047 eeu
129 1995 262 2047 malum
275 2007 327 2045 esse
338 1996 479 2047 amiatentale
491 2008 633 2061 armumque
646 1993 734 2058 molo.)

106 2066 253 2131 &munden
270 2065 408 2131 limatum,
423 2066 485 2131 qubd
496 2068 558 2119 solus
574 2070 635 2118 bens
648 2070 683 2117 est
700 2065 792 2116 omnine
804 2066 886 2117 immu-

103 2181 137 2245 (1)
152 2184 189 2229 Ite
203 2183 242 2227 liis
254 2183 326 2229 etiam
337 2186 358 2229 1.
370 2184 449 2235 Sami„
462 2185 516 2229 list.
528 2185 551 2241 s,
567 2188 649 2241 qnoest.
661 2182 684 2241 3,
699 2190 741 2229 art.
757 2182 769 2229 1
782 2190 805 2230 et
820 2185 849 2237 a;
863 2191 887 2231 et

71 2244 185 2302 (115119,
200 2257 242 2300 qu.
260 2243 285 2302 5,
301 2252 345 2290 art.
366 2246 396 2300 3;
409 2253 434 2291 et
449 2246 517 2292 Cant.
533 2246 613 2297 Gemi„
627 2246 668 2291 lib.
680 2248 705 2305 1,
724 2258 776 2303 cap.
792 2246 831 2304 13,
847 2246 885 2305 tt,

73 2307 112 2361 ¹53
127 2314 155 2354 et
170 2307 266 2365 Opun-
279 2308 323 2365 111,
337 2319 390 2365 cap.
403 2308 428 2366 i,
445 2307 483 2368 ln,
497 2307 536 2368 1⁷,
552 2306 608 2368 111,
621 2307 679 2362 Ξθῖς
694 2313 718 2354 et
731 2308 790 2353 inira
805 2315 886 2365 quaest.

75 2369 115 2429 ts,
131 2376 181 2415 art.
196 2367 238 2427 15,
251 2374 276 2413 et
285 2380 327 2424 qu.
341 2369 380 2429 ru,
393 2376 438 2417 art.
451 2370 475 2416 ’1,

106 2437 142 2501 (8)
155 2440 221 2485 mne
232 2444 259 2483 et
270 2439 391 2501 Pium,
400 2441 441 2487 nbi
449 2453 518 2497 supra
530 2440 562 2499 de¹
570 2441 632 2486 omlis
639 2440 695 2497 ipsis
703 2457 709 2483 ι
718 2439 890 2489 llutubumtur,

78 2500 117 2546 Tu
127 2506 214 2547 utem
222 2500 291 2545 idem
302 2502 354 2559 ipae
366 2516 391 2549 ee
403 2522 410 2547 .-
423 2503 446 2548 irl
458 2510 494 2548 est
506 2502 681 2549 immutabilem
694 2502 763 2547 babes
775 2506 891 2547 buturum

75 2570 327 2632 (veiiuvttl'ilit'lem,
340 2563 465 2634 ἄτρεπτον)
479 2575 512 2619 ait
521 2575 606 2621 ibidem
622 2574 787 2619 Tbendurems.
804 2573 891 2629 Quippe

74 2647 125 2679 nnn
145 2639 214 2680 esset
238 2633 307 2680 idem
330 2637 397 2692 ipae,
418 2636 438 2681 si
456 2636 573 2683 mutabilis
591 2642 653 2681 esset
669 2637 693 2681 in
711 2635 797 2692 aliquid
814 2634 891 2692 aliud,

74 2702 103 2740 nt
115 2697 219 2754 llyrilins
234 2695 414 2755 philosophatur
431 2699 456 2743 in
474 2698 594 2744 Tbaaamro
611 2699 644 2743 ib.
659 2700 725 2757 xllt,
739 2697 779 2743 ubi
793 2703 817 2741 et
830 2696 893 2741 addit

75 2757 136 2803 iilud
149 2758 267 2814 limet,
281 2760 325 2818 ΠΙ,
339 2772 401 2807 vers.
420 2760 450 2806 32
462 2759 532 2806 Sedet
543 2763 572 2807 im
585 2760 759 2818 sempiternam
772 2762 794 2803 et
809 2769 853 2801 aloa
864 2758 893 2801 im

77 2838 162 2902 mum
183 2826 341 2887 pertbtmm,·
364 2830 394 2877 ari
415 2832 627 2877 immutabilitatem
642 2830 725 2875 livium
747 2832 835 2872 naturae
853 2814 894 2879 (τὸ

81 2891 244 2957 wadium)
260 2899 419 2947 indicantium.
