1992 3342
129 211 175 257 688
311 220 371 256 rans
387 220 409 268 r,
427 217 519 264 oonsr.
537 217 616 269 novar,
634 217 689 255 arr.
706 216 742 252 nr.

421 359 578 411 annonas
594 358 635 408 111.

323 468 407 514 Utrum
416 470 449 514 sit
455 481 521 514 anua
528 467 634 512 mundus
643 466 746 510 matun.

162 578 197 630 lu
211 577 302 628 mutium
318 576 350 628 sic
366 577 495 642 proceditur
508 575 552 642 (1).
572 575 667 626 Videtur
680 573 742 636 qnod
758 588 807 626 non
826 574 860 626 sit
878 590 934 626 nnus
986 618 988 633 s

131 651 227 700 mundus
241 648 328 698 mnium
335 687 343 712 ,
362 651 402 700 sed
419 650 505 714 plures.
521 647 576 707 Quia
592 652 618 698 ut
633 647 772 709 Augustinus
784 646 844 697 dicit
857 648 885 698 iu
897 648 934 698 lib.

130 721 249 784 LXXXIII,
268 721 440 782 Quaestionum
456 721 510 784 (qu.
526 717 846 785 to):«1noouveniensest
864 720 935 772 dicore
986 744 987 779 3

131 792 190 857 quod
210 793 272 842 Deus
293 792 342 842 sine
360 791 447 842 ratione
465 805 502 841 res
529 791 622 840 creauit.
643 807 657 838 u
675 791 719 841 Sed
734 790 763 840 el
778 791 873 842 rationo
893 804 934 856 qua

131 863 217 914 creauit
231 878 301 914 unum
307 902 315 928 ,
325 863 399 929 potuit
412 875 488 914 creare
498 863 598 925 multos3
609 861 660 911 oum
672 861 723 925 ejus
731 862 838 926 potentia
849 877 899 914 non
910 863 936 912 sit

131 935 226 986 limilala
238 937 266 986 ad
278 935 346 986 unius
360 935 438 985 mundi
453 935 606 997 creationem,
616 935 656 983 sel
665 937 700 983 est
709 933 815 998 infinita,
826 939 854 984 ut
863 939 936 986 osten

132 1021 182 1056 sum
192 1011 226 1057 esi
235 1007 288 1072 (qu.
300 1013 312 1058 7
324 1011 347 1058 et
360 1006 412 1072 25).
428 1007 486 1068 Ergo
500 1008 561 1056 Deus
573 1006 650 1070 plures
663 1006 762 1055 mundos
774 1007 897 1070 produxit.

164 1083 187 1128 2.
204 1079 330 1142 Praeterea,
342 1083 422 1130 natura
438 1078 494 1128 lacit
507 1079 568 1142 quod
579 1078 659 1128 melius
675 1080 711 1127 est
719 1115 727 1141 ‚
738 1081 763 1127 et
776 1077 851 1130 multo
867 1080 936 1144 magis

130 1150 191 1200 Deus
205 1149 248 1216 (2).
261 1151 306 1202 Sed
322 1150 400 1201 melius
411 1153 470 1201 esset
483 1162 533 1200 esse
548 1150 625 1214 plures
637 1149 749 1211 mundos,
764 1149 836 1213 qulam
851 1166 931 1212 unum,

132 1221 184 1286 qnia
198 1223 263 1286 plura
276 1224 336 1274 bonu
351 1221 496 1288 paucioribus
508 1221 601 1272 meliora
614 1223 676 1270 sunt.
693 1221 753 1284 Ergo
767 1221 848 1285 plnres
861 1223 937 1274 mnndi

134 1293 188 1344 tacti
201 1297 253 1343 suut
267 1291 280 1343 l
292 1295 346 1344 lleo.

166 1369 188 1414 3.
207 1368 335 1426 Praeterea,
349 1379 415 1416 omne
429 1365 489 1430 quod
500 1364 570 1416 habet
583 1363 680 1414 formam
692 1361 717 1417 in
733 1363 845 1427 materia,
862 1370 937 1430 polest

134 1436 277 1499 mulIIplicari
295 1436 418 1487 secuudum
429 1451 562 1498 numerum,
572 1439 680 1486 manente
692 1435 772 1484 eadem
782 1435 875 1501 specio,
887 1439 938 1502 qnia

134 1509 293 1574 multiplicatio
307 1507 430 1559 secundum
440 1523 558 1558 numerum
574 1511 609 1558 est
622 1522 650 1559 ex
661 1507 765 1557 matella.
776 1507 823 1558 Sed
840 1511 938 1559 mundus

134 1580 204 1630 habet
218 1581 311 1630 lormam
321 1580 345 1630 iu
360 1580 453 1632 materia
470 1578 547 1630 :siout
558 1579 620 1630 eninr
630 1577 681 1628 oirm
691 1578 757 1639 dico,
770 1578 855 1637 tomo,
870 1582 939 1644 signi-

135 1651 177 1702 sno
198 1653 307 1716 lormam;
322 1667 373 1704 cunr
393 1657 468 1704 auteur
484 1652 547 1716 dico,
562 1650 601 1700 laic
615 1650 703 1706 homo,
718 1649 826 1714 significo
843 1651 937 1703 formam

135 1723 158 1772 ln
172 1724 263 1773 materia
272 1744 279 1784 3
289 1724 335 1786 ita,
345 1724 396 1775 olum
406 1725 487 1775 dicitur
499 1723 619 1781 mundar,
633 1722 776 1786 significatur
785 1721 877 1790 lorma3
889 1724 937 1774 olm

136 1799 210 1846 aulem
232 1795 313 1846 dioilur
329 1796 369 1846 lu'c
387 1796 511 1859 oriundae,
530 1794 670 1857 significatur
688 1794 762 1844 sonna
784 1792 811 1844 in
834 1796 936 1847 materia.

136 1867 194 1930 ffigo
207 1865 262 1916 nihil
274 1868 379 1932 prohibei
392 1881 442 1918 esse
455 1866 531 1932 plures
544 1866 649 1918 mundos.

167 1939 213 1988 Sed
229 1944 306 1990 contra
320 1943 363 2002 est,
372 1940 432 2004 quod
447 1935 791 1991 ucitorrmn.,1:«rluuous
806 1951 852 2002 per
866 1938 939 2005 ipsum

137 2011 211 2061 lactus
227 2013 261 2062 est
279 2027 284 2060 :
304 2027 317 2058 o
334 2010 374 2061 ubi
393 2010 539 2074 singulariter
558 2007 692 2059 mundum·
709 2009 859 2073 nominavit,
879 2009 940 2076 quasi

137 2097 183 2134 uno
197 2083 245 2133 solo
258 2084 342 2134 mundo
356 2082 476 2132 existente.

170 2153 327 2220 (Conclusio.
342 2180 373 2190 -
386 2152 443 2204 Cium
458 2151 579 2203 universas
589 2154 704 2202 creaturas
717 2153 746 2202 ad
760 2165 786 2202 se
801 2155 826 2204 et
840 2152 940 2205 inuicem

138 2225 248 2276 mirabilis
267 2227 363 2290 quodam
375 2224 452 2276 ordine
465 2223 590 2274 instituerit
601 2223 674 2288 Deus,
684 2237 756 2274 unum
770 2225 865 2277 tantum
877 2241 940 2277 muu-

138 2299 205 2359 dum,
217 2301 240 2348 et
252 2311 297 2348 nou
311 2298 386 2362 plures
397 2309 481 2362 ponere
496 2295 635 2346 conueniens
646 2295 706 2359 est.)

170 2369 304 2432 Responleo
316 2368 447 2432 dicendum,
459 2367 521 2431 quod
531 2367 581 2431 ipse
592 2367 646 2416 ordo
656 2367 681 2416 in
691 2367 759 2416 rebus
771 2365 786 2417 lu
797 2367 850 2420 Deo
859 2369 941 2420 creatis

139 2441 238 2493 existens
251 2441 360 2491 lenitatem
376 2438 455 2489 mundi
468 2438 607 2489 manifestat.
624 2438 720 2488 llnndus
737 2437 800 2489 onim
817 2440 864 2491 iste
883 2453 942 2491 unus

139 2512 219 2564 dicitur
231 2512 318 2564 unitate
334 2511 433 2574 ordinis,
447 2510 572 2560 secumdum
585 2508 644 2574 quod
658 2510 761 2574 quaedam
774 2511 804 2560 ad
817 2511 865 2563 alia
880 2512 940 2564 ordi·

173 2631 203 2694 (1)
216 2635 249 2678 Ile
259 2633 295 2678 his
306 2631 375 2680 ollam
387 2629 410 2677 1.
423 2636 505 2688 quaest.
518 2629 546 2689 3,
559 2630 587 2675 de
602 2635 702 2688 potent,
715 2628 817 2682 art.1tl;
830 2631 889 2676 otln
900 2632 942 2677 XII

140 2695 224 2744 Mella„
239 2697 255 2740 l.
271 2695 295 2753 7,
310 2697 355 2740 col.
371 2693 398 2752 9,
415 2693 466 2748 lln.;
478 2701 503 2738 ot
513 2695 533 2738 1.
544 2693 615 2742 coelo',
625 2693 680 2738 loct.
696 2691 735 2752 16,
750 2705 824 2749 usque
841 2695 871 2739 acl
884 2695 926 2739 ἥ.

175 2763 205 2824 (2)
220 2768 254 2810 Ex
269 2766 311 2809 lib.
326 2769 336 2810 1
353 2767 532 2814 Politicoram,
547 2777 599 2821 cap.
615 2763 648 2822 8,
664 2764 743 2809 versus
762 2763 847 2819 {luem3
862 2771 887 2810 ot
898 2765 941 2810 lib.

141 2828 175 2872 De
188 2827 335 2870 animalium
349 2829 460 2878 incerare,
473 2841 526 2884 cap,
541 2827 583 2886 12,
600 2832 652 2883 post
665 2827 815 2882 principium
835 2833 861 2872 et
874 2828 919 2872 llb.
932 2827 943 2870 1

141 2889 175 2932 De
188 2891 294 2943 uenerat.
306 2890 464 2940 animalium,
475 2903 528 2946 cap.
538 2889 562 2950 t,
575 2890 652 2934 statim
661 2889 675 2932 al
683 2889 796 2946 prinprio
807 2889 888 2946 quoad
901 2902 943 2934 nn·

141 2955 215 2992 turam
229 2960 235 2992 :
250 2949 290 2992 sed
304 2957 389 3004 quanto
404 2953 477 3010 magis
487 2955 549 2998 Deus
563 2952 645 2998 autlror
658 2946 760 2998 nature?
