1992 3342
111 202 158 252 stt
297 208 358 249 reas
370 208 393 258 r,
409 210 500 256 oussr.
515 208 586 259 muri,
604 210 657 250 aar.
671 210 715 250 vu.

112 290 168 341 teris
179 294 204 341 et
213 288 266 340 uovi
276 287 428 349 Testamenti,
441 288 466 337 iu
477 287 559 351 mubus
573 288 675 351 quedam
686 301 722 339 res
732 289 908 353 praeexistentes

111 366 254 414 mmor
269 364 297 413 ad
311 361 395 425 siquid
408 360 592 424 mguidcaudum3
606 362 645 411 sed
657 361 754 425 Spiritus
767 368 862 415 sauctus
874 364 907 415 vi·

111 433 207 485 albiliter
224 434 305 486 dicitur
320 447 370 485 esse
383 432 464 483 missus
474 470 481 494 ,
493 431 519 481 in
533 434 643 495 quantum
658 433 702 483 luit
720 438 862 486 monstratus
882 436 906 487 iu

110 504 242 568 quibusdam
252 505 374 568 creaturis,
386 505 444 555 sicut
456 504 481 553 iu
494 502 566 565 signis
580 505 607 553 ad
618 504 662 553 hoc
675 502 805 567 specialiter
815 506 890 558 iactis.

143 577 177 626 ld
186 576 277 627 tertimo
286 577 414 639 dicendum,
425 574 485 639 qubd
494 573 550 624 licdl
562 574 613 624 illas
623 578 737 626 creaturas
747 574 852 629 visibiles
861 582 907 629 tota

111 646 209 697 'l'rimtm
221 651 314 711 operata
323 648 365 709 sit,
376 651 453 696 emen
463 646 529 696 tecle
543 646 634 695 suntad
646 646 847 699 demonstrandum
857 663 907 713 spe-

112 717 199 767 cialiter
211 720 271 767 bauo
281 720 318 768 uel
329 718 391 767 illam
402 730 524 781 personam
535 732 541 765 ε
556 716 686 767 sicutenim
700 717 798 769 diversis
809 720 906 770 nomimi-

113 788 157 838 bus
172 788 310 850 derideatur
324 791 392 839 Pater
405 791 429 838 et
442 788 513 837 Fidus
526 791 550 838 et
560 788 656 851 Spiritus
668 791 777 851 sanctus,
788 790 821 840 ita
839 792 907 843 etiam

112 858 208 909 diversis
221 861 288 909 rebus
303 858 425 922 smuidmri
441 861 579 922 potueruunt,
593 858 697 921 quamvis
713 857 775 909 iuter
791 874 833 912 eos
847 862 906 913 nulla

112 928 144 978 sit
154 929 267 993 separatio
280 933 319 979 aut
331 929 458 979 diversitas.

144 1002 178 1050 ad
189 1006 294 1064 sumtum
305 1002 438 1060 dicendum,
449 1000 509 1063 qudd
522 1012 641 1063 personam
653 1000 706 1049 Filii
719 1000 833 1051 declarari
843 1015 908 1067 opor·

112 1070 170 1134 tuit,
184 1076 209 1121 ut
222 1072 405 1122 sanctificationis
414 1073 544 1133 authorem,
557 1074 581 1119 ut
593 1070 677 1119 dictum
689 1074 737 1134 est3
746 1076 770 1122 et
779 1072 833 1123 ideo
842 1087 909 1137 opor-

113 1144 157 1193 tuit
165 1143 226 1207 qubd
240 1143 317 1195 missio
327 1143 422 1193 visibilis
433 1143 485 1193 lilii
498 1142 564 1192 deret
576 1140 698 1192 secuudum
711 1146 818 1193 naturam
835 1146 908 1196 ratio-

114 1216 203 1280 nalem,
216 1217 283 1280 cujus
295 1220 331 1266 est
342 1228 410 1279 agere
425 1219 449 1265 et
460 1214 497 1264 cui
514 1217 588 1277 potest
606 1216 735 1277 competere
753 1215 905 1267 sanctificare.

114 1287 223 1338 ludicium
244 1292 320 1339 autem
338 1285 522 1336 mctidcatiouis
542 1296 591 1335 esse
608 1284 682 1348 poluit
701 1296 847 1350 quecunque
865 1287 908 1337 alia

113 1364 230 1425 meatuum
240 1373 314 1424 meque
323 1358 422 1422 oportuit
430 1357 490 1421 qubd
497 1362 600 1407 creatura
607 1355 703 1405 visibilis
710 1358 738 1406 ad
751 1358 796 1408 boc
802 1359 907 1421 formata,

113 1436 175 1482 esset
187 1435 301 1495 assumpta
314 1429 327 1479 l
338 1429 422 1493 Spiritu
433 1432 511 1478 saneto
521 1428 545 1477 iu
553 1427 664 1477 unitatem
675 1440 786 1492 perseum,
799 1429 854 1479 cim
863 1444 908 1481 nou

113 1506 266 1553 assumeretur
276 1502 305 1552 ad
317 1500 401 1565 aliquid
411 1500 532 1562 agendum,
548 1499 588 1549 aed
603 1498 630 1547 ad
647 1498 795 1553 iudicandum
808 1502 907 1565 tautbm3

114 1576 139 1621 et
150 1577 241 1637 propter
254 1574 298 1623 bec
306 1572 376 1622 etiam
389 1584 436 1621 nou
450 1569 551 1633 oportuit
560 1567 620 1633 qud
632 1570 732 1633 duraret,
745 1569 790 1620 uisi
800 1566 908 1636 quamdiu

115 1648 235 1707 perageret
250 1643 349 1694 citimum
367 1656 441 1693 suum

147 1716 179 1765 le
189 1714 295 1777 quintum
307 1714 425 1763 dicendum
430 1750 439 1775 ‚
449 1711 510 1776 qudd
518 1712 564 1762 ille
575 1714 684 1761 creaturae
693 1710 796 1762 visibiles
806 1714 910 1766 formate

116 1788 169 1836 suut
185 1784 309 1836 ministerio
322 1786 467 1847 angelorum,
480 1797 528 1834 uon
539 1787 618 1833 mmeu
631 1782 659 1831 ad
671 1781 847 1842 significandum
860 1800 911 1849 per·

115 1868 195 1907 somam
206 1855 294 1918 augeli,
304 1857 344 1906 sed
354 1856 384 1905 ad
396 1854 567 1919 sigolteuudum
579 1866 699 1918 personam
711 1853 809 1917 Spiritus
827 1856 909 1908 sancti.

116 1928 174 1987 Quia
185 1927 255 1991 igilur
263 1928 361 1991 Spiritus
372 1931 465 1978 sauctus
478 1930 528 1977 erat
544 1925 627 1975 inillis
642 1924 751 1975 creaturis
764 1925 908 1985 visibilibus,

116 1998 176 2049 deut
190 1999 303 2063 signatum
317 1999 343 2048 in
357 2000 436 2061 siguo,
447 2002 541 2062 propter
553 1998 599 2048 boc
615 1994 739 2046 secuudim
756 2009 797 2047 eas
815 1999 913 2063 Spiritum

117 2065 211 2121 metus
221 2069 340 2121 visibiliter
350 2070 410 2119 mitti
422 2070 514 2133 dicitur,
528 2073 552 2119 et
564 2082 610 2119 uou
624 2067 726 2131 angelus.

149 2144 183 2192 lid
192 2143 282 2194 sextum
294 2142 427 2201 dicendum,
440 2140 501 2205 qued
512 2153 559 2191 uou
566 2144 601 2191 est
609 2141 637 2189 de
647 2138 781 2189 necessitate
792 2138 915 2193 inuisibilis

117 2211 247 2276 missionis,
261 2216 287 2261 ul
299 2225 388 2276 semper
399 2210 556 2261 manifestetur
566 2222 608 2274 per
621 2210 711 2274 aliquod
720 2209 811 2272 siguum
823 2212 912 2263 visibile
984 2206 985 2237 ³

117 2283 231 2348 exterim3
247 2286 287 2334 sed
303 2284 362 2334 deut
377 2282 470 2345 dicitur,
483 2283 502 2331 l.
519 2285 584 2337 cor„
599 2282 657 2331 llll:
674 2298 688 2329 o
699 2280 854 2334 llauilestatio
867 2284 912 2349 spi·
984 2326 985 2337 ,

119 2353 176 2404 ritule
188 2356 254 2406 datur
266 2354 332 2405 alicui
345 2356 374 2406 ad
385 2352 506 2403 utilitatem
516 2369 531 2399 o
540 2353 638 2417 (sauctae
649 2352 753 2403 Emissis
762 2354 787 2416 l,
798 2368 852 2417 queo
863 2356 910 2420 qui·

119 2425 171 2475 dem
184 2427 270 2477 utilitas
278 2431 327 2488 est,
336 2428 362 2475 ut
377 2438 419 2489 per
430 2423 561 2487 hujusmodi
573 2422 672 2473 visibilia
682 2422 746 2486 sigua
761 2422 819 2475 tides
830 2426 912 2477 coudr-

119 2499 194 2545 metur
205 2500 229 2546 et
238 2500 381 2560 propagetur.
391 2496 455 2555 Quod
464 2494 554 2559 quidem
564 2492 718 2559 principaliter
727 2494 815 2545 tactum
825 2501 862 2547 est
873 2511 914 2563 per

120 2566 232 2618 Christum
243 2571 267 2617 et
276 2581 317 2631 per
328 2569 454 2633 apostolos,
465 2567 590 2617 secuudlvm
600 2566 655 2617 illud
660 2604 669 2629 ,
679 2564 764 2619 Hedr„
777 2566 798 2615 ll
812 2582 819 2615 :
832 2585 847 2615 <r
857 2569 913 2621 Cim

119 2638 210 2687 initium
222 2638 345 2702 accepisset
357 2638 457 2689 enarrari
468 2652 509 2703 per
519 2638 636 2689 bominum
646 2638 673 2687 ab
684 2637 717 2687 eis
728 2636 767 2700 qui
779 2638 912 2705 audieruut,

119 2709 145 2757 in
155 2722 196 2757 uos
205 2708 335 2759 confirmata
348 2713 390 2759 est.
405 2727 419 2755 o
430 2710 458 2759 Et
467 2710 519 2759 ideo
533 2710 660 2774 specialiter
674 2708 751 2759 debuit
766 2706 818 2759 fieri
835 2710 913 2764 missio

120 2778 215 2828 visibilis
225 2778 322 2840 Spiritus
329 2780 401 2830 saucii
410 2782 438 2831 ad
448 2781 572 2844 Christum,
581 2783 608 2831 ad
619 2780 742 2843 apostolos,
750 2782 772 2828 el
785 2781 814 2829 ed
824 2782 914 2846 aliquos

119 2848 245 2911 primitivos
262 2848 370 2912 Sauetos,
383 2852 408 2901 iu
424 2853 506 2914 quibus
525 2852 689 2915 quodammodo
707 2850 808 2900 Ecclesia
830 2854 914 2905 sunua-

120 2920 203 2980 batur3
217 2917 250 2967 ita
261 2922 339 2969 mmeu
350 2922 411 2982 qued
423 2922 520 2973 visibilis
529 2922 610 2973 ‘mmsis
624 2924 683 2973 lacta
700 2921 728 2971 ud
742 2920 859 2973 Christum
873 2924 914 2975 de·
