1992 3342
330 202 365 236 os
383 204 424 237 osu
439 202 598 240 nrnruurrnrs.
827 192 871 241 tar

60 288 137 327 omnes
158 276 292 327 durationes
313 282 367 326 sont
384 291 470 341 unum,
489 280 509 328 si
527 280 682 331 consideretur
695 293 774 331 eorum
789 280 873 345 prinei-

57 349 131 411 pium;
144 352 200 398 sunt
213 348 269 398 verd
280 349 373 411 multa),
388 350 409 399 si
423 351 579 401 consideretur
593 352 713 402 diuersitas
725 366 805 401 eorum
822 366 872 415 quar

57 420 169 483 recipiunt
191 419 338 469 durationem
363 433 394 469 er
413 420 501 471 iodrum
521 422 589 485 primi
609 422 724 487 principii.
749 423 793 473 ulii
816 422 873 473 'uerd

41 492 171 553 ‚assignant
178 504 274 541 eausam
283 492 381 541 unitatis
387 493 497 556 temporis
503 506 532 543 er
539 498 603 557 parte
613 495 713 544 materis
723 494 812 558 primm,
820 509 872 557 quae

56 569 92 611 est
103 564 202 625 primurn
212 563 345 625 subjectum
359 568 436 612 motus
447 601 455 626 ‚
467 566 533 627 euius
544 578 650 614 mensura
663 569 698 615 est
713 570 811 629 tempus.
826 567 870 615 Sed

54 633 606 699 nentraassiguatiosunflioiensuideturtquiaeo,
615 638 871 700 quaesuutonompriu-

52 704 118 768 cipio
124 706 162 755 uel
168 706 282 769 subjecto,
289 718 339 755 non
345 708 477 753 suntunum
483 707 670 770 siroplioiter,sed
676 706 868 769 seeundumqoid.

84 778 126 826 Est
141 790 196 838 ergo
213 789 272 825 uera
285 776 347 826 ratio
366 775 462 825 unitatis
474 778 583 841 temporis
601 777 676 826 unitas
691 778 760 841 primi
777 783 867 838 motus,

47 849 178 898 seeundum
192 861 280 910 quem,
297 846 352 896 edm
365 847 397 896 sit
413 847 606 911 simplicissimus,
622 862 701 898 omnes
718 848 758 897 alii
776 862 869 897 monsu-

47 924 142 981 rantur‚
158 923 187 968 ut
207 919 293 968 dieitur
310 919 336 967 in
351 920 382 980 x,
400 920 508 982 lletopd.
524 920 562 969 Sic
579 934 633 983 ergo
650 924 740 983 tempus
758 920 785 981 od
804 919 868 969 illoru

44 996 137 1039 motum
148 993 299 1053 eomparatur
313 1004 361 1039 non
374 990 449 1039 solnm
457 993 482 1038 nt
492 1004 598 1041 mensura
608 993 636 1041 ad
646 994 815 1051 mensuratum,
829 991 868 1038 sed

43 1062 120 1110 etiarn
140 1066 167 1110 ut
188 1060 299 1109 accidens
320 1062 349 1110 ad
368 1060 511 1125 subjeetump
526 1066 549 1111 ot
569 1062 602 1111 sio
619 1064 647 1113 ab
668 1075 695 1111 eo
716 1060 797 1123 recipit
818 1060 870 1108 uni-

45 1138 137 1192 tatem3
150 1134 182 1181 ad
196 1132 348 1183 aliosautem
358 1135 586 1197 molnseomparatur
599 1132 673 1183 solium
683 1136 709 1180 ut
722 1144 827 1181 mensura
841 1132 869 1179 ad

44 1207 212 1252 mensuratum
233 1218 239 1251 z
261 1204 324 1252 node
343 1203 470 1252 secondum
482 1216 560 1253 eorum
574 1204 740 1253 multitudinem
754 1216 800 1251 noo
813 1203 871 1251 mul·

43 1276 180 1340 tiplicator,
191 1274 305 1336 quianon
314 1286 425 1324 mensura
434 1278 538 1337 separata
549 1276 619 1323 multa
629 1274 756 1324 mensurari
767 1277 869 1337 possunt.

43 1350 96 1397 ltoe
120 1346 196 1408 igitur
212 1344 303 1406 habito,
319 1345 440 1395 sciendum
452 1344 513 1407 qudd
526 1346 554 1395 de
571 1344 703 1395 substantiis
718 1344 873 1407 spiritualibus

41 1420 135 1482 duplex
149 1416 198 1466 fuit
219 1416 309 1479 opinio.
326 1414 424 1473 Quidam
443 1417 504 1465 enim
519 1417 642 1477 dixerunt,
654 1413 713 1477 qudd
729 1426 808 1463 omnes
820 1427 873 1476 pro·

41 1493 171 1538 cesserunt
185 1487 200 1536 d
215 1488 265 1536 ileo
279 1485 305 1534 in
319 1486 418 1548 modam
433 1487 575 1549 aequalitate,
589 1490 615 1533 ut
628 1486 739 1546 Origenes
752 1484 809 1533 dixit
818 1482 868 1548 (1):

40 1563 82 1608 vel
99 1561 182 1609 multae
200 1571 297 1619 earnm,
310 1561 337 1605 nt
355 1556 449 1619 qnidam
467 1560 597 1619 posuerunt.
619 1556 664 1607 dlii
678 1554 732 1605 uero
746 1554 869 1617 dixerunt,

37 1631 105 1695 qnod
123 1643 208 1680 omnes
231 1627 370 1678 substantiae
393 1626 522 1691 spirituales
541 1632 701 1692 processerunt
717 1628 731 1676 i
748 1629 795 1677 lieo
814 1640 870 1690 quo-

36 1708 91 1752 dum
116 1703 197 1766 gradu
216 1703 243 1749 et
262 1699 355 1748 ordine.
377 1700 408 1748 Et
425 1698 469 1746 hoo
487 1699 577 1749 ridetur
591 1700 676 1749 sentire
691 1699 813 1762 Dionysius
830 1698 868 1759 qui

33 1776 96 1823 dicit
108 1778 141 1822 1⁰
156 1786 215 1836 cap.
232 1769 427 1829 cortiliorum,
442 1768 502 1829 qudd
519 1770 578 1821 inter
591 1770 729 1821 substantias
741 1769 870 1833 spirituales

32 1852 90 1895 sunt
99 1846 199 1911 primae,
214 1840 306 1891 mediae
319 1843 345 1890 et
354 1838 454 1900 ultimae,
464 1840 532 1889 etiam
543 1841 567 1890 io
578 1856 623 1891 uno
633 1842 713 1892 ordine
727 1840 867 1901 angelorum.

32 1919 174 1968 Secundum
189 1913 270 1977 igitur
284 1911 385 1975 primam
405 1908 537 1973 opinionem
557 1926 649 1963 neeesse
669 1916 704 1961 est
720 1910 795 1959 dioere
810 1907 869 1969 quod

29 1996 84 2039 suot
96 1991 173 2055 plura
189 1996 264 2045 aeva,
286 1982 416 2031 seeundum
435 1979 496 2043 quod
516 1987 569 2031 sunt
583 1984 647 2045 plura
666 1981 775 2031 aeviterna
797 1976 869 2041 prima

29 2062 143 2124 nonalia.
161 2054 312 2107 Secundum
325 2056 404 2101 autem
411 2052 534 2101 secundam
542 2053 673 2117 opinionem
683 2053 773 2115 oportet
783 2048 869 2108 dicere,

26 2135 87 2195 qood
105 2133 143 2184 sit
162 2138 250 2179 unum
268 2136 348 2173 aevom
366 2121 471 2183 tantum,
484 2122 537 2184 quia
550 2122 603 2172 oium
615 2122 792 2185 unumquodque
807 2132 871 2168 men-

25 2209 118 2254 suretur
132 2194 331 2264 simplicissimo
342 2193 379 2242 sui
389 2192 482 2254 generis
491 2193 525 2256 (ut
533 2194 615 2243 dicitur
623 2192 647 2241 in
655 2194 685 2255 x,
697 2189 833 2254 Metopd.)(
852 2189 869 2252 ),

24 2280 118 2338 upum
137 2271 212 2339 quod
236 2278 293 2316 esse
314 2263 420 2313 omnium
433 2263 593 2314 anritemorum
607 2268 751 2313 mensuretur
764 2276 806 2326 per
821 2274 870 2310 osse

21 2349 89 2410 primi
99 2340 246 2401 materni,
256 2334 324 2399 quod
333 2337 399 2383 tanto
409 2336 445 2382 est
455 2332 591 2398 simplicius,
603 2338 686 2397 quanto
696 2334 767 2397 prius.
780 2331 871 2395 Etonia

19 2422 123 2471 fecunda
145 2412 245 2482 opinio
264 2404 349 2456 verior
373 2407 409 2453 ost
423 2404 465 2467 (nt
478 2404 537 2455 iniri
555 2403 698 2467 ostendetur)
712 2403 747 2468 (3)
769 2415 871 2453 :eonce-

18 2493 92 2542 .1jmus
116 2489 150 2540 ad
167 2491 294 2551 praesens
308 2487 385 2523 unnm
396 2486 447 2523 esse
462 2488 535 2523 orrum
549 2474 645 2525 tantdm.

47 2640 78 2699 u)
98 2634 247 2691 corrigitur
268 2637 304 2697 gx
322 2622 386 2667 unm
401 2619 431 2676 ¹,
445 2620 494 2675 reri
508 2622 592 2693 archon
608 2609 723 2681 (seuurpt
738 2610 833 2691 epponi
849 2618 871 2660 ru

16 2710 50 2745 ost
76 2703 109 2747 de
127 2692 318 2758 principue,
341 2689 369 2727 ut
388 2680 483 2757 onp38,
499 2684 577 2728 urdene
595 2689 640 2755 est.
659 2682 870 2753 Appendux-autem

17 2764 123 2821 tnoupsii
138 2772 197 2807 non
215 2766 254 2800 ex
268 2760 331 2804 eap-
345 2742 378 2789 10
392 2750 495 2802 tantum,
513 2747 555 2790 sed
570 2751 639 2791 etnam
651 2756 679 2788 ex
690 2744 704 2787 d
716 2743 839 2799 collrgrtur.

50 2835 82 2892 let
98 2837 205 2888 Nempe
223 2827 295 2870 text.
308 2816 336 2876 3,
353 2820 382 2859 ut
397 2816 448 2871 jum
465 2827 533 2871 supro
549 2816 673 2861 iudicatum
689 2821 734 2859 est.

49 2885 79 2965 (ou
97 2909 155 2952 uon
173 2902 247 2946 seem
267 2889 343 2949 prins
355 2892 443 2942 quesn.
461 2884 500 2945 oo,
519 2893 561 2931 m.
579 2886 602 2946 u,
621 2886 659 2929 seu
672 2898 711 2941 qu.
731 2884 768 2939 ar,
787 2886 829 2923 ure.
846 2878 869 2918 s.
