1992 3342
253 225 288 263 mr
302 230 445 266 mmmmm
462 232 504 267 ner
518 231 543 267 rn
564 232 647 269 nuens.
832 224 876 271 lbi

67 299 108 351 loo
133 297 214 367 replet
236 303 315 354 omnia
335 305 384 355 lora
391 342 400 369 ,
418 306 480 369 quod
496 307 535 357 dat
553 320 601 359 esse
617 306 723 359 omnibus
734 306 814 359 locatis
825 323 876 373 qna

62 368 158 435 replent
171 373 253 423 omnia
269 373 328 424 loca.

93 443 129 493 lid
147 443 250 506 primurn
268 458 325 507 ergo
350 446 486 509 dicendum,
502 446 563 511 qubd
586 448 736 511 incorporalia
758 462 805 499 non
824 456 876 501 sunt

64 512 91 559 in
99 512 150 563 loeu
158 527 201 577 per
212 519 347 567 contactum
357 517 492 580 quantitatis
502 519 632 570 dimensivae
644 518 687 584 (t),
701 519 760 571 sicut
773 534 876 585 corpora,

69 583 112 632 sed
123 597 164 646 per
177 591 310 637 eonmmnm
327 588 430 642 virtutis.

104 656 137 705 ld
146 659 270 709 secuudum
279 660 417 724 boeotium,
429 660 491 724 qubd
498 660 635 711 indivisibile
645 664 680 711 est
693 662 777 725 duplex
789 680 794 713 :
806 678 877 715 nuum

73 728 133 789 quod
145 732 181 777 est
190 729 305 783 terminus
318 730 441 791 continui,
455 734 482 780 nt
497 734 594 795 punctus
607 731 631 781 in
650 733 835 795 permanentibus
854 739 878 785 et

72 803 210 849 momentum
220 800 246 849 in
254 801 400 851 suceessivis.
421 804 450 852 Et
461 802 592 865 hujusmodi
603 802 740 855 indivisibile
753 803 777 855 iu
788 820 877 868 penna·

70 870 191 936 nonninus,
205 872 260 936 quia
276 874 347 923 babet
359 873 538 926 determinatum
550 874 631 937 situm,
643 888 689 925 non
703 878 839 939 potestesse
852 878 877 929 iu

69 940 172 1002 pluribus
184 944 291 1009 pertibus
302 945 361 1008 loei,
373 945 412 995 vel
421 945 447 993 in
461 945 563 1008 pluribus
576 944 643 1009 locis;
658 948 682 995 et
694 946 799 997 similiter
817 946 878 997 indi-

69 1010 160 1063 visibile
173 1015 270 1065 autiouis
282 1016 320 1065 vet
331 1019 422 1078 motus,
440 1014 493 1079 quia
504 1016 575 1065 babet
587 1016 762 1067 determinatum
775 1018 877 1068 ordinem

71 1081 96 1129 in
107 1088 171 1135 motu
182 1088 220 1137 vel
234 1087 339 1149 audone,
349 1100 397 1137 non
407 1090 545 1151 potestesse
558 1087 583 1137 in
593 1088 696 1151 pluribus
708 1088 810 1151 partibus
820 1092 878 1139 tem-

73 1153 142 1215 poris.
156 1157 222 1208 blind
231 1163 310 1207 numm
319 1158 460 1209 indivisibile
474 1162 520 1221 est,
530 1159 591 1223 quod
601 1161 635 1209 est
647 1162 711 1209 extra
721 1162 795 1210 totum
806 1174 879 1222 genus

72 1226 186 1293 coutinui3
196 1234 221 1279 et
234 1232 279 1279 boe
287 1230 355 1280 modo
365 1230 498 1283 mbstantiae
509 1230 656 1295 innumerae,
668 1233 694 1281 ut
703 1231 773 1293 Deus,
785 1234 880 1295 angelus

70 1299 95 1347 el
112 1299 205 1364 anina,
216 1301 325 1351 dicuntur
344 1314 394 1351 esse
411 1301 572 1351 indivisibiles.
589 1302 642 1351 Tale
656 1300 725 1365 igitur
741 1300 878 1355 indivisibile

71 1382 117 1419 nou
126 1372 257 1436 applicatur
263 1372 293 1423 ad
304 1371 448 1434 sentimum,
455 1372 514 1422 sieut
524 1370 610 1436 aliquid
620 1371 680 1433 ejus,
689 1371 760 1421 sedin
769 1378 877 1435 quantum

71 1442 182 1506 nontingit
192 1443 252 1493 illud
262 1457 305 1493 sua
317 1443 402 1493 virtute
417 1460 423 1492 ε
439 1444 500 1495 unde
509 1443 633 1493 seeundum
641 1442 702 1505 quod
712 1441 785 1492 virtus
798 1457 838 1493 sna
854 1458 878 1496 se

74 1516 283 1574 remanentne
294 1516 324 1565 ad
337 1529 409 1564 unum
420 1516 459 1565 vel
469 1516 549 1578 multa,
565 1515 594 1564 ad
604 1525 700 1577 parvum
710 1513 748 1563 vel
757 1527 877 1579 magnum3

75 1586 194 1637 seeundum
212 1588 261 1637 boe
272 1590 308 1637 est
321 1587 348 1636 in
362 1598 409 1636 nno
421 1587 459 1637 vel
471 1586 576 1650 pluribus
588 1584 658 1648 loeis,
670 1587 693 1635 et
706 1584 731 1635 in
744 1585 794 1635 loco
806 1600 878 1650 parvo

74 1657 109 1706 vel
123 1672 217 1721 magum
384 1687 389 1689 -

101 1730 135 1779 td
144 1732 240 1780 tertium
253 1730 387 1793 dicendum,
396 1728 458 1792 qubd
468 1732 541 1779 totum
551 1728 633 1780 dieitur
645 1732 754 1793 respectu
767 1729 876 1793 partium.

73 1802 110 1849 liet
121 1806 200 1853 autom
218 1802 305 1865 duplex
322 1815 391 1865 pars,
411 1798 499 1851 sedicet
518 1812 571 1863 pars
588 1800 706 1864 essentia,
721 1805 747 1851 ut
765 1800 838 1851 torma
855 1805 878 1851 et

71 1874 166 1924 materia
184 1874 293 1924 deuntur
315 1878 395 1937 partes
410 1872 547 1936 rompositi,
566 1874 590 1923 et
614 1886 687 1936 genus
706 1876 730 1922 et
751 1872 879 1923 differentia

70 1948 146 2007 nudes
158 1944 258 2009 speciei.
272 1946 314 1998 Est
328 1958 382 2009 pare
394 1943 529 2008 quantitatis
545 1944 573 1993 in·
584 1956 653 2007 quam
668 1942 755 1993 sedicet
773 1942 880 1991 dividitur

71 2016 146 2081 aliqua
160 2016 289 2080 quantitas¹
305 2016 371 2076 Quod
379 2028 436 2077 ergo
449 2017 485 2065 est
495 2014 607 2075 totumin
617 2014 693 2078 aliquo
706 2014 756 2063 loeo
768 2013 880 2063 totalitate

70 2087 221 2151 quantitatis,
241 2100 288 2137 non
308 2091 385 2151 potest
402 2099 453 2136 esse
468 2090 532 2136 extra
548 2086 624 2135 louum
643 2085 721 2146 illum,
743 2082 796 2147 quio
809 2097 880 2147 qnan-

70 2161 124 2210 titas
135 2158 209 2209 locati
219 2162 417 2209 commensuratur
427 2156 549 2220 quantitati
560 2154 619 2205 lori:
636 2154 698 2205 unde
711 2168 757 2205 uon
773 2157 807 2205 est
821 2158 880 2205 tota·

70 2232 123 2282 litas
139 2229 280 2295 qmntitatis
286 2266 295 2292 ,
308 2230 385 2279 sium
396 2229 427 2278 sit
437 2228 535 2279 totalitas
543 2226 596 2277 loci.
609 2226 654 2277 Sed
665 2226 764 2277 totalibs
776 2228 880 2279 essentie

71 2316 117 2354 nou
128 2303 330 2353 commensuretur
339 2298 449 2351 totabtati
459 2299 503 2350 loci
515 2298 562 2365 (t),
573 2298 633 2349 unde
650 2310 696 2347 uon
715 2301 804 2362 oportet
820 2298 879 2361 quod

101 2430 134 2493 (1)
149 2434 177 2478 Id
185 2437 225 2478 aot
233 2444 277 2487 per
287 2437 421 2477 eeutaetum
432 2430 494 2475 illius
502 2430 637 2485 quantitatis
648 2434 700 2485 qum
712 2429 815 2473 looorurn
825 2440 879 2485 spa·

69 2497 108 2541 tiis
116 2499 279 2550 mensuratam,
286 2495 336 2539 eive
344 2506 388 2550 per
397 2494 513 2549 quandam
522 2492 694 2537 intervallorum
707 2491 735 2535 ad
746 2490 879 2538 seinvicem

70 2558 227 2603 ordinabilem
241 2556 406 2607 collationem
419 2554 545 2600 seeundum
561 2565 630 2611 quem
647 2554 753 2603 dicuutur
766 2552 826 2597 inira
844 2552 879 2595 vel

71 2633 149 2680 supra,
164 2621 229 2665 intra
240 2618 278 2663 vel
290 2625 371 2676 extro,
383 2617 444 2661 ultra
458 2619 494 2663 vel
506 2618 564 2663 eitra
580 2616 752 2671 collocarique
766 2615 842 2659 inesse
857 2612 880 2655 in

72 2684 122 2730 loco
133 2682 190 2729 verti
209 2694 238 2727 ae
251 2680 315 2727 reete
328 2685 472 2737 asseruntur,
489 2685 516 2724 ut
530 2678 553 2723 in
568 2678 701 2735 predictum
714 2678 791 2721 locum
808 2674 880 2722 Boeoti

73 2747 191 2791 (eilbertus
204 2748 347 2791 Porretanue
360 2742 475 2798 explicam
497 2742 538 2786 ubi
549 2746 573 2787 et
584 2741 676 2785 rnodunv
688 2740 751 2785 illum
768 2736 880 2783 existendi

74 2809 95 2853 iu
108 2810 160 2853 loeo
173 2807 360 2867 proemium
370 2805 557 2852 immeliorare
569 2808 646 2849 vocat.

104 2878 136 2938 (i)
153 2879 259 2927 Proinde
270 2876 414 2934 Augustinus
427 2877 496 2934 apim.
509 2874 554 2919 δῖε
569 2874 611 2919 Eat
623 2885 669 2930 per
681 2867 882 2939 munditiores

77 2942 137 2988 Βηα
155 2938 271 3004 linquit).
290 2953 341 2985 nou
357 2944 437 3002 tumen
456 2952 503 2996 per
520 2937 722 2995 equitaturarum
740 2942 809 2989 queror
824 2924 886 2969 molo
