1992 3342
135 281 181 329 lat
338 289 399 329 onan
414 289 438 338 a,
454 289 548 336 oum.
563 289 620 338 cut,
636 289 692 328 m.
709 290 727 326 ι.
893 288 899 293 ·

134 369 178 420 Sel
186 369 273 420 uulluon
284 365 398 432 supano
407 370 444 418 est
451 366 608 432 intelligibile:
617 381 671 432 ergo
682 380 730 419 non
741 367 933 432 potestintslligie

134 443 158 492 et
170 441 202 492 ita
211 439 263 492 αὺω
277 439 357 504 angelo
367 451 414 490 non
427 439 487 490 adsit
502 439 547 490 nisi
557 439 696 491 intellectiva
703 439 817 503 «guium
832 452 882 491 nou
893 455 935 505 po

134 512 282 576 teritalipuis
296 512 390 576 augelus
406 524 545 575 cognoscere
560 513 671 575 msam.
867 512 874 526 ¹

166 589 192 634 a.
205 585 328 645 Praeterea,
337 583 465 634 intellectos
477 587 582 634 mouetur
594 584 622 632 ab
633 581 783 646 intelligibili,
794 582 849 647 quia
864 584 936 644 intel·

134 657 255 721 lipcmest
264 655 396 720 quoddam
404 655 472 720 puli,
481 659 508 704 ut
514 654 596 706 dicitur
603 655 628 704 in
635 656 674 706 lli.
682 655 715 705 de
724 657 821 705 Animo
828 655 899 719 (text.
908 661 937 705 lt

133 727 182 780 n‘na
195 743 247 792 cap.
264 728 297 790 t).
314 729 357 778 Sed
367 727 425 778 nihil
439 732 544 778 mouetur
553 730 593 778 out
606 726 815 791 polituriseipso‚
827 731 857 777 ut
867 728 893 777 in
904 741 938 778 re·

134 801 177 851 lons
189 799 343 864 corporalibus
355 803 457 865 apparet.
474 799 534 863 Rogo
551 800 645 863 anguus
658 811 704 850 nou
716 803 796 862 potest
809 798 937 862 intelligere

135 885 246 936 seipsum.

166 944 349 1001 Sedconmest,
362 943 422 1008 quod
437 942 578 1008 Augustinus
586 941 649 1005 dicit,
659 943 743 1006 Super
756 941 819 992 Gen.
834 941 873 992 ad
886 943 933 999 zo„

135 1015 175 1066 lib.
188 1015 221 1079 ll,
236 1029 287 1080 cap.
299 1019 323 1078 8,
332 1015 392 1080 quod
407 1033 421 1064 ι(
432 1016 526 1080 angelus
540 1016 564 1065 in
576 1013 627 1079 ipsi
637 1014 679 1064 sul
689 1013 866 1066 coullrmatioac
883 1017 936 1080 (hoc

135 1091 183 1149 est,
199 1087 222 1138 in
233 1088 383 1140 illustratione
393 1088 514 1154 veritalis)
528 1087 645 1152 cognoscit
655 1086 764 1150 seipsum.
775 1104 790 1133 n

166 1159 327 1225 (Conclusio.
343 1185 374 1197 -
388 1158 444 1210 Cim
467 1160 560 1221 angelus
582 1159 612 1208 sit
631 1157 773 1222 intelligibile
795 1158 935 1219 subsistens,

135 1232 236 1298 seipsum
249 1246 289 1296 per
306 1231 455 1282 substantiam
470 1244 534 1281 suam
545 1227 673 1295 iutelligit.)

165 1303 299 1369 Respondeo
316 1303 450 1366 dicendum,
465 1299 525 1366 quod
544 1302 619 1366 (sicut
639 1316 667 1354 ex
687 1300 756 1366 supra
775 1301 844 1352 dictis
863 1301 936 1367 patet)

134 1375 247 1440 objectura
258 1374 323 1425 aliter
334 1389 358 1426 se
369 1374 472 1425 haletin
483 1375 571 1425 actione
583 1387 634 1437 qua
648 1378 726 1424 manet
738 1372 764 1422 in
774 1377 869 1437 agente,
883 1374 936 1424 etin

133 1446 222 1497 actione
241 1459 291 1510 qua
308 1443 388 1496 transit
401 1445 426 1496 in
442 1444 527 1509 aliquid
540 1444 649 1496 exterius.
664 1445 722 1495 llam
737 1444 763 1494 in
781 1445 935 1508 actioneque

133 1517 214 1568 transit
231 1517 256 1568 in
274 1517 357 1582 aliquid
375 1517 488 1580 eotenus,
508 1516 622 1580 objectum
639 1515 689 1566 nne
709 1516 807 1566 materia
829 1515 856 1566 iu
872 1529 935 1580 quan

134 1589 215 1640 transit
227 1592 290 1639 actos
300 1592 335 1639 est
348 1591 451 1652 separata
463 1588 490 1639 ab
499 1591 589 1652 agente,
603 1587 661 1638 sicut
673 1588 809 1637 caienclom
821 1587 836 1638 i
849 1588 935 1639 caleia-

131 1663 203 1714 ciente
216 1665 239 1712 et
248 1661 382 1712 edificatum
395 1656 423 1708 ab
438 1657 572 1711 allucente.
587 1659 631 1710 Sed
649 1659 674 1709 in
687 1659 777 1710 actione
791 1674 844 1722 quie
859 1661 933 1710 manet

132 1733 157 1785 iu
171 1736 264 1796 agente,
275 1735 363 1798 oportet
371 1770 378 1792 ,
387 1733 415 1782 ad
424 1733 466 1781 hoc
478 1731 538 1795 quod
551 1731 657 1796 procedat
667 1730 735 1792 actio,
746 1729 809 1795 qood
821 1731 933 1796 objectura

132 1805 225 1856 uniatur
236 1803 325 1868 agenti,
338 1802 397 1854 sicui
408 1805 498 1867 oportet
511 1801 571 1866 quod
582 1801 691 1853 sensibile
703 1803 797 1852 uniatur
810 1803 892 1854 sensui
906 1801 931 1850 ol
981 1840 982 1861 2

133 1877 177 1928 hoc
189 1875 248 1940 quod
261 1877 343 1926 sentiat
359 1878 419 1925 actu.
435 1875 464 1923 Et
479 1873 512 1923 ita
529 1888 553 1924 se
569 1873 637 1923 habet
657 1873 773 1937 objectum
790 1874 883 1924 unitum
896 1886 932 1937 po

133 1947 211 1999 wotie
223 1948 250 1998 ad
262 1947 392 2012 hujusmodi
404 1946 526 2009 actionem,
536 1946 597 1996 sicut
605 1946 678 1996 lorrna
687 1959 738 2008 goe
749 1948 787 1994 est
796 1945 933 2010 principiano
980 1920 981 1999 l

135 2019 230 2071 actionis
243 2019 267 2070 in
277 2017 328 2068 aliis
338 2017 470 2082 agentibos3
479 2017 539 2067 sicut
549 2017 612 2067 enim
622 2017 682 2067 calor
691 2019 727 2066 cst
737 2016 881 2082 principiano
893 2019 933 2066 lor-
979 2042 981 2113 p

135 2091 193 2142 male
206 2089 358 2143 calefactionis
369 2089 395 2140 in
406 2090 474 2152 igne,
488 2089 520 2139 ito
531 2089 621 2153 spectu
632 2089 666 2140 rei
675 2087 732 2139 nise
745 2091 782 2138 ost
794 2089 930 2154 principium
978 2140 979 2143 ,

135 2163 228 2214 formale
242 2163 337 2214 visionis
350 2162 374 2212 in
387 2161 460 2212 oculo.
474 2161 520 2210 Sed
532 2161 719 2211 considerandum
732 2163 768 2210 est
782 2160 846 2224 quod
855 2162 932 2226 hujus-
978 2152 979 2227 l

136 2236 197 2286 orodi
213 2235 302 2300 speeies
313 2235 398 2299 objecti
411 2234 546 2298 quandoque
557 2232 627 2282 estin
638 2232 741 2297 potentia
754 2232 848 2283 tanturn
860 2234 886 2284 in
901 2247 933 2282 oo

136 2307 260 2370 gnosoitiva
274 2307 358 2357 virlirte
364 2344 372 2370 ,
384 2309 407 2355 et
419 2311 473 2354 tunc
484 2308 520 2355 est
531 2315 672 2367 cognoscens
682 2304 708 2353 in
718 2305 826 2367 potentia
838 2305 932 2366 tanam

135 2383 159 2431 ct
166 2381 194 2430 ad
204 2381 248 2430 looc
256 2378 316 2444 quod
327 2383 379 2428 acin
389 2380 521 2442 cognoscat,
531 2376 650 2440 requiritur
656 2374 718 2439 quod
726 2377 833 2440 poternn
843 2391 935 2442 coguos-

136 2451 204 2502 citiva
220 2453 339 2502 reducatur
350 2449 375 2498 in
388 2453 461 2499 actum
476 2447 568 2511 speciei.
584 2446 608 2496 Si
624 2451 700 2497 autom
715 2460 807 2511 semper
821 2462 875 2500 eam
888 2453 934 2498 acor

136 2525 218 2576 habeat
226 2563 233 2588 ‚
241 2522 387 2574 nihilominus
398 2535 440 2585 per
452 2534 503 2572 earn
515 2533 653 2584 cognoscere
661 2521 750 2584 potest,
759 2521 849 2585 absque
861 2522 933 2585 aliona

135 2596 259 2646 mutatione
268 2594 305 2644 nel
318 2593 450 2658 receptione
458 2591 605 2655 precedenti.
615 2592 843 2656 lixquopatetqolirl
849 2591 933 2644 moveri

136 2669 164 2718 ab
173 2667 262 2731 objecto
277 2679 323 2716 non
334 2670 370 2716 est
382 2667 410 2715 de
419 2664 507 2715 ratione
520 2664 679 2727 agnoscentis
688 2666 834 2727 inquantum
851 2670 888 2716 est
899 2678 934 2714 oo-

137 2751 259 2802 gnosoens,
269 2737 460 2800 sediuquautunr
469 2738 505 2786 est
518 2735 621 2800 potentia
631 2747 780 2800 cognoscens.
789 2735 854 2787 lliloil
864 2741 934 2787 aanor

136 2808 222 2870 differt,
237 2807 265 2856 ad
281 2807 325 2856 hoc
334 2806 394 2870 quoi
406 2807 478 2856 formo
494 2806 524 2856 sit
539 2805 676 2870 principium
690 2805 799 2868 actionis,
812 2807 874 2871 qood
888 2810 933 2871 ipso

136 2879 206 2929 forma
219 2877 249 2926 sit
261 2875 385 2939 iuhaerens,
401 2879 424 2926 et
439 2876 498 2940 quood
512 2876 543 2927 sit
559 2890 600 2940 per
613 2890 639 2929 se
655 2877 798 2940 subsistens3
814 2891 864 2930 nou
878 2879 933 2930 enin

136 2947 212 2998 minis
222 2945 283 2996 calor
293 2944 439 3010 calelooeret‚
449 2947 469 2998 si
480 2950 542 2998 esset
553 2961 596 3012 per
606 2961 632 2999 se
645 2947 782 3010 sorbuistens,
792 2948 864 3011 quarn
878 2952 933 3001 cale-

136 3015 190 3068 laoit
201 3016 324 3070 marens.
334 3015 462 3083 sicigitur,
474 3017 521 3072 etsi
533 3017 619 3085 uuna
628 3019 654 3075 iu
664 3032 748 3086 geuene
757 3018 933 3086 uellignuion
