<?xml version="1.0" encoding="UTF-8"?>
<!DOCTYPE html PUBLIC "-//W3C//DTD XHTML 1.0 Transitional//EN"
    "http://www.w3.org/TR/xhtml1/DTD/xhtml1-transitional.dtd">
<html xmlns="http://www.w3.org/1999/xhtml" xml:lang="en" lang="en">
 <head>
  <title>
</title>
<meta http-equiv="Content-Type" content="text/html;charset=utf-8" />
  <meta name='ocr-system' content='tesseract 3.04.00' />
  <meta name='ocr-capabilities' content='ocr_page ocr_carea ocr_par ocr_line ocrx_word'/>
</head>
<body>
  <div class='ocr_page' id='page_1' title='image "./summatheologica04nicogoog_0833.png"; bbox 0 0 1992 3342; ppageno 0'>
   <div class='ocr_carea' id='block_1_1' title="bbox 120 195 726 251">
    <p class='ocr_par' dir='ltr' id='par_1_1' title="bbox 120 195 726 251">
     <span class='ocr_line' id='line_1_1' title="bbox 120 195 726 251; baseline -0.005 -9"><span class='ocrx_word' id='word_1_1' title='bbox 120 195 167 242; x_wconf 74' lang='lat'>8³0</span> <span class='ocrx_word' id='word_1_2' title='bbox 312 203 372 242; x_wconf 79' lang='lat' dir='ltr'>mn</span> <span class='ocrx_word' id='word_1_3' title='bbox 387 203 411 250; x_wconf 81' lang='grc' dir='ltr'>ι,</span> <span class='ocrx_word' id='word_1_4' title='bbox 427 203 519 249; x_wconf 70' lang='lat' dir='ltr'>oum.</span> <span class='ocrx_word' id='word_1_5' title='bbox 535 203 599 251; x_wconf 83' lang='lat' dir='ltr'>um,</span> <span class='ocrx_word' id='word_1_6' title='bbox 615 203 672 240; x_wconf 81' lang='lat' dir='ltr'>m.</span> <span class='ocrx_word' id='word_1_7' title='bbox 688 201 726 240; x_wconf 84' lang='lat' dir='ltr'>in.</span> 
     </span>
    </p>
   </div>
   <div class='ocr_carea' id='block_1_2' title="bbox 410 358 624 410">
    <p class='ocr_par' dir='ltr' id='par_1_2' title="bbox 410 358 624 410">
     <span class='ocr_line' id='line_1_2' title="bbox 410 358 624 410; baseline 0 -1"><span class='ocrx_word' id='word_1_8' title='bbox 410 358 569 410; x_wconf 68' lang='lat' dir='ltr'>Anniculus</span> <span class='ocrx_word' id='word_1_9' title='bbox 582 360 624 409; x_wconf 86' lang='lat' dir='ltr'>ut.</span> 
     </span>
    </p>
   </div>
   <div class='ocr_carea' id='block_1_3' title="bbox 293 475 749 532">
    <p class='ocr_par' dir='ltr' id='par_1_3' title="bbox 293 475 749 532">
     <span class='ocr_line' id='line_1_3' title="bbox 293 475 749 532; baseline 0 -12"><span class='ocrx_word' id='word_1_10' title='bbox 293 475 379 520; x_wconf 75' lang='lat' dir='ltr'>virum</span> <span class='ocrx_word' id='word_1_11' title='bbox 389 475 471 532; x_wconf 64' lang='lat' dir='ltr'>angeli</span> <span class='ocrx_word' id='word_1_12' title='bbox 480 475 530 519; x_wconf 81' lang='lat' dir='ltr'>nint</span> <span class='ocrx_word' id='word_1_13' title='bbox 539 475 614 519; x_wconf 75' lang='lat' dir='ltr'>creati</span> <span class='ocrx_word' id='word_1_14' title='bbox 623 475 650 518; x_wconf 81' lang='lat' dir='ltr'>tn</span> <span class='ocrx_word' id='word_1_15' title='bbox 659 475 749 531; x_wconf 72' lang='lat' dir='ltr'>qratia.</span> 
     </span>
    </p>
   </div>
   <div class='ocr_carea' id='block_1_4' title="bbox 120 590 993 2726">
    <p class='ocr_par' dir='ltr' id='par_1_4' title="bbox 120 590 993 1014">
     <span class='ocr_line' id='line_1_4' title="bbox 152 590 924 657; baseline 0.004 -13"><span class='ocrx_word' id='word_1_16' title='bbox 152 595 186 644; x_wconf 91' lang='lat' dir='ltr'>Ad</span> <span class='ocrx_word' id='word_1_17' title='bbox 202 593 294 644; x_wconf 77' lang='lat' dir='ltr'>tertium</span> <span class='ocrx_word' id='word_1_18' title='bbox 307 592 341 643; x_wconf 84' lang='lat' dir='ltr'>sio</span> <span class='ocrx_word' id='word_1_19' title='bbox 355 592 484 657; x_wconf 75' lang='lat' dir='ltr'>proceditur</span> <span class='ocrx_word' id='word_1_20' title='bbox 497 591 539 656; x_wconf 81' lang='lat' dir='ltr'>(t).</span> <span class='ocrx_word' id='word_1_21' title='bbox 549 591 644 642; x_wconf 76' lang='lat' dir='ltr'>Videtur</span> <span class='ocrx_word' id='word_1_22' title='bbox 656 590 718 655; x_wconf 78' lang='lat' dir='ltr'>quod</span> <span class='ocrx_word' id='word_1_23' title='bbox 731 593 808 656; x_wconf 80' lang='lat' dir='ltr'>anguli</span> <span class='ocrx_word' id='word_1_24' title='bbox 823 608 868 645; x_wconf 90' lang='lat' dir='ltr'>nou</span> <span class='ocrx_word' id='word_1_25' title='bbox 878 595 924 646; x_wconf 82' lang='lat' dir='ltr'>siut</span> 
     </span>
     <span class='ocr_line' id='line_1_5' title="bbox 122 665 924 730; baseline 0.001 -12"><span class='ocrx_word' id='word_1_26' title='bbox 122 667 191 718; x_wconf 76' lang='lat' dir='ltr'>ornati</span> <span class='ocrx_word' id='word_1_27' title='bbox 207 667 232 716; x_wconf 90' lang='lat' dir='ltr'>iu</span> <span class='ocrx_word' id='word_1_28' title='bbox 249 665 328 729; x_wconf 79' lang='lat' dir='ltr'>gratia.</span> <span class='ocrx_word' id='word_1_29' title='bbox 346 665 406 716; x_wconf 82' lang='lat' dir='ltr'><strong>Dicit</strong></span> <span class='ocrx_word' id='word_1_30' title='bbox 422 665 482 715; x_wconf 82' lang='lat' dir='ltr'>euim</span> <span class='ocrx_word' id='word_1_31' title='bbox 497 665 650 728; x_wconf 73' lang='lat' dir='ltr'>Augustinus,</span> <span class='ocrx_word' id='word_1_32' title='bbox 663 666 693 714; x_wconf 92' lang='lat'>11.</span> <span class='ocrx_word' id='word_1_33' title='bbox 711 667 796 730; x_wconf 79' lang='lat' dir='ltr'>Super</span> <span class='ocrx_word' id='word_1_34' title='bbox 810 669 872 717; x_wconf 83' lang='lat' dir='ltr'>Gen.</span> <span class='ocrx_word' id='word_1_35' title='bbox 888 669 924 719; x_wconf 80' lang='lat' dir='ltr'>od</span> 
     </span>
     <span class='ocr_line' id='line_1_6' title="bbox 120 736 993 804; baseline 0.007 -16"><span class='ocrx_word' id='word_1_36' title='bbox 120 738 174 792; x_wconf 78' lang='lat' dir='ltr'>m..</span> <span class='ocrx_word' id='word_1_37' title='bbox 189 737 248 804; x_wconf 82' lang='lat' dir='ltr'>quod</span> <span class='ocrx_word' id='word_1_38' title='bbox 261 755 274 784; x_wconf 86' lang='lat' dir='ltr'>n</span> <span class='ocrx_word' id='word_1_39' title='bbox 288 739 391 800; x_wconf 77' lang='lat' dir='ltr'>angelica</span> <span class='ocrx_word' id='word_1_40' title='bbox 404 740 485 788; x_wconf 79' lang='lat' dir='ltr'>natura</span> <span class='ocrx_word' id='word_1_41' title='bbox 500 736 575 801; x_wconf 82' lang='lat' dir='ltr'>primo</span> <span class='ocrx_word' id='word_1_42' title='bbox 592 741 640 787; x_wconf 80' lang='lat' dir='ltr'>urat</span> <span class='ocrx_word' id='word_1_43' title='bbox 653 737 781 787; x_wconf 77' lang='lat' dir='ltr'><strong>informiter</strong></span> <span class='ocrx_word' id='word_1_44' title='bbox 794 744 871 789; x_wconf 75' lang='lat' dir='ltr'>creatu</span> <span class='ocrx_word' id='word_1_45' title='bbox 878 777 888 803; x_wconf 89' lang='lat'>‚</span> <span class='ocrx_word' id='word_1_46' title='bbox 901 745 924 790; x_wconf 83' lang='lat' dir='ltr'>et</span> <span class='ocrx_word' id='word_1_47' title='bbox 991 760 993 794; x_wconf 89' lang='grc'>;</span> 
     </span>
     <span class='ocr_line' id='line_1_7' title="bbox 120 797 993 873; baseline -0.002 -13"><span class='ocrx_word' id='word_1_48' title='bbox 120 807 922 873; x_wconf 71' lang='lat' dir='ltr'>columdictu3postmodumvorbtormatnest,etloaeapuoilotn.»</span> <span class='ocrx_word' id='word_1_49' title='bbox 991 797 993 821; x_wconf 85' lang='lat'><strong>¹</strong></span> 
     </span>
     <span class='ocr_line' id='line_1_8' title="bbox 121 879 923 944; baseline 0.001 -14"><span class='ocrx_word' id='word_1_50' title='bbox 121 881 167 930; x_wconf 84' lang='lat' dir='ltr'>Sed</span> <span class='ocrx_word' id='word_1_51' title='bbox 185 881 233 930; x_wconf 76' lang='lat' dir='ltr'>bno</span> <span class='ocrx_word' id='word_1_52' title='bbox 250 879 356 930; x_wconf 70' lang='lat' dir='ltr'>formatio</span> <span class='ocrx_word' id='word_1_53' title='bbox 370 882 407 930; x_wconf 82' lang='lat' dir='ltr'>esi</span> <span class='ocrx_word' id='word_1_54' title='bbox 422 893 463 944; x_wconf 85' lang='lat' dir='ltr'>per</span> <span class='ocrx_word' id='word_1_55' title='bbox 477 880 582 944; x_wconf 75' lang='lat' dir='ltr'>gratiam.</span> <span class='ocrx_word' id='word_1_56' title='bbox 596 881 656 943; x_wconf 77' lang='lat' dir='ltr'>Ergo</span> <span class='ocrx_word' id='word_1_57' title='bbox 675 892 722 931; x_wconf 91' lang='lat' dir='ltr'>nou</span> <span class='ocrx_word' id='word_1_58' title='bbox 738 885 793 930; x_wconf 89' lang='lat' dir='ltr'>sunt</span> <span class='ocrx_word' id='word_1_59' title='bbox 814 883 886 931; x_wconf 78' lang='lat' dir='ltr'>urenti</span> <span class='ocrx_word' id='word_1_60' title='bbox 899 882 923 931; x_wconf 91' lang='lat' dir='ltr'>in</span> 
     </span>
     <span class='ocr_line' id='line_1_9' title="bbox 122 952 201 1014; baseline -0.013 -13"><span class='ocrx_word' id='word_1_61' title='bbox 122 952 201 1014; x_wconf 72' lang='lat' dir='ltr'>guntin.</span> 
     </span>
    </p>

    <p class='ocr_par' dir='ltr' id='par_1_5' title="bbox 123 1021 993 1218">
     <span class='ocr_line' id='line_1_10' title="bbox 153 1021 993 1086; baseline 0.001 -13"><span class='ocrx_word' id='word_1_62' title='bbox 153 1027 177 1073; x_wconf 78' lang='lat' dir='ltr'>t.</span> <span class='ocrx_word' id='word_1_63' title='bbox 194 1023 318 1084; x_wconf 66' lang='lat' dir='ltr'>pinoteren,</span> <span class='ocrx_word' id='word_1_64' title='bbox 328 1021 399 1086; x_wconf 69' lang='lat' dir='ltr'>granu</span> <span class='ocrx_word' id='word_1_65' title='bbox 409 1021 506 1072; x_wconf 72' lang='lat' dir='ltr'>inclinat</span> <span class='ocrx_word' id='word_1_66' title='bbox 517 1026 643 1072; x_wconf 80' lang='lat' dir='ltr'>creaturam</span> <span class='ocrx_word' id='word_1_67' title='bbox 651 1023 788 1074; x_wconf 79' lang='lat' dir='ltr'><strong>rationalem</strong></span> <span class='ocrx_word' id='word_1_68' title='bbox 800 1023 826 1073; x_wconf 89' lang='lat' dir='ltr'>in</span> <span class='ocrx_word' id='word_1_69' title='bbox 839 1027 923 1076; x_wconf 83' lang='lat' dir='ltr'>Deum.</span> <span class='ocrx_word' id='word_1_70' title='bbox 991 1037 993 1060; x_wconf 80' lang='lat'><strong>¹</strong></span> 
     </span>
     <span class='ocr_line' id='line_1_11' title="bbox 123 1093 926 1160; baseline 0.001 -14"><span class='ocrx_word' id='word_1_71' title='bbox 123 1095 149 1146; x_wconf 82' lang='lat' dir='ltr'>si</span> <span class='ocrx_word' id='word_1_72' title='bbox 162 1095 232 1159; x_wconf 71' lang='lat' dir='ltr'>igitur</span> <span class='ocrx_word' id='word_1_73' title='bbox 243 1096 336 1160; x_wconf 77' lang='lat' dir='ltr'>ungulus</span> <span class='ocrx_word' id='word_1_74' title='bbox 345 1097 369 1146; x_wconf 86' lang='lat' dir='ltr'>in</span> <span class='ocrx_word' id='word_1_75' title='bbox 380 1093 451 1160; x_wconf 75' lang='lat' dir='ltr'>gratia</span> <span class='ocrx_word' id='word_1_76' title='bbox 461 1098 551 1145; x_wconf 83' lang='lat' dir='ltr'>creatus</span> <span class='ocrx_word' id='word_1_77' title='bbox 560 1093 731 1156; x_wconf 78' lang='lat' dir='ltr'>tuissot‚nutlus</span> <span class='ocrx_word' id='word_1_78' title='bbox 741 1097 926 1160; x_wconf 76' lang='lat' dir='ltr'>augelustuissei</span> 
     </span>
     <span class='ocr_line' id='line_1_12' title="bbox 123 1167 311 1218; baseline -0.005 0"><span class='ocrx_word' id='word_1_79' title='bbox 123 1167 137 1218; x_wconf 80' lang='lat' dir='ltr'>t</span> <span class='ocrx_word' id='word_1_80' title='bbox 149 1169 196 1217; x_wconf 84' lang='lat' dir='ltr'>boo</span> <span class='ocrx_word' id='word_1_81' title='bbox 209 1181 311 1218; x_wconf 79' lang='lat' dir='ltr'>auersus.</span> 
     </span>
    </p>

    <p class='ocr_par' dir='ltr' id='par_1_6' title="bbox 122 1235 928 1576">
     <span class='ocr_line' id='line_1_13' title="bbox 155 1235 924 1304; baseline 0.001 -16"><span class='ocrx_word' id='word_1_82' title='bbox 155 1243 177 1289; x_wconf 77' lang='lat'>³.</span> <span class='ocrx_word' id='word_1_83' title='bbox 195 1239 320 1304; x_wconf 73' lang='lat' dir='ltr'>proterea,</span> <span class='ocrx_word' id='word_1_84' title='bbox 335 1237 406 1301; x_wconf 80' lang='lat' dir='ltr'>guntin</span> <span class='ocrx_word' id='word_1_85' title='bbox 422 1236 523 1288; x_wconf 83' lang='lat' dir='ltr'>inedium</span> <span class='ocrx_word' id='word_1_86' title='bbox 537 1240 572 1287; x_wconf 85' lang='lat' dir='ltr'>ost</span> <span class='ocrx_word' id='word_1_87' title='bbox 583 1235 644 1286; x_wconf 79' lang='lat' dir='ltr'>iuter</span> <span class='ocrx_word' id='word_1_88' title='bbox 661 1241 765 1287; x_wconf 82' lang='lat' dir='ltr'>naturam</span> <span class='ocrx_word' id='word_1_89' title='bbox 779 1243 803 1288; x_wconf 86' lang='lat' dir='ltr'>et</span> <span class='ocrx_word' id='word_1_90' title='bbox 819 1239 924 1303; x_wconf 77' lang='lat' dir='ltr'>gloriam.</span> 
     </span>
     <span class='ocr_line' id='line_1_14' title="bbox 122 1307 927 1375; baseline -0.001 -13"><span class='ocrx_word' id='word_1_91' title='bbox 122 1311 166 1362; x_wconf 87' lang='lat' dir='ltr'>Sed</span> <span class='ocrx_word' id='word_1_92' title='bbox 183 1309 258 1375; x_wconf 72' lang='lat' dir='ltr'>angeli</span> <span class='ocrx_word' id='word_1_93' title='bbox 271 1323 317 1360; x_wconf 92' lang='lat' dir='ltr'>non</span> <span class='ocrx_word' id='word_1_94' title='bbox 334 1309 426 1360; x_wconf 77' lang='lat' dir='ltr'>inerunt</span> <span class='ocrx_word' id='word_1_95' title='bbox 438 1309 501 1359; x_wconf 82' lang='lat' dir='ltr'>beati</span> <span class='ocrx_word' id='word_1_96' title='bbox 515 1307 539 1357; x_wconf 91' lang='lat' dir='ltr'>in</span> <span class='ocrx_word' id='word_1_97' title='bbox 560 1321 600 1357; x_wconf 86' lang='lat' dir='ltr'>sna</span> <span class='ocrx_word' id='word_1_98' title='bbox 615 1309 738 1359; x_wconf 77' lang='lat' dir='ltr'>creatione.</span> <span class='ocrx_word' id='word_1_99' title='bbox 753 1309 813 1372; x_wconf 78' lang='lat' dir='ltr'>Ergo</span> <span class='ocrx_word' id='word_1_100' title='bbox 835 1311 927 1362; x_wconf 80' lang='lat' dir='ltr'>videtur</span> 
     </span>
     <span class='ocr_line' id='line_1_15' title="bbox 124 1378 927 1445; baseline 0.002 -14"><span class='ocrx_word' id='word_1_101' title='bbox 124 1381 184 1445; x_wconf 79' lang='lat' dir='ltr'>nubi</span> <span class='ocrx_word' id='word_1_102' title='bbox 197 1395 238 1432; x_wconf 84' lang='lat' dir='ltr'>noo</span> <span class='ocrx_word' id='word_1_103' title='bbox 248 1381 314 1432; x_wconf 85' lang='lat' dir='ltr'>etiam</span> <span class='ocrx_word' id='word_1_104' title='bbox 328 1379 398 1431; x_wconf 78' lang='lat' dir='ltr'>urenti</span> <span class='ocrx_word' id='word_1_105' title='bbox 409 1381 497 1431; x_wconf 84' lang='lat' dir='ltr'>suntin</span> <span class='ocrx_word' id='word_1_106' title='bbox 510 1378 595 1443; x_wconf 75' lang='lat' dir='ltr'>guntin,</span> <span class='ocrx_word' id='word_1_107' title='bbox 606 1381 645 1429; x_wconf 81' lang='lat' dir='ltr'>sod</span> <span class='ocrx_word' id='word_1_108' title='bbox 655 1379 728 1443; x_wconf 82' lang='lat' dir='ltr'>primo</span> <span class='ocrx_word' id='word_1_109' title='bbox 741 1380 765 1429; x_wconf 92' lang='lat' dir='ltr'>iu</span> <span class='ocrx_word' id='word_1_110' title='bbox 778 1385 862 1432; x_wconf 81' lang='lat' dir='ltr'>natura</span> <span class='ocrx_word' id='word_1_111' title='bbox 875 1386 927 1432; x_wconf 79' lang='lat' dir='ltr'>tan-</span> 
     </span>
     <span class='ocr_line' id='line_1_16' title="bbox 124 1449 928 1518; baseline 0.002 -16"><span class='ocrx_word' id='word_1_112' title='bbox 124 1453 186 1515; x_wconf 58' lang='lat' dir='ltr'>tuno</span> <span class='ocrx_word' id='word_1_113' title='bbox 200 1455 278 1518; x_wconf 83' lang='lat' dir='ltr'>postea</span> <span class='ocrx_word' id='word_1_114' title='bbox 293 1455 370 1502; x_wconf 83' lang='lat' dir='ltr'>nutem</span> <span class='ocrx_word' id='word_1_115' title='bbox 384 1452 460 1516; x_wconf 80' lang='lat' dir='ltr'>adepti</span> <span class='ocrx_word' id='word_1_116' title='bbox 478 1453 532 1502; x_wconf 84' lang='lat' dir='ltr'>suut</span> <span class='ocrx_word' id='word_1_117' title='bbox 546 1450 656 1515; x_wconf 74' lang='lat' dir='ltr'>gratiam,</span> <span class='ocrx_word' id='word_1_118' title='bbox 671 1456 695 1501; x_wconf 85' lang='lat' dir='ltr'>et</span> <span class='ocrx_word' id='word_1_119' title='bbox 708 1449 789 1503; x_wconf 80' lang='lat' dir='ltr'>ultimo</span> <span class='ocrx_word' id='word_1_120' title='bbox 803 1453 860 1503; x_wconf 77' lang='lat' dir='ltr'>tanti</span> <span class='ocrx_word' id='word_1_121' title='bbox 874 1457 928 1504; x_wconf 82' lang='lat' dir='ltr'>suut</span> 
     </span>
     <span class='ocr_line' id='line_1_17' title="bbox 122 1523 193 1576; baseline 0.014 -1"><span class='ocrx_word' id='word_1_122' title='bbox 122 1523 193 1576; x_wconf 77' lang='lat' dir='ltr'>beuti.</span> 
     </span>
    </p>

    <p class='ocr_par' dir='ltr' id='par_1_7' title="bbox 125 1584 929 1873">
     <span class='ocr_line' id='line_1_18' title="bbox 156 1584 929 1658; baseline -0.005 -12"><span class='ocrx_word' id='word_1_123' title='bbox 156 1597 201 1647; x_wconf 80' lang='lat' dir='ltr'>Sed</span> <span class='ocrx_word' id='word_1_124' title='bbox 216 1597 292 1646; x_wconf 83' lang='lat' dir='ltr'>contro</span> <span class='ocrx_word' id='word_1_125' title='bbox 306 1597 353 1658; x_wconf 86' lang='lat' dir='ltr'>est,</span> <span class='ocrx_word' id='word_1_126' title='bbox 369 1595 429 1658; x_wconf 84' lang='lat' dir='ltr'>quod</span> <span class='ocrx_word' id='word_1_127' title='bbox 444 1594 582 1657; x_wconf 72' lang='lat' dir='ltr'>Augustinus</span> <span class='ocrx_word' id='word_1_128' title='bbox 593 1584 661 1656; x_wconf 80' lang='lat' dir='ltr'>dicit,</span> <span class='ocrx_word' id='word_1_129' title='bbox 672 1593 723 1645; x_wconf 83' lang='lat' dir='ltr'>xtt.</span> <span class='ocrx_word' id='word_1_130' title='bbox 735 1595 773 1644; x_wconf 77' lang='lat' dir='ltr'>De</span> <span class='ocrx_word' id='word_1_131' title='bbox 784 1594 867 1644; x_wconf 77' lang='lat' dir='ltr'>civit.</span> <span class='ocrx_word' id='word_1_132' title='bbox 879 1596 929 1644; x_wconf 83' lang='lat' dir='ltr'>Dei</span> 
     </span>
     <span class='ocr_line' id='line_1_19' title="bbox 125 1663 927 1736; baseline -0.002 -18"><span class='ocrx_word' id='word_1_133' title='bbox 125 1669 134 1736; x_wconf 91' lang='lat'>(</span> <span class='ocrx_word' id='word_1_134' title='bbox 141 1681 190 1732; x_wconf 72' lang='lat' dir='ltr'>unp.</span> <span class='ocrx_word' id='word_1_135' title='bbox 203 1671 234 1730; x_wconf 84' lang='grc'>9)</span> <span class='ocrx_word' id='word_1_136' title='bbox 246 1683 251 1717; x_wconf 92' lang='lat'>:</span> <span class='ocrx_word' id='word_1_137' title='bbox 268 1685 282 1714; x_wconf 91' lang='lat'>«</span> <span class='ocrx_word' id='word_1_138' title='bbox 291 1667 375 1717; x_wconf 85' lang='lat' dir='ltr'>Bonum</span> <span class='ocrx_word' id='word_1_139' title='bbox 390 1666 529 1717; x_wconf 79' lang='lat' dir='ltr'>voluntatem</span> <span class='ocrx_word' id='word_1_140' title='bbox 544 1664 596 1729; x_wconf 85' lang='lat' dir='ltr'>quis</span> <span class='ocrx_word' id='word_1_141' title='bbox 606 1663 661 1714; x_wconf 82' lang='lat' dir='ltr'>iecit</span> <span class='ocrx_word' id='word_1_142' title='bbox 674 1664 698 1714; x_wconf 92' lang='lat' dir='ltr'>iu</span> <span class='ocrx_word' id='word_1_143' title='bbox 711 1665 812 1728; x_wconf 79' lang='lat' dir='ltr'>augelis,</span> <span class='ocrx_word' id='word_1_144' title='bbox 828 1665 876 1716; x_wconf 86' lang='lat' dir='ltr'>nisi</span> <span class='ocrx_word' id='word_1_145' title='bbox 888 1667 927 1717; x_wconf 85' lang='lat' dir='ltr'>itte</span> 
     </span>
     <span class='ocr_line' id='line_1_20' title="bbox 125 1737 928 1805; baseline -0.002 -15"><span class='ocrx_word' id='word_1_146' title='bbox 125 1739 164 1805; x_wconf 90' lang='lat' dir='ltr'>qui</span> <span class='ocrx_word' id='word_1_147' title='bbox 176 1753 215 1790; x_wconf 85' lang='lat' dir='ltr'>eos</span> <span class='ocrx_word' id='word_1_148' title='bbox 231 1751 282 1788; x_wconf 80' lang='lat' dir='ltr'>cnm</span> <span class='ocrx_word' id='word_1_149' title='bbox 292 1751 333 1788; x_wconf 83' lang='lat' dir='ltr'>sna</span> <span class='ocrx_word' id='word_1_150' title='bbox 346 1737 475 1796; x_wconf 81' lang='lat' dir='ltr'>voluntate,</span> <span class='ocrx_word' id='word_1_151' title='bbox 485 1737 510 1787; x_wconf 89' lang='lat' dir='ltr'>id</span> <span class='ocrx_word' id='word_1_152' title='bbox 526 1741 574 1800; x_wconf 83' lang='lat' dir='ltr'>ost,</span> <span class='ocrx_word' id='word_1_153' title='bbox 586 1751 637 1787; x_wconf 85' lang='lat' dir='ltr'>oum</span> <span class='ocrx_word' id='word_1_154' title='bbox 650 1749 725 1787; x_wconf 82' lang='lat' dir='ltr'>umore</span> <span class='ocrx_word' id='word_1_155' title='bbox 739 1741 818 1799; x_wconf 82' lang='lat' dir='ltr'>onsto,</span> <span class='ocrx_word' id='word_1_156' title='bbox 833 1752 881 1800; x_wconf 86' lang='lat' dir='ltr'>quo</span> <span class='ocrx_word' id='word_1_157' title='bbox 894 1739 928 1788; x_wconf 87' lang='lat' dir='ltr'>itti</span> 
     </span>
     <span class='ocr_line' id='line_1_21' title="bbox 126 1806 928 1873; baseline 0 -13"><span class='ocrx_word' id='word_1_158' title='bbox 126 1811 256 1873; x_wconf 80' lang='lat' dir='ltr'>ndbnront,</span> <span class='ocrx_word' id='word_1_159' title='bbox 270 1809 368 1872; x_wconf 81' lang='lat' dir='ltr'>creavit,</span> <span class='ocrx_word' id='word_1_160' title='bbox 382 1806 451 1858; x_wconf 89' lang='lat' dir='ltr'>simul</span> <span class='ocrx_word' id='word_1_161' title='bbox 462 1807 488 1857; x_wconf 93' lang='lat' dir='ltr'>in</span> <span class='ocrx_word' id='word_1_162' title='bbox 505 1808 539 1858; x_wconf 84' lang='lat' dir='ltr'>eis</span> <span class='ocrx_word' id='word_1_163' title='bbox 553 1808 654 1858; x_wconf 79' lang='lat' dir='ltr'>nondun</span> <span class='ocrx_word' id='word_1_164' title='bbox 669 1809 773 1858; x_wconf 81' lang='lat' dir='ltr'>naturam</span> <span class='ocrx_word' id='word_1_165' title='bbox 785 1811 811 1858; x_wconf 83' lang='lat' dir='ltr'>et</span> <span class='ocrx_word' id='word_1_166' title='bbox 826 1808 928 1873; x_wconf 81' lang='lat' dir='ltr'>largiens</span> 
     </span>
    </p>

    <p class='ocr_par' dir='ltr' id='par_1_8' title="bbox 126 1881 927 2088">
     <span class='ocr_line' id='line_1_22' title="bbox 168 1881 255 1931; baseline -0.046 0"><span class='ocrx_word' id='word_1_167' title='bbox 168 1881 231 1931; x_wconf 82' lang='lat' dir='ltr'>tiam.</span> <span class='ocrx_word' id='word_1_168' title='bbox 242 1896 255 1928; x_wconf 83' lang='lat' dir='ltr'>o</span> 
     </span>
     <span class='ocr_line' id='line_1_23' title="bbox 127 1896 927 2018; baseline -0.003 -15"><span class='ocrx_word' id='word_1_169' title='bbox 127 1896 318 2018; x_wconf 67' lang='lat' dir='ltr'>gra(Consonusio.</span> <span class='ocrx_word' id='word_1_170' title='bbox 333 1975 363 1987; x_wconf 93' lang='lat'>—</span> <span class='ocrx_word' id='word_1_171' title='bbox 378 1949 522 2000; x_wconf 70' lang='lat' dir='ltr'>probabilius</span> <span class='ocrx_word' id='word_1_172' title='bbox 543 1954 579 2002; x_wconf 81' lang='lat' dir='ltr'>ost</span> <span class='ocrx_word' id='word_1_173' title='bbox 598 1949 691 2014; x_wconf 81' lang='lat' dir='ltr'>angelos</span> <span class='ocrx_word' id='word_1_174' title='bbox 711 1947 736 1998; x_wconf 89' lang='lat' dir='ltr'>iu</span> <span class='ocrx_word' id='word_1_175' title='bbox 757 1948 830 2017; x_wconf 73' lang='lat' dir='ltr'>guntin</span> <span class='ocrx_word' id='word_1_176' title='bbox 853 1949 927 2001; x_wconf 78' lang='lat' dir='ltr'>fuisso</span> 
     </span>
     <span class='ocr_line' id='line_1_24' title="bbox 126 2020 459 2088; baseline -0.015 -14"><span class='ocrx_word' id='word_1_177' title='bbox 126 2027 213 2074; x_wconf 82' lang='lat' dir='ltr'>creatos</span> <span class='ocrx_word' id='word_1_178' title='bbox 226 2021 293 2088; x_wconf 80' lang='lat' dir='ltr'>quini</span> <span class='ocrx_word' id='word_1_179' title='bbox 304 2021 353 2072; x_wconf 82' lang='lat' dir='ltr'>siue</span> <span class='ocrx_word' id='word_1_180' title='bbox 363 2020 459 2086; x_wconf 77' lang='lat' dir='ltr'>guntin.)</span> 
     </span>
    </p>

    <p class='ocr_par' dir='ltr' id='par_1_9' title="bbox 122 2089 931 2726">
     <span class='ocr_line' id='line_1_25' title="bbox 157 2089 927 2160; baseline -0.003 -14"><span class='ocrx_word' id='word_1_181' title='bbox 157 2093 292 2158; x_wconf 80' lang='lat' dir='ltr'>Respondeo</span> <span class='ocrx_word' id='word_1_182' title='bbox 302 2094 437 2157; x_wconf 72' lang='lat' dir='ltr'>dicendum,</span> <span class='ocrx_word' id='word_1_183' title='bbox 448 2091 510 2156; x_wconf 81' lang='lat' dir='ltr'>quid</span> <span class='ocrx_word' id='word_1_184' title='bbox 524 2089 628 2156; x_wconf 83' lang='lat' dir='ltr'>quamuis</span> <span class='ocrx_word' id='word_1_185' title='bbox 636 2105 704 2156; x_wconf 77' lang='lat' dir='ltr'>super</span> <span class='ocrx_word' id='word_1_186' title='bbox 713 2092 758 2160; x_wconf 82' lang='lat' dir='ltr'>boo</span> <span class='ocrx_word' id='word_1_187' title='bbox 771 2091 818 2142; x_wconf 85' lang='lat' dir='ltr'>sint</span> <span class='ocrx_word' id='word_1_188' title='bbox 829 2092 927 2144; x_wconf 84' lang='lat' dir='ltr'>diversae</span> 
     </span>
     <span class='ocr_line' id='line_1_26' title="bbox 125 2161 928 2230; baseline 0 -15"><span class='ocrx_word' id='word_1_189' title='bbox 125 2164 259 2230; x_wconf 81' lang='lat' dir='ltr'>opiniones,</span> <span class='ocrx_word' id='word_1_190' title='bbox 270 2163 402 2227; x_wconf 83' lang='lat' dir='ltr'>quibusdum</span> <span class='ocrx_word' id='word_1_191' title='bbox 418 2163 546 2214; x_wconf 74' lang='lat' dir='ltr'>dicentibus</span> <span class='ocrx_word' id='word_1_192' title='bbox 554 2162 614 2227; x_wconf 82' lang='lat' dir='ltr'>quod</span> <span class='ocrx_word' id='word_1_193' title='bbox 624 2161 694 2212; x_wconf 74' lang='lat' dir='ltr'>oresti</span> <span class='ocrx_word' id='word_1_194' title='bbox 704 2167 758 2212; x_wconf 84' lang='lat' dir='ltr'>suut</span> <span class='ocrx_word' id='word_1_195' title='bbox 767 2164 845 2227; x_wconf 79' lang='lat' dir='ltr'>angoti</span> <span class='ocrx_word' id='word_1_196' title='bbox 853 2163 879 2214; x_wconf 93' lang='lat' dir='ltr'>in</span> <span class='ocrx_word' id='word_1_197' title='bbox 889 2179 928 2215; x_wconf 84' lang='lat' dir='ltr'>nn-</span> 
     </span>
     <span class='ocr_line' id='line_1_27' title="bbox 124 2233 929 2300; baseline 0 -14"><span class='ocrx_word' id='word_1_198' title='bbox 124 2235 236 2286; x_wconf 81' lang='lat' dir='ltr'>toralibus</span> <span class='ocrx_word' id='word_1_199' title='bbox 250 2235 353 2298; x_wconf 74' lang='lat' dir='ltr'>bantium,</span> <span class='ocrx_word' id='word_1_200' title='bbox 368 2234 418 2285; x_wconf 84' lang='lat' dir='ltr'>aliis</span> <span class='ocrx_word' id='word_1_201' title='bbox 430 2234 484 2286; x_wconf 79' lang='lat' dir='ltr'>uero</span> <span class='ocrx_word' id='word_1_202' title='bbox 504 2235 571 2298; x_wconf 56' lang='lat' dir='ltr'>quod,</span> <span class='ocrx_word' id='word_1_203' title='bbox 581 2237 635 2284; x_wconf 87' lang='lat' dir='ltr'>suut</span> <span class='ocrx_word' id='word_1_204' title='bbox 653 2233 726 2284; x_wconf 83' lang='lat' dir='ltr'>urenti</span> <span class='ocrx_word' id='word_1_205' title='bbox 738 2233 762 2282; x_wconf 88' lang='lat' dir='ltr'>in</span> <span class='ocrx_word' id='word_1_206' title='bbox 780 2235 868 2300; x_wconf 77' lang='lat' dir='ltr'>gratia3</span> <span class='ocrx_word' id='word_1_207' title='bbox 884 2239 929 2286; x_wconf 87' lang='lat' dir='ltr'>boo</span> 
     </span>
     <span class='ocr_line' id='line_1_28' title="bbox 123 2302 929 2370; baseline -0.002 -14"><span class='ocrx_word' id='word_1_208' title='bbox 123 2311 201 2356; x_wconf 75' lang='lat' dir='ltr'>tanuen</span> <span class='ocrx_word' id='word_1_209' title='bbox 214 2304 353 2370; x_wconf 85' lang='lat' dir='ltr'>probabilius</span> <span class='ocrx_word' id='word_1_210' title='bbox 363 2305 453 2356; x_wconf 79' lang='lat' dir='ltr'>uidetur</span> <span class='ocrx_word' id='word_1_211' title='bbox 462 2306 586 2356; x_wconf 77' lang='lat' dir='ltr'>tenendum</span> <span class='ocrx_word' id='word_1_212' title='bbox 597 2307 622 2355; x_wconf 82' lang='lat' dir='ltr'>et</span> <span class='ocrx_word' id='word_1_213' title='bbox 631 2302 702 2368; x_wconf 77' lang='lat' dir='ltr'>magis</span> <span class='ocrx_word' id='word_1_214' title='bbox 711 2303 778 2354; x_wconf 88' lang='lat' dir='ltr'>dictis</span> <span class='ocrx_word' id='word_1_215' title='bbox 791 2306 929 2357; x_wconf 79' lang='lat' dir='ltr'>Sanctorum</span> 
     </span>
     <span class='ocr_line' id='line_1_29' title="bbox 125 2375 927 2441; baseline -0.002 -15"><span class='ocrx_word' id='word_1_216' title='bbox 125 2391 248 2428; x_wconf 86' lang='lat' dir='ltr'>consonum</span> <span class='ocrx_word' id='word_1_217' title='bbox 262 2383 312 2441; x_wconf 83' lang='lat' dir='ltr'>ost,</span> <span class='ocrx_word' id='word_1_218' title='bbox 327 2377 387 2440; x_wconf 85' lang='lat' dir='ltr'>quod</span> <span class='ocrx_word' id='word_1_219' title='bbox 403 2377 495 2428; x_wconf 80' lang='lat' dir='ltr'>fuerunt</span> <span class='ocrx_word' id='word_1_220' title='bbox 508 2375 577 2426; x_wconf 78' lang='lat' dir='ltr'>creati</span> <span class='ocrx_word' id='word_1_221' title='bbox 592 2375 700 2438; x_wconf 74' lang='lat' dir='ltr'>ingratia</span> <span class='ocrx_word' id='word_1_222' title='bbox 714 2380 802 2437; x_wconf 78' lang='lat' dir='ltr'>gratum</span> <span class='ocrx_word' id='word_1_223' title='bbox 817 2378 927 2428; x_wconf 73' lang='lat' dir='ltr'>finiente.</span> 
     </span>
     <span class='ocr_line' id='line_1_30' title="bbox 125 2445 929 2512; baseline 0 -15"><span class='ocrx_word' id='word_1_224' title='bbox 125 2447 164 2497; x_wconf 84' lang='lat' dir='ltr'>Sic</span> <span class='ocrx_word' id='word_1_225' title='bbox 175 2450 236 2497; x_wconf 85' lang='lat' dir='ltr'>onim</span> <span class='ocrx_word' id='word_1_226' title='bbox 246 2447 351 2498; x_wconf 85' lang='lat' dir='ltr'>uidemus</span> <span class='ocrx_word' id='word_1_227' title='bbox 359 2447 419 2511; x_wconf 84' lang='lat' dir='ltr'>qubd</span> <span class='ocrx_word' id='word_1_228' title='bbox 428 2446 505 2498; x_wconf 84' lang='lat' dir='ltr'>omnin</span> <span class='ocrx_word' id='word_1_229' title='bbox 516 2462 566 2511; x_wconf 77' lang='lat' dir='ltr'>qun</span> <span class='ocrx_word' id='word_1_230' title='bbox 575 2460 682 2511; x_wconf 84' lang='lat' dir='ltr'>prooessu</span> <span class='ocrx_word' id='word_1_231' title='bbox 691 2445 803 2510; x_wconf 76' lang='lat' dir='ltr'>temporis</span> <span class='ocrx_word' id='word_1_232' title='bbox 813 2461 856 2511; x_wconf 82' lang='lat' dir='ltr'>per</span> <span class='ocrx_word' id='word_1_233' title='bbox 868 2462 929 2512; x_wconf 85' lang='lat' dir='ltr'>opus</span> 
     </span>
     <span class='ocr_line' id='line_1_31' title="bbox 126 2515 928 2583; baseline 0.001 -16"><span class='ocrx_word' id='word_1_234' title='bbox 126 2517 208 2570; x_wconf 76' lang='lat' dir='ltr'>nivino</span> <span class='ocrx_word' id='word_1_235' title='bbox 226 2517 376 2583; x_wconf 75' lang='lat' dir='ltr'>providentio</span> <span class='ocrx_word' id='word_1_236' title='bbox 395 2521 468 2569; x_wconf 75' lang='lat' dir='ltr'>orento</span> <span class='ocrx_word' id='word_1_237' title='bbox 485 2515 555 2570; x_wconf 81' lang='lat' dir='ltr'>Attoo</span> <span class='ocrx_word' id='word_1_238' title='bbox 571 2521 678 2582; x_wconf 76' lang='lat' dir='ltr'>operante</span> <span class='ocrx_word' id='word_1_239' title='bbox 694 2521 749 2567; x_wconf 85' lang='lat' dir='ltr'>sunt</span> <span class='ocrx_word' id='word_1_240' title='bbox 762 2519 886 2581; x_wconf 75' lang='lat' dir='ltr'>producto.</span> <span class='ocrx_word' id='word_1_241' title='bbox 903 2519 928 2568; x_wconf 92' lang='lat' dir='ltr'>in</span> 
     </span>
     <span class='ocr_line' id='line_1_32' title="bbox 124 2586 931 2655; baseline 0.001 -15"><span class='ocrx_word' id='word_1_242' title='bbox 124 2589 197 2654; x_wconf 85' lang='lat' dir='ltr'>piima</span> <span class='ocrx_word' id='word_1_243' title='bbox 209 2603 285 2640; x_wconf 85' lang='lat' dir='ltr'>rorum</span> <span class='ocrx_word' id='word_1_244' title='bbox 301 2589 431 2641; x_wconf 81' lang='lat' dir='ltr'>conditione</span> <span class='ocrx_word' id='word_1_245' title='bbox 444 2592 554 2655; x_wconf 80' lang='lat' dir='ltr'>producta</span> <span class='ocrx_word' id='word_1_246' title='bbox 565 2595 618 2640; x_wconf 88' lang='lat' dir='ltr'>suut</span> <span class='ocrx_word' id='word_1_247' title='bbox 628 2586 752 2639; x_wconf 75' lang='lat' dir='ltr'>secundum</span> <span class='ocrx_word' id='word_1_248' title='bbox 766 2592 878 2652; x_wconf 84' lang='lat' dir='ltr'>quasdam</span> <span class='ocrx_word' id='word_1_249' title='bbox 894 2605 931 2641; x_wconf 82' lang='lat' dir='ltr'>so-</span> 
     </span>
     <span class='ocr_line' id='line_1_33' title="bbox 122 2660 930 2726; baseline 0.001 -16"><span class='ocrx_word' id='word_1_250' title='bbox 122 2661 222 2711; x_wconf 83' lang='lat' dir='ltr'>&#39;minatos</span> <span class='ocrx_word' id='word_1_251' title='bbox 240 2661 353 2726; x_wconf 55' lang='lat' dir='ltr'>intonen</span> <span class='ocrx_word' id='word_1_252' title='bbox 368 2666 395 2711; x_wconf 92' lang='lat' dir='ltr'>ut</span> <span class='ocrx_word' id='word_1_253' title='bbox 409 2660 547 2726; x_wconf 79' lang='lat' dir='ltr'>Augustinus</span> <span class='ocrx_word' id='word_1_254' title='bbox 563 2661 633 2724; x_wconf 83' lang='lat' dir='ltr'>dicit,</span> <span class='ocrx_word' id='word_1_255' title='bbox 647 2662 730 2726; x_wconf 82' lang='lat' dir='ltr'>Super</span> <span class='ocrx_word' id='word_1_256' title='bbox 748 2668 807 2710; x_wconf 83' lang='lat' dir='ltr'>Gen.</span> <span class='ocrx_word' id='word_1_257' title='bbox 822 2662 860 2711; x_wconf 86' lang='lat' dir='ltr'>nd</span> <span class='ocrx_word' id='word_1_258' title='bbox 875 2663 930 2726; x_wconf 65' lang='lat' dir='ltr'>bt,</span> 
     </span>
    </p>
   </div>
   <div class='ocr_carea' id='block_1_5' title="bbox 124 2785 931 2968">
    <p class='ocr_par' dir='ltr' id='par_1_10' title="bbox 124 2785 931 2968">
     <span class='ocr_line' id='line_1_34' title="bbox 159 2785 931 2848; baseline 0.009 -16"><span class='ocrx_word' id='word_1_259' title='bbox 159 2785 238 2847; x_wconf 62' lang='lat' dir='ltr'>(nito</span> <span class='ocrx_word' id='word_1_260' title='bbox 259 2788 381 2834; x_wconf 84' lang='lat' dir='ltr'>bisetium</span> <span class='ocrx_word' id='word_1_261' title='bbox 399 2790 422 2834; x_wconf 90' lang='lat' dir='ltr'>in</span> <span class='ocrx_word' id='word_1_262' title='bbox 440 2790 469 2842; x_wconf 75' lang='lat'>2,</span> <span class='ocrx_word' id='word_1_263' title='bbox 490 2789 573 2848; x_wconf 71' lang='lat' dir='ltr'>2,qn.</span> <span class='ocrx_word' id='word_1_264' title='bbox 594 2789 624 2848; x_wconf 83' lang='lat'>5,</span> <span class='ocrx_word' id='word_1_265' title='bbox 642 2797 686 2836; x_wconf 79' lang='lat' dir='ltr'>unt.</span> <span class='ocrx_word' id='word_1_266' title='bbox 709 2789 738 2842; x_wconf 83' lang='lat'>1;</span> <span class='ocrx_word' id='word_1_267' title='bbox 753 2794 777 2834; x_wconf 82' lang='lat' dir='ltr'>ot</span> <span class='ocrx_word' id='word_1_268' title='bbox 797 2793 837 2847; x_wconf 88' lang='lat'>11,</span> <span class='ocrx_word' id='word_1_269' title='bbox 852 2791 931 2839; x_wconf 70' lang='lat' dir='ltr'>Sene..</span> 
     </span>
     <span class='ocr_line' id='line_1_35' title="bbox 124 2848 929 2968; baseline 0.01 -78"><span class='ocrx_word' id='word_1_270' title='bbox 124 2848 329 2968; x_wconf 26' lang='lat' dir='ltr'>gustamus-tbi,</span> <span class='ocrx_word' id='word_1_271' title='bbox 344 2856 368 2896; x_wconf 85' lang='lat' dir='ltr'>ot</span> <span class='ocrx_word' id='word_1_272' title='bbox 387 2851 441 2898; x_wconf 81' lang='lat' dir='ltr'>dist.</span> <span class='ocrx_word' id='word_1_273' title='bbox 459 2850 488 2912; x_wconf 84' lang='lat'>5,</span> <span class='ocrx_word' id='word_1_274' title='bbox 507 2865 547 2909; x_wconf 80' lang='lat' dir='ltr'>qu.</span> <span class='ocrx_word' id='word_1_275' title='bbox 567 2853 597 2912; x_wconf 69' lang='lat' dir='ltr'>A,</span> <span class='ocrx_word' id='word_1_276' title='bbox 616 2857 661 2899; x_wconf 81' lang='lat' dir='ltr'>unt.</span> <span class='ocrx_word' id='word_1_277' title='bbox 675 2850 703 2906; x_wconf 73' lang='lat'>2;</span> <span class='ocrx_word' id='word_1_278' title='bbox 719 2857 743 2897; x_wconf 85' lang='lat' dir='ltr'>et</span> <span class='ocrx_word' id='word_1_279' title='bbox 765 2852 871 2908; x_wconf 71' lang='lat' dir='ltr'>Quodl„</span> <span class='ocrx_word' id='word_1_280' title='bbox 884 2855 929 2910; x_wconf 80' lang='lat' dir='ltr'>ix,</span> 
     </span>
    </p>
   </div>
   <div class='ocr_carea' id='block_1_6' title="bbox 0 0 1003 3342">
    <p class='ocr_par' dir='ltr' id='par_1_11' title="bbox 0 0 1003 3342">
     <span class='ocr_line' id='line_1_36' title="bbox 0 0 1003 3342; baseline 0 0"><span class='ocrx_word' id='word_1_281' title='bbox 0 0 1003 3342; x_wconf 95' lang='lat' dir='ltr'> </span> 
     </span>
    </p>
   </div>
  </div>
 </body>
</html>
