1992 3342
312 191 580 231 nsnrvnrarermrrru.
801 184 846 231 tua

72 259 112 323 ι’[ιιε
122 270 166 316 aeto
180 270 224 317 est.
237 270 300 318 Euae
316 272 392 318 autem
401 269 453 332 ejus
463 269 635 333 estiniinitum‚
646 270 789 334 inquantum
801 285 846 321 non

71 339 97 382 est
108 335 216 389 limitatum
234 353 276 403 per
291 339 376 403 aliquid
391 340 521 405 resipiens,
539 345 565 392 ut
584 346 647 406 patet
667 356 709 407 per
725 342 775 392 haec
796 358 847 407 quat

72 418 123 467 suom
132 409 187 461 ueta
203 415 273 473 sunt,
288 410 340 461 einr
352 412 380 463 de
394 412 506 463 infinitate
519 412 601 463 divino
620 413 724 465 essentiae
741 418 847 477 ageretur

69 474 111 554 (qu.
122 485 140 541 f,
152 486 194 532 art.
209 486 222 531 f
234 481 250 546 ).
262 484 326 533 Unde
337 497 433 534 neeesse
446 484 551 549 estquod
568 482 641 536 aetina
651 486 753 550 potentia
767 486 808 536 Dei
817 486 847 535 sit

69 549 145 601 mima.
164 556 192 604 ln
213 556 320 605 omnibus
340 557 401 606 enim
421 557 542 620 agentibus
569 560 612 607 hoo
632 558 763 621 invenitur,
785 556 846 621 quod

70 622 135 681 manet
144 624 233 691 aliquod
244 640 314 691 agens
324 628 450 692 perfectius
462 630 531 679 habet
543 629 639 678 formam
650 644 693 693 qua
703 628 766 693 agit,
781 628 848 679 tanto

67 695 95 740 esf
108 696 169 760 major
182 699 236 763 ejus
252 700 354 763 potentia
367 699 393 749 in
408 701 515 763 agendo:
532 700 589 751 sicut
606 700 691 764 quanto
710 700 795 764 aliqrrid
813 704 848 751 est

68 765 124 842 magis
136 772 249 833 ualidum,
270 771 335 822 tanto
351 772 420 823 natet
440 773 551 837 maiorem
569 773 693 836 potentiam
713 774 740 823 ad
764 774 849 823 ealef-

65 840 163 913 rientem
180 847 207 894 et
224 843 320 893 haberet
342 844 421 908 utiquo
441 845 566 909 potentiam
584 843 694 895 infinitam
714 846 742 895 ad
765 845 825 895 calef
838 872 849 882 -

65 911 165 984 erendum,
175 916 197 965 si
210 915 263 979 ejus
273 916 335 965 calor
349 920 409 966 esset
418 916 530 967 infinitus.
544 916 616 977 Unde,
628 915 679 965 oiim
691 916 740 979 ipsa
749 916 848 967 essentia

65 977 171 1048 drinaum
182 1000 254 1051 quam
266 988 326 1037 Dens
339 987 399 1050 agit,
412 988 442 1037 sit
457 988 564 1051 infinita,
581 987 639 1038 sient
652 986 720 1052 supra
733 992 849 1039 ostensum

62 1053 92 1097 fii
106 1053 145 1117 (qu.
170 1064 196 1121 t,
218 1062 263 1108 ast.
283 1057 318 1122 1),
335 1058 438 1121 seqnitur
451 1058 512 1122 quod
526 1060 577 1123 ejus
591 1059 693 1123 potentia
707 1058 736 1109 sit
750 1058 846 1109 infinita.

64 1190 67 1196 Ι
89 1124 115 1173 tt
128 1128 230 1191 primurn
244 1142 299 1191 ergo
312 1130 447 1195 uiuendum,
461 1130 522 1194 quod
541 1130 692 1194 Philosophus
708 1130 807 1195 loquitur
821 1132 849 1181 de

61 1191 135 1248 fflfiar'to
143 1204 205 1263 quoti
221 1204 257 1251 est
268 1214 296 1251 en
308 1206 372 1264 parte
385 1201 486 1253 materie
496 1216 542 1253 non
552 1202 680 1253 terminata
690 1216 731 1265 per
742 1202 849 1265 formam,

57 1265 168 1326 cujusmodi
175 1276 214 1322 est
223 1271 341 1322 infinitum
353 1273 413 1336 quod
420 1273 524 1336 congruit
532 1272 660 1337 quantitati.
670 1273 708 1323 Sic
717 1276 793 1323 autem
802 1286 850 1323 uon

57 1341 84 1384 est
99 1339 184 1393 infinita
204 1344 286 1394 diuina
310 1345 422 1409 essentia,
443 1350 552 1411 utsupra
571 1350 687 1397 ostensum
702 1349 737 1395 est
753 1344 801 1409 (qu.
820 1349 849 1406 f,

53 1413 87 1489 arf.
99 1411 139 1478 fi,
159 1420 184 1467 et
204 1430 249 1481 per
263 1430 407 1480 consequens
420 1431 463 1468 nee
476 1418 527 1481 ejus
543 1418 655 1483 potentia.
673 1418 736 1467 Unde
753 1430 800 1467 non
813 1430 851 1467 se·

55 1487 118 1542 futur
130 1488 195 1550 quod
207 1488 239 1538 sit
250 1488 393 1552 imperfecta.

80 1556 247 1609 sesecundum
256 1560 391 1624 dicendum,
402 1558 462 1625 quod
475 1554 578 1625 potentia
592 1560 680 1624 agentis
694 1560 786 1611 univoci
801 1563 849 1611 fota

53 1630 203 1682 manifestatur
216 1632 243 1681 in
254 1645 296 1681 sno
307 1632 389 1682 effectu
401 1649 407 1682 t
420 1633 522 1697 potentia
533 1632 594 1683 enim
606 1633 737 1697 generativa
750 1632 849 1683 hominis

53 1697 99 1748 nuit
107 1708 186 1765 potest
196 1702 323 1769 plusquam
331 1718 442 1767 generare
452 1705 569 1755 hominem
579 1722 585 1769 3
598 1704 638 1756 sed
649 1704 749 1769 potentia
760 1704 849 1767 agentis

50 1780 87 1819 ιιι]
105 1776 201 1827 univoci
222 1789 271 1826 non
290 1778 339 1825 tuta
357 1776 514 1826 manifestatur
538 1776 562 1825 in
583 1776 618 1826 sui
635 1776 729 1827 effectius
752 1776 849 1840 produo-

49 1842 101 1894 f'rone
117 1863 123 1896 ε
139 1848 206 1898 siout
226 1848 331 1912 potentia
349 1848 403 1898 solis
415 1859 462 1898 non
479 1853 527 1898 tota
541 1848 698 1899 manifestatur
714 1848 739 1897 in
755 1848 849 1911 predae-

50 1911 100 1965 fione
110 1919 216 1985 aiicujus
230 1919 338 1969 animalis
352 1934 381 1969 ex
391 1920 558 1983 putrefactione
579 1920 689 1982 generati.
706 1918 850 1968 Manifestum

45 1991 72 2035 uf
88 1996 166 2042 autem
187 1991 257 2055 quod
273 1993 335 2040 Deus
355 1994 452 2041 nonest
469 2004 540 2053 agens
558 1990 695 2053 rruivoeum3
715 1988 773 2038 nihil
788 1988 850 2037 enim

47 2060 97 2110 ¹⁴find
110 2068 193 2130 potest
208 2078 267 2115 enni
283 2076 311 2113 eo
327 2064 463 2126 eonvenite,
480 2076 553 2127 neque
574 2062 599 2111 in
619 2062 715 2126 speeie,
735 2074 809 2125 neque
829 2059 854 2109 in

48 2145 126 2202 tenete,
139 2142 167 2188 nt
178 2136 259 2201 supra
268 2140 384 2186 ostensum
394 2140 428 2186 est
441 2137 485 2200 (¹33
497 2136 557 2185 node
569 2134 703 2199 relinquitur
712 2132 773 2199 quod
784 2134 854 2184 effen

46 2210 127 2271 eseias
133 2224 240 2274 semper
248 2213 285 2258 est
295 2208 369 2258 minor·
378 2207 445 2272 quam
454 2208 557 2271 potentia
567 2207 624 2271 ejus.
635 2208 686 2255 Non
698 2220 754 2268 ergo
767 2209 855 2270 oportet

45 2278 94 2336 *irritet
104 2282 281 2331 manifestetur
292 2278 382 2328 infinita
395 2278 497 2343 potentia
511 2279 552 2329 Dei
565 2278 589 2329 iu
608 2279 652 2329 hoo
669 2276 734 2342 quod
747 2278 856 2342 producat

43 2354 140 2405 eiectum
159 2353 302 2405 infinitum.
316 2353 343 2401 m
358 2356 436 2401 tannen
450 2351 519 2402 etiam
530 2351 550 2400 si
559 2350 645 2399 nullum
654 2350 764 2399 effectum
772 2349 856 2413 produ·

50 2432 165 2490 autnon
177 2430 252 2476 esset
266 2422 309 2475 Dei
318 2424 420 2487 potentia
431 2424 530 2473 frustra:
545 2422 597 2487 qnia
612 2422 718 2473 «frustra
732 2425 782 2485 εει,
797 2422 856 2485 quod

52 2499 190 2553 rtinatnrau
198 2501 282 2549 finem
292 2510 361 2561 mem
372 2509 418 2545 non
430 2495 523 2559 attingit
535 2494 600 2559 (ut-,u
613 2493 716 2557 potentia
728 2496 804 2543 autem
814 2491 857 2541 Dei

68 2666 95 2727 (1)
107 2672 170 2717 'rum
189 2672 247 2714 art.
262 2663 288 2722 5,
299 2663 434 2720 quaestionis
444 2662 458 2706 3
469 2679 474 2706 z
489 2661 576 2707 Ufrr'em
585 2661 616 2705 eit
624 2662 653 2706 itt
662 2670 748 2718 uetuere
758 2659 855 2715 aliqum

40 2739 79 2777 'eni
88 2731 246 2792 quaestionis
255 2726 285 2788 4,
297 2733 343 2772 nrt..
355 2726 369 2769 3
381 2743 386 2769 r
400 2726 486 2771 Utrum
497 2726 582 2782 utiquo
594 2728 709 2776 ereatura
720 2724 797 2781 possit
811 2732 857 2765 ease

61 2799 327 2932 Τὶῐῖῗιιιξιῖἰιοεοριιιιε
338 2868 403 2907 notat
412 2864 442 2919 11,
456 2861 628 2916 Pisistratum,
642 2870 695 2915 sap.
707 2857 731 2914 6,
746 2860 801 2900 text.
816 2852 856 2923 ιι,

39 2934 69 2977 ‚oi
81 2945 102 2981 ει
112 2934 261 2983 ridiculum
272 2937 325 2972 esse
336 2925 382 2983 ait,
397 2925 416 2971 si
430 2925 482 2982 quis
493 2924 555 2971 dieat
570 2928 602 2969 se‘
615 2924 686 2970 toturn
701 2919 785 2966 frustra
804 2927 858 2971 quia
