1992 3342
246 184 278 220 or
293 182 395 222 omrai:
411 184 457 224 rm
472 167 633 225 §tonsuram
648 185 741 227 ommi.
848 176 892 225 lat

91 263 153 312 lleus
164 261 236 311 solus.
255 275 271 306 n
283 262 312 309 lot
324 260 447 311 seeundum
459 263 504 313 hoo
520 261 589 313 etium
603 264 682 327 posset
693 274 743 314 esse
761 274 815 313 nera
828 262 890 313 ista:

94 334 185 382 «Pater
199 335 235 381 est
250 332 310 382 [leus
324 332 363 397 qui
379 337 414 383 est
426 334 488 384 solus
501 333 560 384 [leus
568 370 576 397 ,
591 350 605 380 n
629 334 649 383 si
662 334 783 385 relativum
797 334 896 383 referret

92 403 241 468 predicatum
254 407 278 453 et
287 418 335 455 non
344 406 486 469 suppositum
497 405 541 470 (1).
557 406 696 469 lugrrstinus
709 408 785 457 entem
796 404 849 455 olim
860 404 894 455 di-

94 474 141 525 cit:
154 492 169 523 u
178 476 271 525 Patrem
284 490 331 527 non
342 488 395 527 esse
405 478 478 527 solnm
491 479 575 541 Deum,
588 494 601 524 n
610 478 651 528 sed
661 494 666 527 :
678 478 834 529 «Trinitatem
845 490 895 527 esse

94 547 167 597 solnm
178 548 252 596 llenm
258 583 272 609 7
283 564 299 594 n
310 548 409 612 loquitur
421 548 560 613 exposilinl;
576 562 603 599 ao
616 548 635 599 si
652 548 757 613 diceret,
772 548 823 599 oiim
836 548 892 599 dici-

95 622 149 667 tur:
164 636 179 665 a
189 618 248 681 llegi
261 620 393 669 seculorum
405 618 530 683 invisibili,
545 620 587 670 soli
602 620 660 683 lieo,
669 638 684 667 n
696 634 742 671 uon
757 632 809 671 esse
824 633 894 685 expo-

94 690 231 741 nendumrle
245 704 344 754 persona
355 692 437 754 Patris,
452 693 494 743 sed
505 693 533 743 da
545 695 593 743 lota
606 691 723 743 llinitate.

13 823 14 826 Ἴ
125 762 159 812 lld
168 761 262 811 tertium
273 762 392 817 dicendum
399 801 408 826 ‚
416 761 477 827 qutd
486 768 581 828 utroque
593 766 660 815 modo
671 768 748 828 potest
758 763 895 825 bendictio,

93 833 174 889 solus,
186 833 283 897 adjungi
291 833 389 883 termino
399 834 527 892 essentiali.
538 837 590 885 Hane
604 834 665 885 enim
676 836 801 900 propositio
814 852 820 884 :
832 854 846 884 «
857 837 898 886 So·

93 905 129 955 lus
144 907 206 955 lteus
217 908 254 955 est
266 909 348 969 Pater,
359 922 373 952 n
383 909 420 956 est
431 908 531 970 duplex,
541 907 593 973 quia
603 921 651 973 uox
661 910 739 957 Putet·
750 910 826 972 potest
837 922 895 973 prm·

94 977 168 1027 (lirare
176 991 298 1041 personam
308 978 398 1042 Patris,
408 982 433 1029 ot
441 979 593 1043 sinestrera3
604 992 650 1029 non
661 979 723 1029 anim
735 980 803 1029 homo
813 984 848 1029 est
856 979 895 1031 illa

95 1064 207 1113 persona,
222 1050 260 1100 rel
278 1054 355 1115 potest
366 1051 490 1115 predicare
508 1052 643 1103 relationem
655 1050 758 1114 mutim,
774 1056 798 1101 et
810 1052 843 1103 sio
859 1056 896 1103 est

95 1122 163 1185 lalsa,
178 1122 233 1186 qnia
249 1122 330 1174 relatio
341 1123 486 1187 paternitatis
502 1124 571 1175 etiam
589 1123 615 1174 in
629 1124 681 1175 aliis
696 1123 826 1189 inuenitur,
839 1123 895 1174 licat

94 1208 139 1244 non
151 1194 261 1244 univoci.
279 1194 388 1246 Similiter
406 1198 457 1247 haeo
469 1200 504 1246 est
520 1208 575 1246 vern
588 1210 593 1245 :
607 1212 621 1244 a
635 1196 701 1246 Solus
711 1198 771 1245 llens
784 1198 864 1259 oreat3
879 1211 893 1243 n

93 1280 136 1317 nec
148 1271 229 1317 tamen
243 1266 345 1330 sequitur
357 1283 363 1316 ε
377 1285 394 1315 «
403 1268 464 1331 lirgo
477 1268 540 1317 solus
550 1268 632 1330 Pater3
643 1283 657 1313 n
668 1266 738 1331 qnia,
753 1270 779 1317 ut
788 1267 895 1331 sophista

94 1338 187 1402 dieunt,
200 1338 270 1389 ‹lielio
282 1339 397 1390 exclusiva
410 1339 554 1391 immobilitat
568 1340 692 1391 terminum
706 1340 744 1389 oui
755 1339 895 1403 adjungitur,

94 1414 175 1461 utnon
187 1410 261 1475 possit
274 1410 323 1461 fieri
337 1411 378 1460 snb
392 1426 419 1462 eo
436 1413 560 1462 descensus
573 1417 614 1475 pro
627 1411 703 1475 aliquo
718 1410 895 1475 suppositorum.

95 1482 144 1532 lton
154 1482 219 1533 enim
234 1482 337 1547 seqnitur
353 1500 359 1532 :
376 1499 390 1531 a
400 1484 467 1534 Solus
483 1486 551 1537 homo
565 1488 599 1534 est
616 1484 699 1534 animal
713 1482 822 1533 rationale
838 1495 898 1533 mor·

95 1556 139 1605 tale
155 1572 160 1605 :
177 1572 191 1601 »
209 1568 264 1619 ergo
276 1554 347 1605 solus
359 1558 483 1605 Socrates.

393 1692 550 1743 anniculus
564 1692 601 1741 lv.

124 1818 294 1863 verumutetur
303 1818 425 1862 melmun
433 1818 506 1874 promit
515 1818 618 1875 adjunqi
634 1819 736 1863 munninio
745 1817 872 1875 personant.

127 1948 161 1998 ild
170 1951 278 2016 quartum
289 1946 324 1997 sio
334 1946 464 2013 proceditur
473 1945 516 2014 (2).
526 1946 621 1997 Videtur
631 1946 692 2011 quod
702 1946 771 1998 dictio
783 1944 900 2017 exclusiva

96 2019 169 2084 possit
191 2018 288 2083 adjungi
305 2019 403 2071 termino
422 2018 550 2084 personali,
574 2018 642 2069 etiam
662 2020 681 2069 si
701 2019 847 2083 praedicatum
870 2019 901 2069 sil

95 2104 227 2142 commune.
235 2090 295 2141 Dicit
303 2091 366 2144 enim
373 2091 483 2142 Dominus
488 2092 517 2141 all
526 2088 617 2140 Putrem
624 2091 728 2155 loquere,
736 2092 808 2139 Jonn.
820 2090 897 2141 xvll:

13 2159 14 2174 ³
98 2179 113 2211 a
123 2164 153 2213 Ut
163 2165 335 2225 cognoscantte
348 2163 422 2213 solum
432 2165 504 2213 Deum
513 2174 608 2225 rernm3
619 2178 632 2209 n
643 2176 697 2225 ergo
709 2162 771 2212 solus
783 2162 852 2212 Pater
863 2164 899 2213 est

97 2234 158 2354 begs
168 2248 300 2369 pvrssssse'm,
314 2306 405 2357 natta.
418 2306 483 2368 Xlll,
493 2305 576 2356 dieitur
589 2321 594 2354 :
609 2324 623 2353 n
632 2302 708 2355 'Nemo
723 2303 785 2354 novit
802 2304 883 2355 Filium
891 2343 900 2371 ‚

97 2376 142 2427 nisi
158 2380 267 2440 Pater3»
284 2378 344 2441 qnod
362 2377 423 2429 idem
438 2376 554 2441 signifieat
569 2390 595 2426 ao
610 2376 630 2427 si
644 2376 758 2425 diceretur
776 2391 781 2424 :
798 2394 812 2423 u
831 2378 898 2429 Solus

132 2512 162 2575 (1)
180 2515 206 2559 ld
217 2520 254 2560 est
266 2514 286 2560 si
300 2525 428 2572 pronomen
442 2514 497 2560 illud
511 2514 555 2572 put
570 2514 684 2559 referatur
698 2513 726 2559 ad
740 2525 825 2557 nomen
838 2516 901 2558 Deus

98 2578 160 2635 quod
174 2577 292 2634 proaem
313 2578 391 2623 locum
403 2583 481 2638 tenel3
495 2590 542 2622 non
557 2582 635 2622 antem
649 2576 762 2621 referatur
776 2576 804 2621 arl
818 2588 904 2621 nomen

98 2642 172 2687 Patris
188 2641 250 2697 quod
270 2642 347 2686 locum
359 2646 424 2685 leuel
442 2640 568 2698 suppositi,
584 2636 628 2685 hoo
642 2643 678 2684 est
691 2639 803 2695 subjecti:
821 2652 905 2695 nempe

99 2704 197 2749 dioeudo
213 2704 276 2760 quod
289 2706 333 2761 put
349 2704 414 2749 Dm
428 2708 461 2749 ert
478 2704 544 2750 notua
559 2702 638 2756 Deum·
652 2713 712 2760 nou,
727 2703 906 2759 perpulerat

100 2768 166 2813 mles
178 2768 254 2813 Deus.

134 2836 166 2897 (ἰ)
177 2840 211 2883 Ile
221 2838 259 2883 liis
270 2837 342 2883 etiam
351 2840 376 2892 1,
387 2837 467 2886 Soet,
476 2837 531 2883 dist.
547 2836 590 2889 nl,
602 2849 641 2893 qu.
653 2834 681 2893 1,
698 2841 742 2881 nrt.
755 2835 783 2887 ἒς
796 2840 820 2879 et
832 2835 902 2881 Cant.

99 2900 176 2955 uem,
190 2900 233 2946 lib.
246 2902 290 2961 lv,
304 2912 358 2957 sap.
371 2900 413 2954 35;
426 2906 450 2944 et
463 2914 505 2957 qu.
519 2899 560 2959 10,
574 2900 602 2945 de
612 2904 712 2958 potent,
723 2903 767 2944 nrt.
778 2896 802 2959 l,
817 2898 846 2943 ad
858 2896 897 2943 lu.
