1992 3342
347 259 380 298 ns
395 261 458 302 sono
475 263 498 301 rs
515 266 632 304 conserus.
866 257 896 304 tt

84 333 135 399 puis
154 339 182 386 ni
203 335 260 386 uicit
277 339 418 402 Augustinus
438 341 484 404 IV,
503 357 581 407 cuper
600 349 683 393 coms.
703 343 740 394 od
758 342 896 395 litteram:

85 425 98 454 u
110 409 218 460 Mensura
227 408 290 458 omni
301 409 337 460 rei
347 412 440 461 mooun
449 411 560 476 profluit,
571 417 595 465 et
603 428 713 466 numerus
722 415 787 466 omni
796 415 830 467 rei
840 430 896 482 spe-

83 479 140 530 ciem
149 480 252 544 pretor,
262 483 384 546 etpondus
397 495 489 533 omnem
499 497 549 535 rent
559 486 588 536 ud
597 486 699 550 quietern
708 491 733 538 et
746 486 895 539 oniscon

82 550 158 600 nutrit.
169 565 184 597 s
195 551 257 615 itrpo
266 553 389 604 retiohoni
398 567 445 604 uon
454 555 675 621 comioitinmorlo
682 557 759 623 specio
769 564 793 610 et
803 559 892 611 ordine.

114 625 137 672 t
151 624 265 676 miens
274 661 283 689 ,
300 625 351 690 ipss
368 627 463 690 moins,
485 627 576 692 species
595 632 620 679 st
638 631 694 680 ordo
711 630 772 681 tons
788 633 893 695 queim

87 696 150 755 suut3
165 695 186 744 si
196 708 252 758 orgo
265 696 325 748 ratio
338 696 396 748 boni
411 697 516 748 consistit
528 699 554 748 in
566 701 648 764 inodo,
663 701 741 766 specie
759 705 783 752 et
799 701 880 753 ordine
886 743 895 769 ,
973 707 977 714 '

86 768 173 826 oportet
183 766 252 819 etisnr
262 767 324 832 qood
333 771 416 819 nodos
426 766 510 820 habeat
520 773 624 835 modom,
634 772 736 837 pectem
745 775 769 823 ct
781 773 895 837 ordinem,

85 835 107 883 et
118 834 226 888 similiter
235 838 326 903 species
338 843 363 890 et
380 840 435 890 ordo
452 855 457 889 :
473 852 529 905 ergo
541 844 704 906 procederetur
714 843 740 893 in
752 843 877 895 infinitum.

117 911 140 956 a.
164 912 298 974 miens,
311 911 398 960 nuum
416 914 451 961 est
467 911 565 976 privatio
580 914 658 978 nodi,
677 918 701 965 et
720 914 808 981 speciei
821 918 845 966 et
858 928 895 965 or-

80 984 154 1048 dinis3
169 984 211 1034 sed
229 982 317 1033 malum
333 993 381 1032 non
393 981 452 1032 toltit
464 983 565 1034 totaliter
577 985 664 1035 bonurn
680 1001 686 1034 :
701 999 757 1050 erpo
767 986 826 1037 rstio
838 977 895 1037 noni

81 1069 127 1108 non
143 1053 251 1106 consinii
268 1054 295 1104 in
308 1053 392 1116 moto,
406 1052 484 1118 spccic
501 1058 525 1105 et
535 1056 623 1108 ordine.

113 1133 136 1178 i.
146 1129 272 1188 Przeoeoes,
282 1125 340 1176 iiiut
348 1125 373 1174 in
383 1137 429 1189 quo
439 1126 546 1178 consistit
555 1127 614 1178 ratio
624 1128 689 1192 boni,
699 1140 747 1179 non
759 1134 836 1194 potest
848 1130 896 1182 dici

83 1200 182 1260 mnium
196 1199 237 1248 sed
251 1194 336 1246 dicitnr
349 1197 423 1246 mains
438 1198 532 1261 modos,
542 1199 603 1250 mula
615 1200 721 1264 species,
732 1202 807 1252 maius
821 1203 891 1252 ordo:

83 1283 137 1333 erpo
154 1269 214 1320 ratio
226 1269 285 1319 honi
298 1280 346 1318 nou
363 1267 469 1318 consistit
481 1267 506 1319 in
519 1271 601 1332 modo,
612 1270 707 1335 specio,
719 1276 743 1321 et
756 1271 848 1322 ordine.

113 1345 136 1390 5.
167 1344 300 1403 Preietos,
317 1339 400 1390 modos
407 1375 415 1403 ,
427 1338 517 1404 species
529 1344 554 1390 et
566 1342 623 1390 ordo
633 1354 663 1390 ex
674 1343 785 1405 pondere,
800 1355 896 1393 numero

79 1416 103 1463 et
113 1425 224 1463 mensore
237 1414 373 1473 mussotur,
387 1414 413 1460 ot
426 1423 455 1462 ex
467 1411 602 1461 auctoritate
616 1411 737 1473 Augustini
749 1412 843 1462 inductu
855 1426 896 1477 ps-

78 1487 124 1547 tei;
139 1497 189 1535 uon
199 1487 279 1534 sutem
293 1481 373 1533 omnic
386 1482 448 1532 boun
458 1481 546 1532 habent
560 1483 660 1547 pondus,
669 1486 823 1533 numerumet
833 1497 897 1534 meo·

82 1577 165 1627 soron,
176 1561 236 1614 dicit
252 1561 317 1612 enirn
330 1561 463 1612 Ambrosios
475 1560 501 1610 in
514 1563 533 1612 1.
547 1561 657 1612 flexam.
671 1563 731 1626 quoi
744 1561 802 1612 lucis
816 1565 896 1614 nature

85 1637 120 1684 est
140 1639 165 1684 ut
187 1647 242 1685 non
253 1633 280 1683 in
299 1645 412 1696 numero,
429 1646 477 1685 non
502 1632 527 1683 in
543 1634 659 1699 pondero,
679 1647 727 1685 non
744 1633 770 1684 in
787 1647 896 1686 mensuro

82 1708 156 1756 crestr
172 1706 204 1756 sit
219 1721 225 1754 ι
245 1717 295 1755 non
306 1713 362 1767 orgo
379 1703 437 1754 ratio
454 1703 511 1754 honi
526 1704 632 1755 consistit
645 1703 670 1754 in
687 1705 765 1768 modo,
779 1705 857 1770 specie
871 1699 895 1756 ei

79 1777 168 1829 oritus

109 1850 155 1899 Sei
169 1851 253 1898 contre
267 1849 319 1910 esi,
334 1847 396 1912 qrrori
413 1845 470 1896 dicit
485 1847 624 1910 Augustinus
643 1847 668 1897 in
688 1847 729 1898 tin.
747 1847 780 1897 de
792 1847 894 1897 Notcro

79 1921 136 1970 toci
146 1936 156 1970 .·
173 1937 188 1968 o
198 1921 255 1970 ileo
268 1919 323 1982 tris,
337 1919 432 1981 modos,
447 1916 894 1984 speciesetordo,tonqun1ngenerulia

76 1991 150 2054 iom,
162 1995 220 2042 snut
234 1990 261 2040 in
277 1991 347 2040 rebus
363 1987 438 2039 ilico
452 1989 537 2040 iactis:
555 1993 578 2040 et
591 1991 623 2040 its
637 1992 688 2041 inec
702 1989 746 2039 tris
758 1988 798 2038 obi
810 2000 893 2050 magna

75 2067 127 2114 suot
136 2061 187 2129 (i),
203 2073 291 2126 magns
303 2062 365 2111 bons
377 2065 446 2124 sunt;
461 2060 501 2110 ubi
514 2074 599 2125 putu,
611 2075 681 2125 purus
700 2061 761 2109 bons
774 2062 841 2122 sont,
854 2057 894 2108 obi

77 2131 147 2198 odis,
161 2134 256 2183 nulium
269 2133 357 2182 honum
366 2134 414 2194 est3
430 2147 443 2177 s
458 2133 517 2194 quoi
529 2144 576 2182 non
590 2135 659 2194 esset,
673 2130 717 2181 nisi
731 2129 790 2180 ratio
803 2128 860 2180 boni
869 2128 894 2178 in

75 2207 107 2256 eis
123 2205 266 2258 consisteret
287 2220 292 2253 :
316 2216 373 2266 ergo
389 2203 449 2252 rstio
462 2203 517 2254 boui
528 2203 633 2255 consistit
646 2203 671 2253 in
684 2203 765 2266 modo,
780 2201 857 2267 specie
871 2203 895 2251 et

72 2275 160 2328 unse.

104 2350 269 2416 (Concessio.
280 2373 312 2385 -·
322 2347 413 2398 Boncmr
431 2359 513 2410 omne,
532 2347 586 2398 cim
603 2344 633 2396 sit
650 2358 694 2410 per
709 2346 892 2408 mensorium,

74 2467 240 2526 respondentis
250 2463 290 2512 hic
299 2471 429 2523 ponuntur,
438 2463 472 2510 sic
483 2465 584 2511 ordinari
592 2464 680 2510 debent
689 2463 786 2513 moos,
793 2462 893 2522 speeies.

76 2531 147 2585 cros·
158 2532 222 2576 sicut
231 2529 303 2586 pauit
314 2533 376 2588 post,
384 2527 438 2576 ciunt
446 2527 529 2572 dicitur
537 2527 599 2584 quod
606 2527 692 2573 molum
700 2526 811 2584 privatio
817 2525 894 2574 modi,

75 2594 172 2651 speciei,
188 2591 309 2646 ordinm
323 2596 349 2636 nt
363 2587 511 2648 proliciunt,
526 2589 554 2649 ἢ,
569 2602 610 2647 qu.
624 2585 669 2647 85,
681 2593 726 2650 οη,
739 2586 779 2646 t.,
791 2599 821 2633 ox
836 2598 892 2644 pro-

77 2651 144 2702 fesso.
156 2655 202 2701 Sed
214 2655 265 2700 inco
277 2653 377 2700 infinito
389 2651 419 2698 sd
430 2652 551 2697 veritatem
563 2652 639 2709 ipsero
651 2663 733 2707 perum
743 2649 829 2708 refert,
841 2649 892 2694 cuim

74 2724 97 2760 et
109 2718 249 2764 Ambrosius
263 2727 318 2761 rnor
332 2721 406 2772 ponet
421 2714 480 2759 sicut
492 2721 516 2760 et
528 2715 578 2771 ipso
593 2716 616 2758 S.
630 2712 740 2758 Thourios.

105 2785 135 2850 (1)
152 2789 205 2834 Sive
226 2785 320 2845 pluuiis
339 2775 513 2846 transponendo
531 2783 575 2829 ott
588 2784 640 2828 trec
653 2781 705 2828 tria
718 2793 808 2838 mopso
822 2783 892 2829 scot,

72 2861 159 2908 mopso
179 2851 244 2897 ioco
262 2853 322 2894 root
338 2865 345 2892 .·
359 2859 407 2892 noo
431 2847 492 2892 enim
512 2857 595 2893 sensus
609 2857 660 2890 esse
680 2844 751 2888 debet
765 2841 826 2900 quod
841 2841 891 2884 toec

72 2923 159 2970 towns
179 2907 243 2959 ὁωιὰ
267 2912 334 2961 cist,
355 2910 397 2957 scd
420 2909 482 2965 quod
499 2923 538 2954 res
552 2919 633 2953 omnes
648 2907 672 2950 in
687 2906 772 2962 quinus
790 2903 834 2946 trts
848 2901 892 2943 iiis

70 2973 230 3034 inveniuntur,
245 2985 339 3032 mopso
356 2971 420 3018 icoo
433 2973 501 3020 siut,
511 2978 557 3016 etc.
702 2984 709 2994 ¹
