1992 3342
128 214 174 257 itti
316 222 375 255 rans
393 222 416 265 ι,
433 218 525 262 ounsr.
544 218 594 266 xcv,
613 216 667 253 aur.
686 218 737 253 xru.

128 296 275 345 manifennm
287 299 335 356 est,
349 294 409 357 qndd
422 293 577 355 contingentia
590 290 740 342 infallibiliter
751 290 823 341 illeo
836 306 941 357 cognos-

128 371 219 428 cuntur,
233 366 259 414 in
277 369 387 428 qnantum
402 365 529 414 subduntur
549 363 627 413 divino
651 362 784 425 conspectui
805 366 941 415 secundum

129 450 194 486 suam
215 436 422 499 presentialitatem
440 452 445 484 ι
465 440 489 486 et
511 439 586 485 tamen
606 439 659 485 sunt
678 434 753 483 futura
775 433 942 499 contingentia

127 507 177 556 suis
190 508 265 557 causis
273 506 382 573 proximis
391 511 530 571 comparata.

160 577 196 627 ad
209 576 306 640 primum
324 591 379 640 ergo
396 578 518 627 dicendum
531 574 604 641 quon,
621 576 676 630 licet
693 589 761 625 causa
780 590 894 638 suprema
912 578 943 627 sit

130 648 272 710 necessaria,
280 653 361 698 tamen
373 649 470 699 effectus
480 652 555 712 polest
566 660 615 697 esse
627 648 762 709 contingens
771 649 871 709 propter
883 662 942 697 cau·

130 731 179 768 sam
191 720 317 781 proximam
328 721 508 783 contingentem.
517 721 579 770 Sicut
593 718 727 783 germinatio
736 718 821 782 plantae
832 720 872 767 est
886 732 944 769 con-

130 790 221 851 tingens
235 796 328 855 propter
340 806 434 842 οιιιιιιιι
449 791 576 855 proximam
588 790 774 852 contingentem,
788 789 844 837 licet
863 794 944 841 motus

131 860 185 911 solis
198 862 238 924 qui
250 867 285 912 est
297 876 366 913 causa
378 863 466 926 prima,
480 862 511 911 sit
527 862 677 912 necessarius.
693 862 721 910 Et
733 860 839 910 similiter
855 861 918 912 scita
932 862 945 911 i

131 933 178 983 lieo
190 939 244 984 sunt
258 935 413 997 contingentia
425 937 519 999 propter
532 946 611 983 causas
625 931 757 997 proximas,
770 931 826 980 licet
840 932 946 983 scientia

133 1003 187 1065 liei,
203 1019 254 1067 qun
268 1010 305 1055 est
316 1018 384 1055 causa
397 1005 484 1068 prima,
499 1003 529 1053 sit
543 1003 680 1053 necessaria.

163 1075 327 1126 Adsecundum
338 1076 473 1138 dicendum,
483 1074 544 1138 qnod
556 1074 647 1137 qnidam
657 1072 743 1134 dieunt,
762 1072 824 1134 qudd
837 1073 890 1124 hoc
907 1088 947 1124 an-

133 1146 240 1196 tecedens
255 1162 261 1195 ;
277 1164 291 1194 ι
304 1148 364 1196 fleus
382 1146 449 1196 scirit
466 1147 511 1195 hoc
527 1144 661 1205 contingens
677 1143 797 1205 futurum,
814 1158 828 1189 ιι
843 1157 898 1194 non
913 1150 947 1195 est

134 1217 303 1281 necessarium,
316 1218 357 1267 sed
371 1218 525 1280 contingens,
541 1216 594 1279 quia
606 1214 660 1264 ficet
679 1214 708 1264 sit
722 1213 893 1277 preteritum,
914 1220 947 1265 ta·

135 1299 188 1335 men
206 1288 315 1351 importet
330 1292 457 1351 respectum
477 1287 506 1335 ad
528 1286 637 1335 futurum.
650 1286 697 1335 Sed
713 1286 757 1335 hoc
776 1298 825 1333 non
843 1285 911 1337 tollit
926 1288 947 1337 ei

135 1358 303 1421 necessitatem,
317 1360 369 1422 quia
382 1359 406 1407 id
418 1357 479 1420 nudi
492 1358 572 1407 habuit
585 1361 714 1419 respectum
726 1352 760 1405 ad'
768 1355 893 1421 futurum,
909 1372 948 1407 ne·

135 1441 198 1479 cesse
209 1433 244 1479 est
256 1427 437 1491 oecumenico
449 1428 519 1477 etiam
540 1428 640 1476 futurum
655 1440 701 1477 non
719 1429 830 1487 sequatur
843 1430 948 1491 quando

137 1512 191 1561 que.
207 1501 252 1549 lilii
266 1499 322 1550 rerd
337 1500 415 1549 dicum
431 1501 475 1549 hoc
494 1500 633 1549 antecedens
649 1511 699 1547 csse
717 1496 878 1562 contingens,
895 1501 947 1563 quia

138 1573 173 1620 est
187 1570 337 1633 compositum
349 1584 379 1619 ex
397 1569 525 1620 necessario
543 1573 567 1619 ct
582 1568 732 1631 contingenti,
747 1566 810 1617 sicut
822 1568 891 1619 istud
902 1570 950 1620 dic·

138 1643 186 1689 ton
201 1644 237 1689 est
248 1640 396 1703 contingens,
411 1658 426 1687 ιι
435 1642 551 1690 Socratem
568 1653 617 1690 esse
632 1639 749 1689 hominem
765 1639 854 1689 album.
873 1658 888 1687 ιι
906 1642 950 1692 Sed
983 1646 984 1705 ι

138 1710 263 1759 licentiam
277 1710 335 1758 nihil
345 1714 398 1759 est.
413 1712 468 1774 quin
483 1712 536 1761 edm
548 1711 641 1773 dicitur,
657 1728 670 1757 ιι
683 1712 743 1760 fleus
760 1710 831 1760 scirit
843 1722 899 1761 esse
912 1714 951 1761 fu·
983 1746 984 1779 ι

139 1782 213 1829 turum
230 1781 275 1829 hoc
293 1780 446 1844 contingens,
460 1799 474 1827 ιι
494 1784 641 1843 contingens
652 1794 699 1831 non
711 1780 806 1844 ponitur
817 1781 854 1830 ibi
867 1780 916 1833 uisi
927 1788 951 1831 ut
983 1812 984 1857 ι

139 1848 233 1903 materia
249 1850 330 1913 verli,
347 1856 371 1901 et
388 1866 435 1902 non
450 1853 508 1903 sicut
526 1852 658 1916 principalis
677 1865 730 1915 pars
750 1852 949 1915 propositionis:

138 1920 199 1970 unde
211 1921 368 1984 contingentia
381 1923 431 1985 ejus
440 1924 479 1973 rel
492 1924 630 1985 necessitas,
641 1921 698 1971 nihil
710 1921 780 1971 refert
792 1924 820 1972 ad
835 1924 883 1973 hoc
892 1924 984 2003 qudd

140 1992 264 2072 propositio
280 1993 309 2043 sit
323 1993 451 2043 necessaria
474 1995 512 2043 rel
528 1994 676 2056 contingens,
692 2006 748 2043 vera
764 1993 803 2043 vel
825 1994 898 2045 falsa.
919 1970 984 2057 ιιι

140 2061 202 2113 enim
213 2066 288 2126 potest
304 2076 354 2113 esse
371 2078 470 2126 rerum,
485 2081 499 2111 ιι
510 2077 546 2113 me
558 2064 640 2113 dixisse
650 2063 766 2113 hominem
780 2076 834 2113 esse
845 2065 951 2127 ιιιιιιιιιι,

142 2133 200 2183 siem
216 2152 231 2181 ιι
240 2147 276 2183 me
289 2134 373 2184 dixisse
385 2136 501 2185 Moralem
517 2148 620 2196 currere,
632 2134 670 2183 rel
681 2136 751 2183 lleurn
764 2147 834 2196 esse,
849 2152 864 2181 ιι
879 2140 903 2185 et
917 2149 952 2185 ea-

141 2205 193 2253 dem
201 2205 259 2254 ratio
272 2209 306 2253 est
317 2205 345 2254 de
356 2205 484 2254 necessario
493 2208 517 2253 et
530 2204 681 2266 contingenti.

143 2360 190 2394 aon
205 2349 227 2393 ei
237 2350 311 2394 solum
321 2350 424 2395 idealiter
434 2356 458 2394 et
468 2362 510 2405 per
518 2352 619 2405 speciem
633 2350 668 2393 sui
682 2350 711 2393 nb
726 2354 813 2392 eterno
826 2352 953 2407 praesentia

143 2416 208 2467 suut,
223 2412 263 2455 scd
279 2413 373 2457 realiter
385 2414 409 2456 in
428 2412 511 2467 seipsis
529 2418 553 2455 et
571 2424 612 2467 per
626 2412 742 2467 proprium
762 2422 812 2457 esee
834 2413 892 2469 ipse
907 2414 955 2468 ejus
983 2394 984 2427 ¹

143 2472 266 2517 eremitati
283 2474 424 2525 coexistuut;
442 2472 583 2529 proindeque
602 2474 625 2517 in
639 2474 677 2519 illa
693 2472 828 2518 coexistunt
849 2476 954 2521 invicem

144 2534 188 2578 sibi
199 2541 314 2589 quatenus
328 2536 443 2579 ceteruitas
457 2536 553 2579 indivisa
569 2541 604 2579 est
620 2535 745 2579 formaliter
761 2539 785 2577 et
795 2546 849 2579 uno
868 2544 955 2594 puncto
983 2532 984 2593 l

144 2601 235 2640 constat
248 2598 355 2641 universa
365 2603 469 2653 tempora
481 2598 614 2641 continente
630 2612 636 2639 ι
649 2607 695 2641 non
711 2602 788 2639 tamen
799 2600 955 2653 coexistunt,
983 2598 984 2629 l

144 2664 256 2713 quowuus
273 2659 389 2703 eternitas
409 2659 536 2705 ducaliter
554 2658 663 2703 dividitur
680 2664 704 2703 et
722 2657 815 2702 virtuali
837 2658 957 2707 divisione
983 2654 984 2693 l

146 2718 187 2768 sut
197 2719 251 2764 huic
261 2726 286 2765 et
297 2720 330 2765 illi
337 2721 449 2777 temporis
461 2721 522 2777 parti
530 2720 685 2777 multipliciter
693 2720 868 2775 correspondet
881 2740 889 2767 ι
901 2724 958 2769 sicut
983 2724 984 2743 ι

145 2794 225 2827 omnes
235 2782 302 2827 lineo
314 2788 394 2827 cauno
407 2790 431 2827 et
439 2783 539 2828 invicem
551 2783 622 2828 etiarn
631 2779 676 2829 sibi
686 2782 815 2827 coexistunt
828 2782 857 2829 iu
873 2792 956 2831 centro
983 2790 984 2833 l

146 2843 166 2888 ri
175 2849 277 2889 sumatur
289 2850 315 2889 ιιι
324 2844 451 2890 formaliter
459 2845 594 2905 indivisum,
608 2856 655 2891 non
667 2846 685 2890 sl
697 2848 800 2890 sumatur
809 2852 842 2889 ut
856 2848 958 2893 divisum
983 2850 984 2881 l

148 2914 285 2959 ritualiter:
295 2914 356 2971 quod
363 2915 455 2961 etinter
464 2916 554 2962 selecta
561 2917 583 2960 S.
595 2916 688 2967 'f'lromtn
697 2912 785 2971 plenfds
796 2920 960 2971 expendetur.
983 2918 984 2945 t
