1992 3342
317 218 350 256 nn
365 220 406 255 our
423 219 574 259 coourrtobu.
805 214 849 259 lib

76 292 217 360 idquartu'nr
226 294 358 358 denudum,
368 294 428 358 qubd
438 296 555 360 proportio
565 295 645 347 dicitur
657 297 786 361 dupliciter.
799 299 848 349 Uno

58 369 108 417 ruodo
124 370 187 416 certa
206 362 318 415 bubimdo
331 365 401 415 unius
414 366 548 430 quantitatis
561 369 588 419 ad
603 368 709 431 alteram,
725 370 849 419 sewudom

56 440 101 497 nod
117 439 230 502 duplum,
247 436 358 501 triplum,
373 441 398 487 et
414 440 500 500 aequule
518 443 571 488 sunt
586 439 675 503 speeies
687 440 848 504 proportionis.

56 509 93 559 llio
105 512 170 558 ruodo
182 507 294 572 quaelibet
307 508 419 558 habitudo
429 509 496 559 unius
510 510 539 559 ad
552 510 648 560 alterum
660 511 778 575 proportio
792 512 849 563 dici-

56 583 91 627 tur.
101 581 128 628 Et
138 579 168 629 sic
177 582 256 643 potest
264 592 316 629 esse
324 579 443 643 proportio
454 585 564 630 creature
576 582 604 631 nd
617 582 698 645 Deum,
706 582 731 632 in
740 588 848 647 quantum

56 652 150 701 sehabet
159 652 187 701 ud
203 651 296 714 ipsum,
311 654 337 701 ut
350 650 448 701 effectus
466 653 495 701 ad
508 665 612 716 causum,
626 658 649 703 et
664 656 689 703 ut
703 655 805 718 potentin
820 658 848 707 ad

55 729 126 772 artum.
142 724 169 772 Et
185 723 313 773 seeundum
332 724 377 772 hoo
397 722 526 773 intellectus
551 728 639 776 oreatus
666 727 849 791 proportionatus

54 806 93 845 esse
102 797 176 859 potest
188 795 219 844 ad
233 794 419 856 cognoscendum
431 796 510 846 Deurru

349 943 507 996 subtutus
523 946 552 995 ll.

53 1071 128 1117 turum
142 1072 249 1116 essentia
264 1071 311 1116 Dei
328 1072 359 1115 ab
374 1072 497 1116 intellectu
516 1076 595 1117 creato
609 1086 651 1130 per
664 1074 771 1132 utiquam
781 1078 848 1121 slmi-

318 1134 446 1178 tttudr'nem
456 1136 575 1180 videatur.

70 1262 103 1311 td
114 1262 243 1313 secuudum
260 1260 295 1310 sic
309 1260 442 1323 proceditur
458 1261 501 1325 (1).
519 1260 613 1311 Videtur
623 1262 683 1325 quod
697 1265 795 1315 essentia
808 1266 849 1315 Ilei

48 1334 68 1381 ab
77 1333 195 1383 intellectu
206 1335 288 1382 orento
297 1344 339 1395 per
347 1332 446 1395 aliquam
457 1332 850 1385 similitudinemuideutur.1linitur

47 1404 100 1453 eninr
111 1405 130 1454 Ι.
143 1406 218 1454 toan.
233 1404 266 1452 lll
279 1418 285 1453 :
300 1420 313 1450 u
322 1404 411 1454 Solutus
423 1404 531 1467 quoniam
546 1402 601 1453 edun
613 1404 752 1467 apperuerit,
766 1404 851 1453 similes

47 1476 63 1523 ei
75 1476 169 1539 erimus,
184 1479 209 1525 et
222 1474 356 1529 ridebimus
368 1488 422 1524 euru
434 1475 504 1525 sieuti
521 1479 565 1525 est.
579 1491 593 1521 n

73 1553 96 1596 2.
109 1549 240 1610 merea,
260 1546 402 1609 tenemus
415 1546 484 1611 dicit,
502 1548 595 1610 1x‚de
620 1551 711 1598 Trtott.
733 1565 738 1597 :
761 1566 775 1597 «
792 1547 848 1599 Cdnr

46 1619 109 1669 deum
121 1618 244 1682 munius,
259 1616 376 1681 titulique
389 1618 431 1667 llei
447 1618 571 1670 similitudo
583 1620 609 1669 iu
622 1620 695 1671 nobis.
708 1636 728 1667 n

70 1694 90 1736 3.
106 1690 242 1751 Praeterea,
258 1687 392 1738 inubeeus
408 1687 433 1737 iu
450 1691 502 1738 notu
522 1693 557 1739 est
577 1689 720 1754 intelligibile
737 1691 762 1741 in
781 1693 847 1751 antu,

45 1759 98 1808 sieut
109 1774 192 1811 seusus
204 1760 231 1809 in
249 1762 304 1809 ectu
318 1762 355 1809 est
367 1758 475 1809 sensibile
485 1760 511 1809 in
523 1765 583 1811 netu.
598 1762 645 1813 lloc
663 1765 738 1813 autern
752 1773 797 1811 nou
814 1764 849 1810 est

45 1829 83 1878 uisi
97 1830 119 1881 in
134 1834 253 1895 quantum
264 1830 403 1881 informatur
416 1835 496 1881 sensus
510 1830 656 1884 similitudine
672 1834 706 1883 rei
723 1832 854 1893 sensibilis,-

44 1906 63 1948 et
84 1900 676 2023 Qfflgo
698 1904 718 1953 si
738 1904 798 1952 lleus
820 1902 849 1950 ab

44 1971 155 2064 intellectu
176 1988 204 2023 cr
242 2043 247 2053 ι
274 1972 366 2022 videtu
380 1985 406 2022 ru
422 1984 449 2020 uo
483 1976 602 2051 ,oportet
619 1973 679 2037 qudd
692 1986 733 2036 per
750 1973 850 2035 aliquam

50 2044 427 2177 ffidim
441 2114 581 2177 Augustinus
596 2114 649 2175 llll,
661 2112 692 2163 de
709 2114 800 2163 Tru'nit.
815 2112 849 2179 (t)

73 2243 100 2303 (l)
117 2248 151 2290 De
167 2245 208 2289 bis
222 2244 294 2288 etium
308 2244 358 2300 lv,
379 2243 458 2292 stet„
475 2243 529 2288 dist.
551 2242 590 2299 te,
616 2254 655 2299 qu.
677 2242 700 2301 b,
722 2248 765 2289 nrt.
784 2241 815 2297 3;Ι
827 2250 851 2288 et

46 2307 102 2362 uult,
117 2309 145 2352 de
160 2308 244 2365 uerit,
259 2311 305 2351 art.
317 2305 346 2358 i;
360 2310 385 2349 et
400 2304 488 2360 Quodt.
501 2306 525 2365 7,
541 2310 585 2352 nrt..
603 2303 626 2363 1,
639 2310 662 2349 et
676 2304 701 2359 33
715 2313 739 2350 et
759 2306 850 2351 Contra

47 2367 117 2420 drot..
128 2370 173 2415 lib.
185 2368 216 2428 3,
229 2380 285 2425 cup.
300 2366 340 2419 tu
352 2372 376 2411 et
389 2366 491 2423 Opere„
505 2367 528 2425 3,
545 2379 598 2423 eep.
611 2366 664 2413 105.
766 2371 769 2375 '

73 2427 101 2491 (ἡ
113 2434 147 2477 lle
166 2431 215 2477 illis
231 2437 313 2491 tamen
327 2429 517 2474 similitudinibus
527 2427 560 2475 ibi
577 2430 678 2485 loquitur
688 2440 717 2473 ex
730 2430 848 2488 professo,

47 2501 90 2542 ‘111ae
103 2494 200 2539 torrnuri
212 2492 308 2537 duobis
320 2496 419 2552 possunt
429 2492 454 2536 iu
471 2492 515 2537 bae
528 2492 584 2537 vitu.
598 2494 633 2537 Sto
645 2492 706 2537 enim
720 2491 753 2535 ibi
765 2492 848 2547 plene:

46 2552 107 2599 Sicut
119 2558 223 2601 nomine
232 2555 332 2613 speculi
342 2555 477 2611 tmopinem
486 2554 567 2599 votuit
576 2555 697 2611 intetttpt,
705 2554 741 2597 tto
751 2555 851 2599 nomine

47 2617 177 2673 minoratis
194 2617 310 2676 quemvis
327 2615 534 2665 similitudinem,
547 2618 625 2661 tomen
640 2616 765 2661 obscurum
782 2619 804 2659 et
818 2616 851 2659 od

47 2678 243 2737 proterentem
256 2678 392 2737 difficilem.
405 2676 465 2723 de
476 2680 559 2736 tpiter
574 2679 668 2735 speculi
679 2682 700 2723 et
714 2676 851 2733 entpmatte

50 2742 139 2787 uentu
157 2752 311 2800 quoeunque
333 2740 511 2786 similitudines
531 2740 560 2785 ud
576 2741 688 2799 Apostoto
706 2739 851 2795 sipotfieatoe

51 2799 150 2861 inreuqt
159 2806 259 2862 possint
275 2814 330 2861 pure
347 2802 528 2847 accommodate
543 2806 601 2847 suut
618 2802 649 2847 od
663 2798 851 2856 toteltipeudum

52 2859 122 2906 meur
133 2878 158 2910 eo
177 2866 248 2912 modo
262 2877 312 2923 poto
322 2868 413 2923 potest,
423 2865 491 2909 bibit
502 2868 581 2909 tumen
600 2868 632 2909 est
649 2859 851 2908 accommodatius

50 2922 119 2975 pudor
129 2928 155 2971 id
165 2930 229 2986 quod
243 2930 328 2985 tmapo
337 2928 392 2984 ejus
401 2938 451 2970 nort
461 2927 558 2987 (restra
566 2926 670 2971 diction
684 2926 757 2971 Nemo
771 2921 861 2972 itaque

175 3012 191 3045 l.
715 2996 728 3037 ὅ
