1992 3342
119 198 165 245 tte
308 206 369 243 aare
384 208 407 255 1,
422 205 516 251 oum.
532 204 604 256 mx,
621 206 675 243 aar.
691 206 727 241 nr.

120 286 167 335 lieo
179 282 261 345 tradit3
272 285 405 345 sequeretur
414 281 476 347 quod
486 294 603 345 nunquam
612 280 637 331 in
644 281 688 332 alia
698 282 776 344 lingua
786 285 865 345 posset
876 280 921 332 ali-

118 355 172 420 quis
181 353 243 417 loqui
255 353 283 402 de
296 353 343 403 Deo
348 390 357 415 ‚
371 352 415 403 nisi
427 354 452 402 iu
462 352 502 403 illa
512 352 537 402 in
544 366 592 417 ¹qua
607 351 681 417 primd
699 352 782 402 tradita
793 355 829 403 est
842 352 922 417 suip-

120 430 173 475 tura
182 424 266 475 veteris
274 424 312 473 ael
324 424 379 473 nevi
388 424 536 475 Testamenti.
550 424 583 473 sd
593 423 756 475 inveniendum
767 426 845 474 autern
860 438 923 475 nera

120 495 213 547 nomina
225 494 342 558 antiquam
350 494 419 545 fidem
431 495 460 545 de
471 496 518 545 lieo
531 493 695 558 sigmlioautia,
706 494 782 557 coegit
794 495 923 547 necessitas

120 565 434 629 disputandieumlasretieis
442 565 540 630 (lilius
548 568 598 617 laaee
606 565 696 617 novies
705 566 799 616 vitanda
808 566 924 630 est,-oi1m
992 568 993 583 ¹

120 650 168 687 nou
181 636 329 701 adprosam,
342 637 422 701 utpote
432 636 447 687 d
456 637 624 702 Scripturarum
632 650 701 689 sensu
713 650 761 687 non
771 636 922 689 discordans:

121 709 188 759 decet
200 713 278 760 autem
294 710 415 773 apostolus
428 726 442 757 u
452 709 560 773 prolanas
579 722 662 759 vocum
674 708 788 761 noritmm
803 723 817 754 »
830 708 924 773 uitare,

122 780 132 828 l
145 779 181 829 od
192 781 267 842 Tim„
279 780 321 830 ult.

152 851 187 901 ld
206 852 332 902 seeundum
342 851 466 902 dicendum
474 886 483 912 ‚
496 848 558 913 qued
576 848 679 914 panaris
692 849 737 900 hoo
754 862 854 913 nomen,
866 866 927 915 per-

121 936 196 978 sono,
210 936 258 973 nen
267 922 443 973 eonveniatlteo
450 920 562 985 quantiam
575 921 659 971 adid«
670 920 878 987 dqueimpesitum
890 927 928 974 est

121 1006 221 1057 nomen,
232 1009 246 1039 ι)
257 998 336 1043 tamur
350 991 460 1056 quantiam
472 992 502 1041 ad
514 993 537 1042 id
550 1009 565 1040 «
574 993 604 1041 ad
619 992 679 1056 quod
693 991 867 1055 significandum
882 994 929 1045 im-

121 1064 231 1127 ponitur,
243 1081 257 1111 u
271 1063 369 1115 maxime
387 1065 433 1114 lieo
449 1063 566 1114 conuenit.
579 1063 637 1123 Quia
654 1062 753 1114 enimin
766 1064 888 1115 oomoediis
904 1068 928 1115 et
992 1062 993 1067 ’

121 1134 239 1198 tragoediis
249 1136 470 1200 repraesentabantur
481 1134 553 1197 aliqui
567 1134 673 1185 homines
684 1134 765 1185 famosi
771 1172 779 1199 ,
789 1134 928 1199 impositum
992 1196 993 1199 Ἴ

122 1210 158 1256 est
170 1207 215 1258 lroo
228 1220 326 1270 nomen,
336 1221 442 1271 persona
448 1244 457 1270 ,
465 1208 493 1257 ad
503 1206 677 1269 significandum
688 1208 776 1271 aliquos
787 1206 928 1270 dignitatem

121 1280 234 1330 habentes
248 1295 255 1330 ;
268 1279 329 1329 uude
342 1281 510 1329 consueverunt
523 1279 570 1329 diei
580 1292 691 1343 perseam
701 1279 726 1329 iu
738 1278 859 1341 licdssiis,
873 1290 929 1344 que

121 1352 207 1402 habent
219 1352 320 1416 aliquam
326 1350 461 1414 digmtatem
471 1349 514 1416 (i).
527 1352 623 1415 Propter
632 1350 693 1414 quod
703 1351 798 1414 qudam
806 1350 929 1402 diffiniunt

122 1436 258 1487 personam,
269 1423 372 1474 dieentes
381 1421 442 1486 quod
453 1439 468 1471 «
480 1435 579 1487 persona
592 1424 627 1473 est
640 1422 769 1487 hypostasis
783 1422 928 1487 proprietate

123 1493 230 1545 distinata
238 1496 267 1543 ad
278 1493 414 1556 dumetum
422 1493 562 1557 pertinente.
571 1509 586 1540 u
596 1494 625 1543 st
637 1492 691 1557 quia
702 1506 792 1557 magna
806 1494 929 1557 dignitatis

122 1568 159 1615 est
174 1564 199 1614 in
209 1564 316 1615 rationali
327 1569 409 1615 natura
424 1566 564 1629 subsistam,
582 1564 633 1615 ideo
647 1577 715 1615 omne
729 1564 877 1615 individuum
891 1580 930 1616 ra-

123 1636 216 1686 tionalis
230 1641 317 1687 nature
331 1636 414 1687 dieitur
424 1651 544 1701 persona,
559 1639 586 1689 ut
598 1636 685 1685 dietum
698 1640 742 1687 est.
764 1636 810 1687 Sed
826 1636 930 1701 dignitas
992 1694 993 1701 ἶ

124 1705 209 1755 divine
225 1708 312 1755 nature
326 1706 415 1758 excedit
434 1718 527 1757 omnem
542 1705 690 1769 dignitatem⁹
702 1710 726 1755 et
738 1705 866 1757 seonnddm
882 1708 930 1758 troo

125 1774 224 1825 maxime
237 1775 347 1840 competit
360 1778 407 1828 lieo
418 1790 504 1827 nemen
514 1792 632 1841 persone.
992 1822 993 1847 ¹

156 1846 191 1896 ld
203 1846 296 1896 tertium
306 1848 441 1911 dicendum,
453 1847 625 1912 autonomon,
636 1847 853 1913 hypostaeimon
866 1864 930 1901 eom
992 1910 993 1917 ἵ

126 1918 185 1983 petit
194 1920 242 1969 lieo
255 1918 365 1983 quamdm
375 1921 405 1970 ad
414 1920 463 1971 id«
474 1920 584 1984 aquoesa
593 1918 725 1984 impositum
734 1932 819 1971 nomen
825 1958 833 1985 ,
848 1936 864 1969 o
876 1922 930 1973 edm

127 2004 174 2041 nou
187 1992 274 2041 substet
286 1989 455 2055 assidentibus3
466 1992 575 2055 competit
587 1996 664 2041 autem
677 1990 786 2055 quantirm
796 1994 825 2042 ad
839 1991 865 2043 id
876 2010 892 2041 a
901 1994 930 2045 ad

126 2064 188 2127 qued
201 2062 378 2127 siguideaudum
393 2068 428 2115 est
440 2063 588 2127 impositum,
599 2078 613 2109 u
625 2066 660 2113 est
674 2062 735 2113 enim
749 2062 885 2127 impositum
901 2065 930 2115 ad

126 2134 300 2197 significandam
315 2148 364 2185 rem
374 2134 546 2186 subsistentem.
561 2134 713 2198 Hieronymus
729 2138 805 2184 autem
815 2134 873 2185 dieit
886 2136 928 2187 suh

126 2206 173 2257 hoo
182 2208 274 2259 nomme
288 2220 402 2258 rensuum
412 2206 498 2269 latere,
507 2205 561 2271 quia
569 2208 693 2270 antequam
708 2204 846 2268 significatio
859 2206 929 2273 hujus

127 2277 226 2329 neminis
235 2281 297 2330 esset
305 2277 373 2342 plene
381 2281 437 2329 nota
444 2278 507 2343 apud
514 2277 605 2328 minos
610 2314 619 2341 ,
628 2275 731 2327 haretici
741 2290 783 2341 per
788 2278 834 2329 lroo
843 2289 928 2329 nomeu

160 2400 191 2464 ti)
206 2405 269 2451 Siout
280 2412 361 2454 eontra
374 2406 480 2454 heresim
491 2407 603 2453 arianam
616 2417 701 2453 nomeu
715 2404 930 2453 comederemus&

71 2481 75 2488 ’
130 2463 179 2525 (vel
193 2466 329 2535 ipericius),
344 2476 367 2514 et
381 2473 462 2515 contra
474 2466 691 2528 sacramentarium,
706 2480 792 2515 nomen
805 2469 930 2515 tremeat-

126 2539 302 2584 stantiatiosta's.

161 2607 192 2671 (2)
206 2610 242 2654 Sie
256 2611 319 2656 euim
331 2612 395 2658 extri
407 2613 437 2659 de
447 2612 585 2671 proeemdtr
598 2617 621 2659 ει
631 2612 810 2671 dipeitottdau,
824 2624 878 2670 eap.
890 2610 928 2657 le

128 2674 194 2722 trae,
201 2672 242 2716 uhi
255 2674 388 2720 Alexander
397 2677 448 2732 ΙΙΙ,
459 2677 527 2721 omni
538 2676 635 2721 satiem
645 2677 799 2723 amomon
811 2675 893 2721 asserit
902 2678 931 2720 ιιι

128 2747 196 2781 eoae
213 2734 323 2780 Clericus
335 2738 367 2781 tet
377 2750 431 2783 m
441 2739 482 2783 eet
494 2738 599 2784 diversis
618 2739 732 2783 Ecoleatts
742 2739 830 2796 pterea
847 2738 931 2797 dipsi-

128 2803 187 2844 tetes
201 2798 239 2842 eet
246 2803 391 2855 personatu
401 2799 514 2847 clunem.
525 2804 556 2847 Et
568 2801 666 2856 esp-De
676 2801 763 2850 multo,
772 2800 814 2845 ubi
824 2800 931 2847 similiter

127 2860 232 2906 decernit
242 2862 391 2909 Innocentius
400 2864 443 2920 111,
456 2866 484 2909 ιιι
494 2864 525 2909 ta
536 2862 617 2909 eudem
625 2864 733 2909 sterent
745 2862 833 2909 nullae
842 2864 931 2922 plueret

129 2924 260 2982 dissitam
272 2923 310 2969 oet
320 2929 466 2982 personetur
479 2924 567 2973 tatem
576 2928 725 2984 ριωιιιεεαι,
738 2928 782 2971 ete.
