1992 3342
254 219 287 256 DE
302 219 384 257 RERUH
399 219 564 282 unstruottottn
579 222 606 260 nt
622 221 737 260 sument.
847 215 893 262 693

92 295 216 362 dionysius
230 295 285 346 dicit
298 295 337 347 ιιι
348 311 416 362 sopra
431 313 436 347 :
454 315 468 346 c
481 299 565 349 Malum
583 312 629 350 non
647 299 694 364 agit
713 313 788 364 neque
803 300 894 352 deside·

91 371 155 418 ratur
168 367 213 418 nisi
225 367 309 418 virtuto
320 367 375 418 boni
386 369 502 434 adjuncti3
513 383 555 434 per
568 383 593 421 εε
603 371 720 438 autenti)
732 375 767 422 est
776 371 892 424 infinitum

92 443 116 490 ct
132 443 216 504 preter
226 441 366 491 voluntatem
382 441 575 493 etintentionem.
591 459 605 490 o

125 513 160 562 nd
171 512 274 576 quintum
287 511 420 575 dicendum,
432 512 492 578 quod
502 513 563 564 sicut
575 514 643 580 supr'a
653 515 739 566 dictum
752 519 807 579 εει,
818 519 894 581 partes

92 584 197 634 uniuersi
210 585 293 634 habent
306 585 406 635 ordinem
421 587 449 636 ad
465 585 564 636 inuocem
578 586 701 637 secundum
713 586 774 652 qudd
787 600 831 638 uno
847 588 895 650 agit

92 657 118 707 in
134 658 244 722 atteram,
254 660 276 706 ει
287 660 322 708 εει
334 657 385 707 finis
398 657 506 719 alterius,
520 662 543 708 et
554 659 670 722 exemplar
683 675 689 708 :
703 661 753 710 haec
766 664 842 710 autern
854 660 895 724 (ut

93 729 179 780 dicium
193 728 240 792 cst)
254 743 299 780 non
312 733 407 793 possunt
420 729 542 780 convenire
555 731 614 781 mato
632 731 678 781 nisi
689 732 777 781 ratione
788 731 843 782 boni
854 733 894 782 ad-

92 801 169 867 juncti
181 816 186 851 :
200 801 261 851 unde
272 801 355 850 matum
367 815 442 866 neque
454 803 483 852 ad
494 802 657 866 perfectionem
671 802 773 853 uniuersi
783 803 894 866 pertinet,

94 887 170 938 neque
185 873 226 924 sub
240 873 319 924 ordine
336 873 438 924 uniuersi
451 873 607 938 concluditur,
625 873 671 924 nisi
684 883 725 940 per
738 875 858 936 accidens3
872 875 895 926 id

94 950 142 1010 εει,
157 945 244 997 ratione
256 943 311 996 boni
325 945 436 1012 adjuncti.

386 1098 545 1150 unntcucus
562 1100 591 1149 n.

271 1215 358 1262 Utrum
366 1219 458 1262 neotum
467 1218 607 1262 inveniatur
615 1217 643 1262 in
651 1217 729 1262 redere.

125 1333 160 1384 nd
174 1331 299 1388 secundnm
313 1332 346 1384 sic
361 1331 491 1397 proceditur
505 1331 551 1396 (Ξ).
569 1331 664 1381 Videtur
675 1331 737 1396 qndd
751 1334 835 1384 malurn
850 1349 897 1388 uon

94 1404 230 1456 inueniatur
238 1405 263 1455 in
271 1405 346 1466 rebus.
362 1404 474 1468 Quicquid
483 1404 547 1454 enim
555 1403 670 1473 inuenitur
680 1403 705 1453 ιιι
718 1406 786 1457 nehus
795 1445 803 1468 ,
812 1408 850 1458 ret
861 1411 897 1458 est

94 1475 352 1541 incimmemmaum
364 1475 476 1540 alicujus,
486 1478 546 1540 qnod
555 1479 590 1526 est
600 1490 649 1525 non
662 1491 712 1526 erm.
723 1477 767 1526 Sed
776 1477 898 1542 dionysius

94 1547 164 1613 dicit,
178 1549 217 1600 ubi
231 1562 311 1612 supra,
323 1547 383 1612 quod
400 1565 415 1596 u
426 1549 512 1600 malum
522 1546 591 1598 disin
604 1548 632 1597 ab
646 1547 774 1611 existente,
787 1551 812 1598 ει
822 1550 897 1600 adhuc

94 1623 149 1686 plus
167 1619 259 1672 distat'a
272 1633 319 1670 non
330 1619 443 1673 existente
458 1618 502 1684 (1).
512 1635 527 1666 u
539 1620 597 1684 Ergo
606 1618 691 1670 matum
705 1621 767 1672 nulio
780 1621 847 1672 modo
859 1619 896 1671 in-

94 1693 188 1746 venitur
201 1692 226 1744 in
236 1693 314 1744 rebus.
615 1734 619 1739 ,

127 1770 152 1815 2.
171 1766 296 1828 Proteum,
311 1779 353 1816 eres
369 1768 393 1816 et
410 1779 450 1814 ree
468 1765 640 1816 conuertuntur.
657 1764 683 1814 si
697 1777 751 1828 crgo
763 1765 848 1814 matum
862 1769 898 1816 εει

95 1851 138 1890 ens
149 1838 175 1888 iu
189 1838 269 1902 rebus,
277 1837 379 1902 sequitur
392 1835 452 1902 rprdd
463 1837 549 1888 matum
561 1837 592 1887 sit
601 1851 638 1889 tes
651 1834 772 1901 quonam:
787 1839 847 1902 quod
860 1842 896 1889 εει

96 1911 176 1962 contre
188 1910 305 1973 prodictu.

129 1987 153 2031 3.
164 1983 290 2044 Ριειειει,
305 1981 377 2032 albius
389 1985 424 2032 est
437 1981 498 2046 qrrod
511 1985 547 2032 εει
558 1982 624 2045 nigro
636 1981 817 2047 impermixtius,
826 1985 852 2033 nt
863 1982 896 2033 di·

94 2054 157 2107 citur
169 2054 195 2104 in
205 2053 245 2102 nt
260 2053 301 2104 tib.
323 2055 471 2118 Topicorom
484 2053 634 2116 Aristotcles,
644 2067 696 2118 cap.
711 2058 734 2103 t.
746 2055 805 2118 Ergo
814 2057 839 2104 et
848 2059 911 2104 mc?

95 2127 141 2178 lius
150 2129 187 2177 est
194 2125 253 2188 quod
261 2129 296 2176 est
303 2125 362 2176 malo
369 2125 542 2189 impermixtius.
552 2126 597 2175 Sed
605 2127 665 2176 licus
674 2125 729 2176 iacit
737 2139 827 2192 semper
836 2127 896 2190 qnod

96 2197 181 2248 melius
198 2200 233 2248 εει
249 2195 321 2248 multo
339 2197 411 2260 magis
428 2196 496 2260 quim
511 2201 601 2248 natura.
620 2199 679 2263 Engo
694 2198 720 2249 in
736 2198 804 2248 rebus
818 2197 833 2248 t
848 2200 895 2250 dieo

96 2267 195 2322 mnditis
205 2267 263 2320 ninii
275 2269 360 2320 malum
374 2269 496 2322 inuenitur.

130 2385 163 2452 (1)
178 2389 205 2434 ld
223 2395 270 2450 est,
287 2389 306 2434 si
321 2389 416 2436 seorsim
432 2387 522 2434 dbono
536 2394 560 2434 ct
576 2389 698 2435 secundum
713 2403 738 2436 sc
752 2387 797 2448 qud
811 2391 898 2437 mnium

94 2459 146 2516 ost,
162 2451 327 2512 consideretur,
338 2449 389 2513 ut§
406 2449 434 2497 ot
449 2457 473 2498 et
488 2451 504 2512 ξ
521 2451 552 2496 38
566 2453 643 2498 ridere
659 2457 703 2498 est.
718 2453 806 2499 Dicitur
820 2461 898 2500 cotem

94 2517 236 2576 infinitum,
244 2516 298 2572 qum
307 2527 354 2560 non
365 2525 412 2560 uno
422 2515 490 2560 modo
500 2516 661 2576 determinato,
671 2516 712 2561 sod
721 2517 791 2563 variis
801 2523 825 2563 ct
835 2519 898 2563 volnt

95 2579 199 2626 tcrtuitis
213 2580 338 2638 contingit,
353 2578 414 2624 siout
426 2579 514 2624 ibidem
526 2580 663 2635 explicatur,

131 2648 163 2711 (θ)
176 2654 210 2696 Bo
220 2651 258 2696 his
269 2651 339 2696 otiam
352 2651 376 2696 in
390 2651 426 2709 11,
437 2649 515 2699 scot,
532 2649 585 2695 dist.
599 2649 645 2711 36,
661 2655 705 2697 ort.
722 2649 750 2706 13
765 2658 789 2699 ct
805 2652 898 2698 Contra

97 2715 180 2764 Geni„
194 2715 236 2759 lib.
251 2713 275 2773 ³,
290 2725 343 2771 cop.
358 2712 381 2758 t.

130 2783 162 2847 (1)
177 2789 208 2832 ttt
220 2787 306 2844 possim
320 2787 343 2832 in
362 2785 493 2844 impressis,
510 2785 623 2843 gothicis,
636 2788 807 2844 manuscriptis.
825 2789 897 2844 Atqui

96 2849 188 2908 ptenids
200 2849 358 2906 reponendu-
373 2849 460 2894 ridetur
475 2865 481 2892 z
496 2848 583 2894 Adtcc
597 2850 656 2908 plttt
673 2850 748 2897 utimr
760 2864 811 2897 ooo
832 2853 900 2896 exic-

96 2917 174 2964 ome,
187 2925 229 2958 scu
242 2926 293 2958 cort
305 2917 374 2962 coto,
389 2912 443 2969 quic
456 2916 480 2956 ct
493 2925 544 2956 ms
557 2925 598 2958 em
612 2913 692 2970 atiquo
706 2915 775 2959 modo
789 2920 825 2960 est
838 2927 898 2964 cm,

97 2977 183 3026 melum
197 2982 274 3024 eutem
284 2977 433 3036 neutiquam,
451 2975 484 3021 eit
496 2975 620 3034 Dionpsius
633 2978 680 3036 ibi,
693 2974 710 3038 ἓ
724 2977 764 3025 19.
