1992 3342
348 220 382 255 ml
397 220 521 258 Vnum.
789 216 833 260 271

48 294 83 342 too
106 291 206 355 pertinet
221 292 384 343 alienitatem
402 295 527 346 secundino
545 295 606 359 quod
624 299 659 347 est
679 298 703 347 in
718 299 844 349 intellectu.

47 365 72 412 ll
91 361 212 412 veritatem
231 364 308 411 autem
329 363 364 413 rei
379 364 504 414 seemdhm
523 366 626 416 ordinem
644 369 673 418 ad
689 368 845 433 intellectum,

45 434 136 495 pertinet
154 431 263 483 diffinitio
278 434 400 496 Augustini
413 435 438 485 in
451 436 490 486 hh.
509 438 545 485 De
556 452 617 487 vera
631 439 716 503 reita„
728 439 767 489 uhi
778 454 844 505 sup:

45 505 193 555 rt'eritasest
203 516 294 553 summa
307 504 433 555 similitudo
443 506 569 571 principii,
588 522 638 571 qua
652 510 701 560 sine
720 511 766 560 ulla
782 512 847 563 dissi·

44 576 164 625 nititudine
186 579 232 625 est.
246 591 260 621 u
275 577 304 627 Et
319 578 425 639 quedam
440 577 547 629 diffinitio
566 580 667 630 hnseimi
683 582 721 647 (in
741 584 847 646 hiolopo

44 648 68 694 ils
81 650 165 702 uerit..
181 659 233 709 oap.
250 645 293 708 1);
309 664 324 694 u
336 647 427 698 Veritas
437 652 473 698 est
482 649 595 700 rectitudo
606 651 653 701 soll
662 657 738 703 mente
752 667 847 718 pereep-

44 719 122 780 tihilis;
135 733 150 763 o
168 730 223 766 naun
236 721 325 767 rectum
338 722 388 781 est,
403 721 463 783 quod
473 720 587 785 principio
599 723 720 773 concordat
731 740 736 772 ε
748 728 771 775 et
784 738 846 788 que-

43 790 87 837 dam
99 787 211 837 diffinitio
224 788 350 838 Aneennae
361 790 414 839 talis
427 806 432 838 :
449 808 463 837 u
476 792 565 841 Veritas
578 792 756 857 uniuscujusque
768 794 801 845 rei
812 800 847 847 est

43 859 160 921 proprietas
173 858 211 908 sui
224 872 276 909 esse
287 860 348 922 quod
357 860 482 910 stabilitum
492 866 528 911 est
539 860 569 911 ei.
578 864 664 921 »Quod
674 869 751 915 nutem
764 864 847 915 dicitur

43 930 94 991 puio
114 948 128 978 ι
147 930 237 981 ueritas
260 934 297 981 est
314 931 441 995 adaequatio
462 932 497 982 rei
513 936 536 983 et
548 932 691 999 intellectus,
703 952 717 982 »
732 940 808 1000 potest
818 936 847 985 ad

46 1002 158 1065 utriumque
171 1000 304 1065 pertinere.

73 1072 211 1135 ltprimum
223 1072 420 1135 emoliendum,
432 1073 492 1137 optol
506 1073 647 1136 Augustinus
657 1075 755 1139 loquutur
766 1077 794 1127 de
805 1090 845 1127 ue-

44 1141 107 1190 ritate
117 1143 164 1206 rsi,
180 1147 206 1194 et
220 1143 324 1193 excludit
334 1142 349 1193 l
361 1143 448 1195 ratione
458 1144 527 1208 huius
539 1144 643 1195 ueritatis
653 1148 847 1210 comparationem

43 1211 69 1259 ad
86 1210 224 1264 lutulentum
240 1217 346 1263 nostruin
363 1228 369 1261 ε
389 1227 442 1263 nam
457 1215 482 1265 id
499 1215 561 1279 quod
579 1218 615 1264 est
631 1228 671 1279 per
686 1217 790 1268 aculens
796 1255 804 1281 ,
819 1218 847 1267 ah

42 1296 168 1347 unaquaque
181 1283 325 1334 diffinitione
339 1285 476 1335 excluditur.

68 1356 97 1404 ‚td
114 1355 246 1406 sennodum
258 1368 315 1418 ergo
328 1354 450 1405 dicendum
457 1394 467 1420 ‚
480 1357 542 1420 quhd
556 1356 644 1421 antiqui
654 1356 782 1420 philosophi
794 1370 846 1421 spe-

40 1426 80 1474 cies
93 1441 169 1477 rerunt
187 1426 331 1476 naturalium
348 1439 395 1476 non
414 1426 521 1477 dicebant
533 1427 657 1491 procedere
675 1427 703 1477 ah
722 1426 799 1489 aliquo
814 1426 850 1477 in·

41 1499 146 1561 telleetn,
165 1497 211 1548 sed
233 1510 275 1547 eas
294 1497 416 1559 provenire
438 1496 529 1547 leasu.
553 1498 581 1548 Et
601 1496 654 1561 quia
675 1496 848 1547 considerabant

42 1569 96 1629 quon
105 1585 197 1620 verum
212 1569 326 1632 importat
337 1569 531 1633 comparationem
540 1570 568 1621 ad
577 1570 728 1633 intellectum,
737 1571 852 1632 eogehurr-

42 1645 75 1688 tur
86 1641 214 1692 ueritatern
227 1654 308 1690 rerum
321 1640 459 1691 eonstituere
469 1640 494 1689 in
506 1640 585 1691 ordine
604 1642 632 1691 ad
644 1640 786 1691 intellectum
798 1654 850 1693 nos·

40 1717 94 1759 trum
106 1728 112 1760 ι
126 1725 158 1762 ex
174 1724 225 1775 quo
244 1710 432 1762 inoouuenientia
448 1713 614 1776 sequebantur,
629 1726 678 1776 quae
698 1712 850 1776 Philosophus

41 1783 180 1845 ineuntur
202 1782 232 1831 iu
253 1785 337 1844 punto
361 1782 526 1843 netaptpsic.
550 1784 604 1841 Qua
624 1782 715 1847 quidem
738 1781 849 1833 inconve-

39 1851 119 1903 nientia
132 1868 183 1905 non
197 1853 326 1916 accidunt,
337 1852 358 1901 si
370 1866 482 1915 ponamus
493 1852 616 1903 ueritutem
630 1866 707 1903 rerum
725 1852 848 1904 oonsistere

37 1922 60 1969 in
81 1924 255 1989 comparatione
282 1924 312 1974 ad
331 1923 472 1974 mtehectnur
485 1924 597 1974 divinum.

65 1995 98 2043 ,td
108 1994 207 2045 tertium
221 1994 357 2056 dicendum,
373 1994 435 2058 qnod
447 1993 500 2043 lielt
513 1995 598 2044 ueritas
612 1992 742 2044 intellectus
756 1992 851 2043 nustria

36 2077 56 2110 re
65 2069 182 2128 causetur,
194 2078 245 2114 non
253 2068 335 2115 tamen
345 2067 435 2127 oportet
446 2063 507 2128 quod
520 2065 545 2114 iu
559 2078 583 2113 re
595 2062 709 2128 perprius
721 2061 851 2112 inveniatur

36 2136 88 2184 ratio
99 2135 225 2198 ueritatis3
240 2134 301 2184 sieut
320 2148 395 2198 neque
414 2136 440 2184 iu
459 2135 574 2185 medicina
592 2133 710 2198 perprius
729 2132 847 2183 inuenitur

35 2206 87 2256 ratio
103 2206 212 2257 unitatis
231 2219 303 2270 quam
316 2206 341 2253 in
359 2205 453 2255 ummah
468 2222 474 2254 2
488 2205 562 2255 virtus
575 2205 636 2255 enim
656 2202 786 2265 medisina,
801 2215 848 2253 non

37 2278 119 2327 sanitas
133 2277 197 2341 ejus,
216 2278 299 2327 causat
315 2275 449 2338 sanitatem,
464 2275 516 2325 cium
527 2290 574 2326 non
590 2276 620 2325 sit
633 2288 704 2337 agens
717 2273 849 2323 univocum.

39 2347 62 2392 Et
73 2347 183 2399 similiter
197 2361 255 2397 esse
268 2346 313 2409 rei,
325 2360 371 2397 nou
386 2346 472 2397 ueritas
482 2346 548 2410 ojus,
563 2348 643 2396 causat
652 2344 773 2394 veritatem
782 2342 851 2393 intel·

40 2417 116 2468 leons.
128 2419 198 2469 Unde
212 2417 370 2480 Philosophus
383 2417 438 2467 dieit
454 2416 515 2481 quhd
534 2416 612 2482 opinio
628 2420 652 2466 et
664 2414 736 2466 oratio
748 2416 851 2465 vera-est

38 2503 64 2536 es
76 2503 106 2539 eo
116 2488 183 2554 qnltd
196 2502 236 2539 res
250 2490 301 2549 est,
313 2501 359 2537 non
375 2501 403 2538 ex
414 2500 442 2539 eo
456 2487 518 2552 quhtl
531 2501 568 2537 res
581 2500 637 2537 vera
650 2489 693 2537 est.

42 2628 121 2661 sem.
131 2617 184 2663 Noc
195 2619 295 2661 mm
308 2626 407 2661 mussa
420 2628 447 2660 eo
458 2618 535 2672 potest
548 2624 632 2661 serere
642 2613 705 2671 puori
718 2623 777 2657 uero
794 2613 828 2656 est
844 2631 850 2655 ;

39 2679 64 2718 Et
75 2680 147 2733 paulo
158 2683 217 2735 post
229 2694 236 2720 ι
251 2678 331 2722 Potest
341 2676 437 2723 dorm
446 2683 541 2723 setam
553 2678 637 2734 perire
652 2677 675 2720 rs·
688 2688 738 2720 sou
751 2675 798 2726 ’ἐκ
811 2673 851 2717 ssd

40 2751 85 2782 nos
102 2745 184 2799 potest
205 2750 260 2784 sose
277 2750 336 2782 uero
352 2751 400 2785 eras
412 2741 435 2785 st
452 2744 566 2786 mosot.-
581 2739 680 2796 indeque
700 2736 770 2782 inlert
790 2735 851 2791 quod

40 2801 108 2845 Filius
115 2803 159 2848 llei
175 2807 216 2847 est
226 2811 299 2845 uerus
309 2801 377 2860 heus,
388 2808 435 2847 etos
