1992 3342
228 208 260 247 nn
273 207 376 246 ouran
392 209 437 245 m
453 206 724 249 remurmurat.
833 199 879 249 tta

372 339 529 391 sustentus
545 339 587 391 111.

77 446 163 491 Utriem
175 446 250 491 dinuo
258 445 389 501 exclusivo,
400 446 632 554 sotuzffioddmdo
642 446 744 493 termino
759 448 881 494 essentiali

407 522 435 553 aaa
464 524 472 553 a
525 522 544 554 a.

107 617 140 667 ud
151 613 243 669 tertium
256 617 289 668 sie
300 618 429 681 proceditur
439 617 480 682 (t).
492 615 586 675 Videtur
597 616 658 683 qudd
672 616 740 671 dictio
749 616 878 685 exclusiva,

74 688 152 747 solue,
163 705 216 741 non-
225 688 255 739 sit
264 688 368 743 addenda
381 689 479 739 termino
493 686 608 741 essentiali
619 688 645 741 in
663 690 754 741 diuinis.
771 691 829 751 Quia
843 706 890 744 sev

72 756 174 813 oundirrn
183 761 361 825 Philosophum,
373 760 402 811 ll.
415 761 516 811 Elmnlz.
530 764 599 827 (cap.
612 760 661 826 13)
675 777 680 811 :
694 781 708 811 u
719 763 784 813 Solus
795 766 829 815 est
840 762 880 827 qui

72 848 124 883 curn
135 834 181 883 alio
192 847 240 883 uon
255 836 297 883 est.
310 851 324 878 n
338 833 383 883 Sed
397 834 458 885 Dens
470 837 506 883 est
523 848 576 885 curu
591 833 684 897 Angelis
700 838 724 885 et
734 834 818 885 sanctis
831 835 880 887 arti·

72 906 152 955 mahus
167 919 241 968 :ergo
255 918 302 955 oron
317 918 435 967 possumus
450 903 528 958 dicere
543 906 614 957 ltenru
627 904 720 955 solum.

103 985 125 1027 2.
140 979 272 1038 Protea-ea,
286 976 392 1041 quicquid
408 976 541 1039 adjungitur
556 976 654 1027 termino
675 976 793 1032 essentiali
808 976 833 1031 in
845 977 879 1029 di-

71 1048 145 1112 uinis,
156 1050 233 1113 potest
243 1046 363 1113 predicari
376 1047 404 1097 de
420 1047 521 1111 qualibet
534 1062 632 1113 persona
644 1062 736 1113 perse,
752 1050 814 1101 etde
829 1064 878 1100 orn-

73 1120 139 1171 uibus
155 1118 224 1171 simul
243 1135 248 1168 :
264 1118 317 1183 quia
331 1118 393 1173 enirn
408 1118 573 1170 conuenienter
590 1118 672 1170 dicitur
686 1122 787 1185 sopiens
801 1120 877 1186 oeus,

73 1206 193 1256 possumus
213 1190 289 1257 dicere
307 1207 312 1239 :
326 1209 341 1239 u
352 1192 420 1243 Pater
433 1194 469 1242 est
485 1190 580 1255 sapiens
594 1190 675 1243 Deus:
692 1195 716 1242 et
728 1190 826 1243 Trinitas
844 1198 879 1245 asi

72 1264 162 1327 sapiens
174 1265 244 1315 lleus.
256 1280 270 1310 n
279 1263 323 1314 Sed
332 1262 483 1327 Augustinus,
494 1262 520 1313 in
529 1262 568 1313 Vl.
581 1262 613 1313 de
626 1262 696 1319 Trio.
707 1262 716 1327 (
723 1276 774 1329 cap.
788 1262 820 1325 9)
834 1262 877 1329 (2),

72 1336 126 1386 dicit
138 1352 143 1384 2
158 1355 173 1385 u
187 1334 359 1387 &insideranda
376 1338 410 1386 est
422 1334 462 1385 illa
474 1334 603 1398 sententia,
614 1350 659 1399 qua
673 1334 754 1385 dieitur
768 1349 814 1385 non
828 1348 879 1390 essa

73 1410 162 1458 Patrem
171 1410 336 1477 uerumllteuru
347 1404 421 1458 solum
431 1423 436 1455 :
447 1423 461 1455 »
472 1420 527 1469 ergo
538 1420 584 1457 non
594 1410 669 1472 potest
678 1406 723 1457 diui
732 1406 801 1456 solus
809 1406 877 1460 Deus.

104 1485 126 1530 3.
140 1482 267 1543 Praeterea,
278 1478 299 1528 si
309 1480 358 1529 haeo
367 1478 447 1543 dictio,
456 1479 536 1535 solas,
548 1478 680 1543 adjungitur
693 1478 791 1531 termino
802 1492 879 1529 essen

74 1550 135 1615 tiali,
151 1556 194 1602 aut
206 1553 252 1601 troo
265 1550 310 1601 erit
325 1554 431 1614 respectu
440 1548 558 1615 nereditati
571 1550 710 1619 misenatis,
725 1554 764 1607 aut
774 1553 879 1615 respectu

72 1624 192 1687 predicari
207 1622 345 1675 essentialis.
364 1622 409 1673 Sed
422 1636 469 1673 nou
482 1626 589 1686 respectu
606 1622 721 1689 praedicati
737 1622 878 1689 personalis,

9 1705 10 1734 ³
72 1698 124 1760 unia
137 1699 188 1749 haec
196 1699 234 1747 est
243 1695 301 1747 falsa
312 1709 319 1743 r
332 1713 346 1743 u
355 1694 421 1745 solus
431 1695 491 1746 Deus
499 1698 534 1747 est
543 1695 623 1757 Pater,
636 1712 650 1743 u
663 1690 714 1747 oirm
729 1694 799 1767 etiapn
808 1696 878 1745 homo

9 1765 10 1778 ¹
73 1768 102 1818 sit
113 1773 189 1834 pater.
204 1770 284 1831 Neque
296 1766 368 1818 etiarn
384 1771 489 1832 respectu
502 1766 622 1831 pendiculi
635 1766 777 1835 essentialis,
791 1766 844 1833 quia
859 1768 878 1821 si

9 1827 10 1871 l
72 1840 120 1891 liae
129 1844 193 1891 esset
204 1854 259 1895 uera
272 1856 279 1889 ι
291 1857 306 1889 α
319 1840 386 1890 Solus
394 1838 456 1890 Dens
466 1841 544 1901 creat,
556 1854 570 1887 u
582 1838 673 1891 uidetur
682 1838 748 1905 sequi
756 1838 817 1903 quot
827 1840 877 1891 ltaeo

72 1917 130 1963 esset
140 1926 214 1963 vera:
227 1930 242 1961 u
253 1912 320 1963 Solus
331 1912 398 1961 Pater
407 1911 480 1973 creat,
489 1926 504 1956 o
515 1909 570 1973 quia
578 1909 687 1977 quiequid
701 1908 781 1961 dicitu
788 1910 819 1961 de
829 1912 876 1961 lieo

9 2033 10 2042 ,
71 1988 146 2048 potest
161 1982 209 2034 dici
226 1985 255 2033 de
269 1984 346 2034 Patre.
360 1984 413 2039 llaeo
425 1986 504 2049 autem
517 1982 552 2033 est
565 1982 636 2046 falsa,
655 1980 709 2047 quia
721 1981 791 2033 etiaur
806 1980 876 2033 Filius

9 2085 10 2112 2
71 2059 210 2109 estcreaior.
224 2056 278 2105 Non
286 2068 341 2117 ergo
349 2056 404 2124 ⁴heo
416 2052 502 2116 dictio,
513 2053 581 2103 solus
587 2091 596 2117 ,
607 2058 684 2118 potest
699 2053 724 2104 iu
739 2051 823 2107 diuinis
835 2054 877 2105 ad-

68 2128 136 2192 jungi
148 2127 249 2179 termino
263 2127 388 2178 essentiali.
472 2167 478 2184 Ι

9 2191 10 2200 ’
103 2202 148 2251 Sed
160 2203 241 2251 contra
253 2201 302 2260 est,
318 2198 378 2263 qnod
388 2196 471 2248 dieitur
477 2234 486 2260 ,
501 2196 520 2247 1.
533 2196 568 2251 ad
580 2198 644 2253 Tim.
656 2196 666 2247 1
682 2211 688 2247 :
706 2212 719 2247 u
734 2194 793 2259 negt
803 2210 877 2255 saetu·

71 2272 143 2324 iorum
153 2270 293 2333 immortali,
306 2268 431 2340 invisibili,
444 2268 486 2319 soli
499 2270 557 2339 lteo.
569 2283 584 2317 o

104 2344 266 2410 (corausto.
276 2369 308 2377 -
317 2340 390 2402 ltictio
400 2340 524 2405 exclusiva,
533 2340 608 2405 solus,
621 2354 668 2393 non
678 2338 878 2409 categoro'matlot,

72 2416 112 2468 sed
126 2410 362 2481 syncategorematiod
379 2410 479 2476 ormino
496 2410 615 2475 essentiali
630 2412 655 2463 in
673 2412 757 2471 diuinis
775 2412 879 2465 addenda

9 2538 10 2548 ,
73 2489 121 2549 est3
133 2485 157 2536 id
168 2489 219 2549 est,
227 2498 275 2536 nou
287 2488 401 2549 quaoenus
413 2482 572 2547 solitudinem,
584 2484 624 2535 sed
634 2488 660 2535 ut
670 2484 766 2537 aliorum
777 2485 879 2543 omniurn

71 2554 253 2610 aminonens
266 2554 382 2606 consortio
398 2554 519 2621 praedicati
524 2593 532 2619 ,
548 2554 685 2619 signifieat.)
748 2597 749 2602 ,

9 2681 10 2710 ,
101 2630 241 2695 despondeo
255 2628 386 2693 dicendum,
397 2626 458 2693 quod
472 2628 523 2682 uec
536 2626 617 2691 distin,
630 2628 706 2691 rotor,
721 2630 799 2695 polest
808 2626 881 2691 acoipi

9 2719 10 2804 i
103 2748 134 2810 up
149 2750 183 2795 oe
194 2750 232 2794 urs
242 2748 313 2793 uram
326 2748 352 2807 r,
366 2745 448 2797 seur,
462 2748 517 2793 rasa.
530 2746 573 2805 aa,
587 2752 669 2805 quest.
682 2746 713 2807 a,
729 2752 773 2793 arr.
789 2748 814 2793 a.

106 2818 137 2881 (2)
155 2822 210 2866 Sive
226 2820 297 2877 paulo
315 2818 381 2865 aliter
401 2836 408 2862 ε
425 2820 509 2864 Solum
522 2830 572 2864 ooo
587 2818 711 2877 ripulllooi
728 2818 880 2879 putidaeque

75 2888 193 2941 punam
202 2895 280 2941 mua
289 2882 373 2940 poste,
383 2882 424 2928 red
435 2882 467 2927 ud
479 2882 590 2943 aliquid,
602 2882 629 2928 td
641 2886 673 2928 oet
685 2893 735 2927 ooo
745 2892 801 2927 oum
811 2880 877 2933 'olim

74 2958 103 2993 ex
115 2958 168 3007 esp.
180 2946 210 3007 8,
219 2942 278 3003 'post
291 2944 405 2992 medium.
