1992 3342
131 211 180 259 m
324 221 386 259 ms
398 221 423 272 r,
436 220 529 267 cussa.
543 220 614 270 ιιιιι,
629 220 684 260 m.
701 219 738 257 ιιι.

131 298 208 347 oresio
220 300 296 347 auum
308 301 330 347 et
346 298 431 345 esitus
443 296 549 346 dicuntur
563 296 588 346 iu
602 296 685 347 divinis
704 298 728 345 et
748 293 893 347 eternaliter
910 299 933 347 et

130 368 283 433 temporaliter
294 388 300 414 a
311 380 363 416 uam
375 367 448 418 Filius
456 367 485 418 ab
493 370 578 417 eterno
590 366 699 431 processit
710 371 737 417 nt
747 366 777 416 sit
785 368 861 432 Deus,
873 373 932 419 tem

133 438 238 504 poraiiter
253 441 372 501 autemut
385 438 454 488 etiam
465 436 495 488 sit
510 438 578 487 homo
586 474 595 501 ‚
609 438 733 488 secundum
748 438 884 490 missionem
898 440 931 489 vi-

131 510 233 574 sibilem,
240 510 278 560 vei
289 509 357 560 etiarn
366 513 392 559 ut
399 509 429 561 sit
439 508 708 572 inhominc‚secunddm
719 507 865 560 invisibilem
878 510 930 561 mis·

132 595 228 631 sonem.

164 653 197 701 td
211 651 309 715 primum
319 664 372 715 ergo
383 650 517 713 dicendum,
530 650 589 715 quod
604 648 725 714 Gregorius
740 650 776 700 vei
788 652 892 716 loquitur
907 654 932 703 de

133 722 276 784 generatione
285 722 403 785 temporali
415 720 481 785 Filii,
492 720 559 773 nou'a
570 724 648 784 Patre,
659 723 698 771 sod
710 718 723 771 ‘a
736 724 820 786 matre;
829 725 868 773 vei
880 724 931 788 quia
981 732 982 759 r

132 806 161 841 ex
169 794 213 842 hoc
227 793 276 856 ipso
289 793 358 843 iilius
370 794 440 843 habet
453 791 514 856 quod
528 792 599 857 possit
608 790 742 857 mitti‚quod
756 797 792 843 est
804 794 834 843 ab
849 798 933 845 aeterno

132 864 229 925 genitus.
873 862 879 871 ’

164 935 198 984 dd
210 934 331 985 secundum
344 933 477 995 dicendum,
487 934 547 998 quod
561 932 660 986 divinam
671 946 793 997 personam
806 948 859 986 esse
874 950 933 987 noro

133 1006 198 1055 modo
215 1004 240 1055 in
256 1006 345 1070 aliquo,
359 1007 396 1055 vel
413 1006 441 1055 ab
458 1004 533 1069 atiquo
546 1004 626 1054 haberi
641 1004 813 1069 temporaliter,
828 1021 878 1057 nou
898 1010 931 1057 est

130 1081 223 1141 propter
235 1077 382 1126 mutationem
395 1076 477 1142 dipinae
491 1088 607 1140 personas,
619 1075 659 1124 sed
673 1080 767 1139 propter
779 1078 929 1129 mutationem

132 1151 253 1211 creaturae3
268 1147 325 1198 sicut
337 1152 361 1198 et
373 1149 433 1197 Deus
441 1146 594 1212 temporaliter
607 1144 688 1196 dicitur
701 1147 826 1197 Dominus
839 1154 932 1215 propter

132 1218 280 1270 mutationem
298 1224 416 1269 creature.

163 1291 196 1340 td
207 1290 299 1341 tertium
307 1290 426 1341 dicendum
434 1326 443 1352 ,
452 1288 514 1352 quod
527 1286 604 1339 missio
614 1299 661 1339 nou
669 1288 742 1339 soldm
753 1286 867 1353 importat
880 1306 930 1357 pro-

131 1362 257 1413 cessionem
276 1362 290 1413 ι
308 1361 436 1426 principio,
451 1362 490 1410 sed
510 1361 616 1411 terminat
635 1360 784 1424 processionis
807 1364 929 1413 terminum

132 1434 294 1497 temporalem,
305 1434 365 1483 unde
377 1432 455 1483 missio
467 1431 541 1483 solium
552 1436 586 1483 est
597 1430 740 1496 temporatim
755 1433 793 1483 vel
807 1433 886 1485 missio
896 1436 931 1485 iu·

132 1505 202 1555 cludit
213 1504 377 1568 processionem
394 1508 511 1567 eternam,
528 1506 551 1552 et
561 1502 646 1567 aliquid
655 1502 830 1565 addit‚scilicet
841 1510 933 1570 tempo-

131 1575 203 1625 ralem
216 1576 323 1625 effectum
332 1590 338 1638 ;
347 1573 456 1624 habitudo
469 1574 530 1624 enim
541 1574 625 1624 divinae
636 1584 738 1637 persons
748 1575 777 1624 ad
787 1588 857 1627 suum
868 1576 931 1641 prin·

131 1645 216 1709 cipium
231 1660 278 1711 nou
288 1649 323 1695 est
332 1644 376 1695 nisi
386 1645 415 1695 ab
427 1650 522 1695 eterno.
537 1646 601 1695 Unde
612 1645 702 1707 gemina
712 1644 796 1695 dicitur
806 1649 931 1712 processio,

133 1721 218 1767 aterna
231 1716 317 1770 scilicet
329 1719 353 1765 et
364 1715 508 1780 temporalis;
525 1729 571 1766 nou
583 1720 675 1781 propter
689 1718 732 1767 hoc
745 1716 808 1780 quod
825 1720 932 1770 habitudo

133 1788 162 1837 ad
178 1786 317 1851 principium
330 1786 467 1853 geminetur,
481 1787 522 1838 sed
536 1787 660 1851 geminatio
674 1790 708 1837 est
718 1800 747 1839 ea
759 1793 828 1853 parte
843 1790 934 1841 termini

133 1858 266 1923 temporalis
282 1861 306 1907 et
319 1857 407 1908 aeterni.

432 1957 591 2010 atticotos
603 1958 644 2007 111.

138 2074 223 2118 Utrum
238 2071 319 2117 missio
327 2070 455 2118 inuisibilis
464 2070 550 2115 divino
559 2084 663 2129 perscore
672 2072 704 2115 sit
713 2071 791 2115 saliem
803 2074 934 2119 secundatur

315 2136 404 2179 docum
415 2134 500 2191 pretio
513 2140 610 2191 protum
620 2134 740 2189 sordentis.

165 2255 200 2304 dd
212 2253 304 2305 tertium
311 2252 345 2303 sic
355 2250 483 2316 proceditur
492 2250 537 2315 (1)⁴
547 2251 641 2303 Videtur
650 2250 711 2315 quod
723 2250 804 2301 missio
813 2251 937 2305 invisibilis

134 2325 217 2375 divine
225 2338 330 2389 persone
342 2337 389 2374 nou
399 2323 429 2374 sit
436 2322 509 2372 soiirm
522 2322 646 2373 soouudirm
657 2324 742 2373 donum
754 2324 836 2385 gratis
846 2329 935 2389 gratum

134 2397 246 2448 incientis.
261 2396 365 2446 itiriuam
375 2395 437 2445 enim
450 2407 569 2457 personam
585 2394 658 2459 mitti,
675 2398 710 2445 est
721 2394 794 2459 ipsam
807 2394 898 2446 donari.
910 2394 934 2445 ei

132 2468 203 2531 igitur
219 2467 296 2518 diviua
315 2480 412 2530 persona
430 2464 528 2514 mittitur
541 2464 613 2515 solum
633 2464 758 2516 secundum
778 2466 841 2515 dona
859 2467 935 2530 gratia

135 2542 223 2601 gratum
234 2538 353 2600 facientis,
361 2550 409 2587 nou
416 2535 537 2587 donabitur
545 2535 595 2599 ipsa
603 2548 700 2601 persona
707 2534 793 2598 divina,
805 2538 848 2587 sed
858 2537 932 2589 soidm

135 2612 194 2659 dona
207 2610 258 2672 ejus
273 2625 279 2658 ι
295 2610 355 2673 quod
372 2612 411 2660 est
420 2621 483 2659 error
500 2606 622 2657 dicentium
636 2607 746 2672 Spiritum
762 2610 870 2659 sanctum
889 2620 936 2659 non

135 2680 184 2728 dari
195 2679 236 2728 sed
246 2680 297 2741 ejus
313 2681 373 2730 dona
390 2680 399 2744 (
415 2679 434 2744 ).

170 2792 200 2854 (t)
216 2797 248 2839 De
262 2794 297 2838 his
311 2797 380 2841 etiam
390 2798 416 2856 1,
429 2796 507 2847 Senot„
522 2798 575 2843 dist.
589 2795 618 2843 id
629 2830 635 2857 ‚
648 2802 730 2853 quest.
743 2796 771 2853 Ξ,
786 2802 832 2840 art.
849 2796 874 2842 1.

169 2861 199 2924 (ι)
215 2864 336 2908 Etmerito
350 2867 446 2921 quidem.
454 2880 555 2913 errorem
564 2874 647 2926 vocat,
659 2868 718 2913 sicut
728 2872 751 2911 et
763 2867 788 2924 1,
802 2866 885 2917 soret¹⁴
895 2868 937 2911 ubi

136 2926 205 2981 supra
216 2926 240 2968 in
253 2926 399 2981 Expositioue
415 2930 495 2975 littere
508 2930 557 2977 sive
571 2936 660 2989 textus;
675 2941 728 2975 cum
741 2928 861 2984 scripture
875 2940 934 2974 cou-
