<?xml version="1.0" encoding="UTF-8"?>
<!DOCTYPE html PUBLIC "-//W3C//DTD XHTML 1.0 Transitional//EN"
    "http://www.w3.org/TR/xhtml1/DTD/xhtml1-transitional.dtd">
<html xmlns="http://www.w3.org/1999/xhtml" xml:lang="en" lang="en">
 <head>
  <title>
</title>
<meta http-equiv="Content-Type" content="text/html;charset=utf-8" />
  <meta name='ocr-system' content='tesseract 3.04.00' />
  <meta name='ocr-capabilities' content='ocr_page ocr_carea ocr_par ocr_line ocrx_word'/>
</head>
<body>
  <div class='ocr_page' id='page_1' title='image "./summatheologica04nicogoog_0500.png"; bbox 0 0 1992 3342; ppageno 0'>
   <div class='ocr_carea' id='block_1_1' title="bbox 73 202 878 856">
    <p class='ocr_par' dir='ltr' id='par_1_1' title="bbox 73 202 878 856">
     <span class='ocr_line' id='line_1_1' title="bbox 213 202 877 251; baseline 0.006 -4"><span class='ocrx_word' id='word_1_1' title='bbox 213 212 245 247; x_wconf 84' lang='lat' dir='ltr'>ue</span> <span class='ocrx_word' id='word_1_2' title='bbox 261 209 396 251; x_wconf 72' lang='lat' dir='ltr'>numnis!</span> <span class='ocrx_word' id='word_1_3' title='bbox 410 210 570 251; x_wconf 69' lang='lat' dir='ltr'>emortuum</span> <span class='ocrx_word' id='word_1_4' title='bbox 586 208 737 250; x_wconf 62' lang='lat' dir='ltr'>mutuum.</span> <span class='ocrx_word' id='word_1_5' title='bbox 831 202 877 251; x_wconf 78' lang='lat' dir='ltr'>tus</span> 
     </span>
     <span class='ocr_line' id='line_1_2' title="bbox 73 286 877 353; baseline 0 -12"><span class='ocrx_word' id='word_1_6' title='bbox 73 289 170 342; x_wconf 83' lang='lat' dir='ltr'>dicimus</span> <span class='ocrx_word' id='word_1_7' title='bbox 178 286 241 353; x_wconf 75' lang='lat' dir='ltr'>quid</span> <span class='ocrx_word' id='word_1_8' title='bbox 247 288 382 351; x_wconf 57' lang='lat' dir='ltr'>amictum</span> <span class='ocrx_word' id='word_1_9' title='bbox 395 288 504 353; x_wconf 59' lang='lat' dir='ltr'>pnsum</span> <span class='ocrx_word' id='word_1_10' title='bbox 512 288 543 339; x_wconf 88' lang='lat' dir='ltr'>sit</span> <span class='ocrx_word' id='word_1_11' title='bbox 551 286 685 341; x_wconf 65' lang='lat' dir='ltr'>contutum</span> <span class='ocrx_word' id='word_1_12' title='bbox 691 286 812 351; x_wconf 73' lang='lat' dir='ltr'>scientio,</span> <span class='ocrx_word' id='word_1_13' title='bbox 823 287 877 341; x_wconf 78' lang='lat' dir='ltr'>licit</span> 
     </span>
     <span class='ocr_line' id='line_1_3' title="bbox 73 358 521 425; baseline -0.004 -14"><span class='ocrx_word' id='word_1_14' title='bbox 73 360 175 411; x_wconf 85' lang='lat' dir='ltr'>dicamus</span> <span class='ocrx_word' id='word_1_15' title='bbox 185 358 248 425; x_wconf 72' lang='lat' dir='ltr'>quod</span> <span class='ocrx_word' id='word_1_16' title='bbox 259 359 355 412; x_wconf 86' lang='lat' dir='ltr'>scientia</span> <span class='ocrx_word' id='word_1_17' title='bbox 368 359 398 410; x_wconf 87' lang='lat' dir='ltr'>sit</span> <span class='ocrx_word' id='word_1_18' title='bbox 408 359 521 425; x_wconf 66' lang='lat' dir='ltr'>powutiu.</span> 
     </span>
     <span class='ocr_line' id='line_1_4' title="bbox 104 430 877 497; baseline 0.001 -14"><span class='ocrx_word' id='word_1_19' title='bbox 104 433 139 483; x_wconf 81' lang='lat' dir='ltr'>tid</span> <span class='ocrx_word' id='word_1_20' title='bbox 148 435 256 497; x_wconf 80' lang='lat' dir='ltr'>quartum</span> <span class='ocrx_word' id='word_1_21' title='bbox 266 431 404 495; x_wconf 81' lang='lat' dir='ltr'>dicendum,</span> <span class='ocrx_word' id='word_1_22' title='bbox 417 430 540 495; x_wconf 74' lang='lat' dir='ltr'>quodcum</span> <span class='ocrx_word' id='word_1_23' title='bbox 549 445 646 497; x_wconf 73' lang='lat' dir='ltr'>pensem</span> <span class='ocrx_word' id='word_1_24' title='bbox 659 430 767 496; x_wconf 81' lang='lat' dir='ltr'>inportet</span> <span class='ocrx_word' id='word_1_25' title='bbox 778 432 877 497; x_wconf 67' lang='lat' dir='ltr'>dignita·</span> 
     </span>
     <span class='ocr_line' id='line_1_5' title="bbox 75 502 877 569; baseline 0.005 -16"><span class='ocrx_word' id='word_1_26' title='bbox 75 506 121 553; x_wconf 87' lang='lat' dir='ltr'>tem</span> <span class='ocrx_word' id='word_1_27' title='bbox 139 504 178 569; x_wconf 91' lang='lat' dir='ltr'>(ut</span> <span class='ocrx_word' id='word_1_28' title='bbox 189 502 259 569; x_wconf 84' lang='lat' dir='ltr'>sopri</span> <span class='ocrx_word' id='word_1_29' title='bbox 271 503 426 568; x_wconf 85' lang='lat' dir='ltr'>dictumest),</span> <span class='ocrx_word' id='word_1_30' title='bbox 438 518 485 555; x_wconf 89' lang='lat' dir='ltr'>non</span> <span class='ocrx_word' id='word_1_31' title='bbox 498 507 575 568; x_wconf 85' lang='lat' dir='ltr'>potest</span> <span class='ocrx_word' id='word_1_32' title='bbox 584 503 656 568; x_wconf 78' lang='lat' dir='ltr'>accipi</span> <span class='ocrx_word' id='word_1_33' title='bbox 667 503 731 555; x_wconf 90' lang='lat' dir='ltr'>notio</span> <span class='ocrx_word' id='word_1_34' title='bbox 739 503 816 569; x_wconf 76' lang='lat' dir='ltr'>atique</span> <span class='ocrx_word' id='word_1_35' title='bbox 825 504 877 569; x_wconf 86' lang='lat' dir='ltr'>spi·</span> 
     </span>
     <span class='ocr_line' id='line_1_6' title="bbox 75 572 877 641; baseline 0.007 -18"><span class='ocrx_word' id='word_1_36' title='bbox 75 572 131 625; x_wconf 89' lang='lat' dir='ltr'>ritus</span> <span class='ocrx_word' id='word_1_37' title='bbox 141 574 215 625; x_wconf 63' lang='lat' dir='ltr'>uncti</span> <span class='ocrx_word' id='word_1_38' title='bbox 227 589 257 625; x_wconf 80' lang='lat' dir='ltr'>es</span> <span class='ocrx_word' id='word_1_39' title='bbox 271 577 315 628; x_wconf 92' lang='lat' dir='ltr'>hoc</span> <span class='ocrx_word' id='word_1_40' title='bbox 326 574 386 641; x_wconf 77' lang='lat' dir='ltr'>quid</span> <span class='ocrx_word' id='word_1_41' title='bbox 399 576 466 625; x_wconf 81' lang='lat' dir='ltr'>uultu·</span> <span class='ocrx_word' id='word_1_42' title='bbox 478 588 577 639; x_wconf 85' lang='lat' dir='ltr'>persona</span> <span class='ocrx_word' id='word_1_43' title='bbox 591 579 626 625; x_wconf 85' lang='lat' dir='ltr'>est</span> <span class='ocrx_word' id='word_1_44' title='bbox 634 576 668 626; x_wconf 78' lang='lat' dir='ltr'>nb</span> <span class='ocrx_word' id='word_1_45' title='bbox 677 575 727 641; x_wconf 89' lang='lat' dir='ltr'>ipso</span> <span class='ocrx_word' id='word_1_46' title='bbox 738 591 744 625; x_wconf 91' lang='lat'>:</span> <span class='ocrx_word' id='word_1_47' title='bbox 754 577 804 634; x_wconf 72' lang='lat' dir='ltr'>,unc</span> <span class='ocrx_word' id='word_1_48' title='bbox 815 577 877 629; x_wconf 80' lang='lat' dir='ltr'>cuim</span> 
     </span>
     <span class='ocr_line' id='line_1_7' title="bbox 75 646 878 713; baseline 0.007 -18"><span class='ocrx_word' id='word_1_49' title='bbox 75 659 121 696; x_wconf 91' lang='lat' dir='ltr'>non</span> <span class='ocrx_word' id='word_1_50' title='bbox 131 646 233 712; x_wconf 78' lang='lat' dir='ltr'>pertinet</span> <span class='ocrx_word' id='word_1_51' title='bbox 249 648 278 699; x_wconf 82' lang='lat' dir='ltr'>ad</span> <span class='ocrx_word' id='word_1_52' title='bbox 292 646 426 711; x_wconf 74' lang='lat' dir='ltr'>dignitatem</span> <span class='ocrx_word' id='word_1_53' title='bbox 440 648 527 713; x_wconf 85' lang='lat' dir='ltr'>ipsius,</span> <span class='ocrx_word' id='word_1_54' title='bbox 540 647 600 699; x_wconf 70' lang='lat' dir='ltr'>nont</span> <span class='ocrx_word' id='word_1_55' title='bbox 613 648 713 713; x_wconf 84' lang='lat' dir='ltr'>pertinet</span> <span class='ocrx_word' id='word_1_56' title='bbox 729 648 759 700; x_wconf 83' lang='lat' dir='ltr'>ud</span> <span class='ocrx_word' id='word_1_57' title='bbox 775 649 878 703; x_wconf 82' lang='lat' dir='ltr'>authori·</span> 
     </span>
     <span class='ocr_line' id='line_1_8' title="bbox 74 717 469 784; baseline 0.003 -16"><span class='ocrx_word' id='word_1_58' title='bbox 74 720 144 769; x_wconf 78' lang='lat' dir='ltr'>tatem</span> <span class='ocrx_word' id='word_1_59' title='bbox 154 719 230 769; x_wconf 80' lang='lat' dir='ltr'>Patris</span> <span class='ocrx_word' id='word_1_60' title='bbox 243 717 304 784; x_wconf 77' lang='lat' dir='ltr'>quid</span> <span class='ocrx_word' id='word_1_61' title='bbox 319 719 349 769; x_wconf 86' lang='lat' dir='ltr'>sit</span> <span class='ocrx_word' id='word_1_62' title='bbox 366 718 380 769; x_wconf 82' lang='lat' dir='ltr'>i</span> <span class='ocrx_word' id='word_1_63' title='bbox 396 719 469 770; x_wconf 84' lang='lat' dir='ltr'>nullo.</span> 
     </span>
     <span class='ocr_line' id='line_1_9' title="bbox 104 788 878 856; baseline 0.008 -17"><span class='ocrx_word' id='word_1_64' title='bbox 104 791 138 840; x_wconf 76' lang='lat' dir='ltr'>sd</span> <span class='ocrx_word' id='word_1_65' title='bbox 149 790 256 854; x_wconf 85' lang='lat' dir='ltr'>quintum</span> <span class='ocrx_word' id='word_1_66' title='bbox 266 789 401 856; x_wconf 81' lang='lat' dir='ltr'>direntium,</span> <span class='ocrx_word' id='word_1_67' title='bbox 418 788 480 856; x_wconf 76' lang='lat' dir='ltr'>quid</span> <span class='ocrx_word' id='word_1_68' title='bbox 489 789 568 841; x_wconf 69' lang='lat' dir='ltr'>Filius</span> <span class='ocrx_word' id='word_1_69' title='bbox 581 794 605 842; x_wconf 84' lang='lat' dir='ltr'>st</span> <span class='ocrx_word' id='word_1_70' title='bbox 615 789 713 855; x_wconf 74' lang='lat' dir='ltr'>Spiritus</span> <span class='ocrx_word' id='word_1_71' title='bbox 725 795 818 849; x_wconf 66' lang='lat' dir='ltr'>unctus</span> <span class='ocrx_word' id='word_1_72' title='bbox 830 806 878 847; x_wconf 88' lang='lat' dir='ltr'>uou</span> 
     </span>
    </p>
   </div>
   <div class='ocr_carea' id='block_1_2' title="bbox 73 861 877 1149">
    <p class='ocr_par' dir='ltr' id='par_1_2' title="bbox 73 861 877 1149">
     <span class='ocr_line' id='line_1_10' title="bbox 73 861 877 929; baseline 0.006 -17"><span class='ocrx_word' id='word_1_73' title='bbox 73 863 215 913; x_wconf 83' lang='lat' dir='ltr'>conveniunt</span> <span class='ocrx_word' id='word_1_74' title='bbox 226 862 251 913; x_wconf 90' lang='lat' dir='ltr'>in</span> <span class='ocrx_word' id='word_1_75' title='bbox 262 878 308 915; x_wconf 91' lang='lat' dir='ltr'>uno</span> <span class='ocrx_word' id='word_1_76' title='bbox 319 862 413 929; x_wconf 85' lang='lat' dir='ltr'>speciuti</span> <span class='ocrx_word' id='word_1_77' title='bbox 423 864 491 914; x_wconf 83' lang='lat' dir='ltr'>ruouo</span> <span class='ocrx_word' id='word_1_78' title='bbox 502 862 616 915; x_wconf 79' lang='lat' dir='ltr'>existenti</span> <span class='ocrx_word' id='word_1_79' title='bbox 626 861 716 915; x_wconf 74' lang='lat' dir='ltr'>iPctre</span> <span class='ocrx_word' id='word_1_80' title='bbox 722 900 731 929; x_wconf 84' lang='lat'><em>‚</em></span> <span class='ocrx_word' id='word_1_81' title='bbox 739 863 799 917; x_wconf 78' lang='lat' dir='ltr'>ucut</span> <span class='ocrx_word' id='word_1_82' title='bbox 809 866 877 917; x_wconf 80' lang='lat' dir='ltr'>Potor</span> 
     </span>
     <span class='ocr_line' id='line_1_11' title="bbox 73 934 877 1001; baseline 0.007 -18"><span class='ocrx_word' id='word_1_83' title='bbox 73 936 97 983; x_wconf 92' lang='lat' dir='ltr'>et</span> <span class='ocrx_word' id='word_1_84' title='bbox 111 934 183 985; x_wconf 74' lang='lat' dir='ltr'>titius</span> <span class='ocrx_word' id='word_1_85' title='bbox 193 935 334 987; x_wconf 76' lang='lat' dir='ltr'>wureuiunt</span> <span class='ocrx_word' id='word_1_86' title='bbox 341 935 366 985; x_wconf 89' lang='lat' dir='ltr'>in</span> <span class='ocrx_word' id='word_1_87' title='bbox 374 950 421 986; x_wconf 90' lang='lat' dir='ltr'>uno</span> <span class='ocrx_word' id='word_1_88' title='bbox 431 934 526 1000; x_wconf 76' lang='lat' dir='ltr'>speciali</span> <span class='ocrx_word' id='word_1_89' title='bbox 539 934 607 985; x_wconf 89' lang='lat' dir='ltr'>modo</span> <span class='ocrx_word' id='word_1_90' title='bbox 620 934 759 998; x_wconf 86' lang='lat' dir='ltr'>producendi</span> <span class='ocrx_word' id='word_1_91' title='bbox 766 935 877 1001; x_wconf 74' lang='lat' dir='ltr'>spiritum</span> 
     </span>
     <span class='ocr_line' id='line_1_12' title="bbox 73 1004 875 1074; baseline 0.005 -19"><span class='ocrx_word' id='word_1_92' title='bbox 73 1010 188 1057; x_wconf 85' lang='lat' dir='ltr'>saucium.</span> <span class='ocrx_word' id='word_1_93' title='bbox 198 1007 225 1059; x_wconf 84' lang='lat' dir='ltr'>lo</span> <span class='ocrx_word' id='word_1_94' title='bbox 238 1012 314 1059; x_wconf 83' lang='lat' dir='ltr'>nutem</span> <span class='ocrx_word' id='word_1_95' title='bbox 327 1008 387 1074; x_wconf 83' lang='lat' dir='ltr'>quod</span> <span class='ocrx_word' id='word_1_96' title='bbox 398 1011 434 1057; x_wconf 88' lang='lat' dir='ltr'>est</span> <span class='ocrx_word' id='word_1_97' title='bbox 448 1005 585 1071; x_wconf 83' lang='lat' dir='ltr'>principium</span> <span class='ocrx_word' id='word_1_98' title='bbox 598 1004 772 1071; x_wconf 81' lang='lat' dir='ltr'>innotescendi,</span> <span class='ocrx_word' id='word_1_99' title='bbox 784 1010 875 1073; x_wconf 80' lang='lat' dir='ltr'>spurici</span> 
     </span>
     <span class='ocr_line' id='line_1_13' title="bbox 75 1076 657 1149; baseline 0 -20"><span class='ocrx_word' id='word_1_100' title='bbox 75 1090 124 1129; x_wconf 74' lang='lat' dir='ltr'>esse</span> <span class='ocrx_word' id='word_1_101' title='bbox 138 1079 226 1145; x_wconf 76' lang='lat' dir='ltr'>aliquit</span> <span class='ocrx_word' id='word_1_102' title='bbox 237 1079 346 1149; x_wconf 83' lang='lat' dir='ltr'>speciale.</span> <span class='ocrx_word' id='word_1_103' title='bbox 361 1081 390 1130; x_wconf 82' lang='lat' dir='ltr'>Et</span> <span class='ocrx_word' id='word_1_104' title='bbox 403 1078 455 1130; x_wconf 85' lang='lat' dir='ltr'>ideo</span> <span class='ocrx_word' id='word_1_105' title='bbox 469 1091 516 1129; x_wconf 88' lang='lat' dir='ltr'>non</span> <span class='ocrx_word' id='word_1_106' title='bbox 529 1082 565 1129; x_wconf 86' lang='lat' dir='ltr'>cst</span> <span class='ocrx_word' id='word_1_107' title='bbox 573 1076 657 1133; x_wconf 84' lang='lat' dir='ltr'>simitu.</span> 
     </span>
    </p>
   </div>
   <div class='ocr_carea' id='block_1_3' title="bbox 371 1188 665 1288">
    <p class='ocr_par' dir='ltr' id='par_1_3' title="bbox 371 1188 665 1288">
     <span class='ocr_line' id='line_1_14' title="bbox 371 1188 665 1288; baseline -0.007 -5"><span class='ocrx_word' id='word_1_108' title='bbox 371 1232 529 1288; x_wconf 79' lang='lat' dir='ltr'>uuttcutus</span> <span class='ocrx_word' id='word_1_109' title='bbox 543 1232 583 1283; x_wconf 87' lang='lat' dir='ltr'>tv.</span> <span class='ocrx_word' id='word_1_110' title='bbox 663 1188 665 1196; x_wconf 37' lang='grc' dir='ltr'>Ι</span> 
     </span>
    </p>
   </div>
   <div class='ocr_carea' id='block_1_4' title="bbox 178 1333 776 1407">
    <p class='ocr_par' dir='ltr' id='par_1_4' title="bbox 178 1333 776 1407">
     <span class='ocr_line' id='line_1_15' title="bbox 178 1333 776 1407; baseline -0.013 -11"><span class='ocrx_word' id='word_1_111' title='bbox 178 1351 265 1396; x_wconf 75' lang='lat' dir='ltr'>Utrum</span> <span class='ocrx_word' id='word_1_112' title='bbox 280 1350 350 1395; x_wconf 67' lang='lat' dir='ltr'>tieem</span> <span class='ocrx_word' id='word_1_113' title='bbox 358 1347 478 1392; x_wconf 82' lang='lat' dir='ltr'>contrarie</span> <span class='ocrx_word' id='word_1_114' title='bbox 490 1333 586 1407; x_wconf 62' lang='lat' dir='ltr'>opinari</span> <span class='ocrx_word' id='word_1_115' title='bbox 594 1346 623 1391; x_wconf 80' lang='lat' dir='ltr'>ue</span> <span class='ocrx_word' id='word_1_116' title='bbox 634 1346 776 1390; x_wconf 80' lang='lat' dir='ltr'>notionibus.</span> 
     </span>
    </p>
   </div>
   <div class='ocr_carea' id='block_1_5' title="bbox 59 1464 914 2252">
    <p class='ocr_par' dir='ltr' id='par_1_5' title="bbox 59 1464 914 1895">
     <span class='ocr_line' id='line_1_16' title="bbox 59 1464 879 1538; baseline -0.009 -17"><span class='ocrx_word' id='word_1_117' title='bbox 59 1531 62 1538; x_wconf 16' lang='grc' dir='ltr'><strong><em>Δ</em></strong></span> <span class='ocrx_word' id='word_1_118' title='bbox 107 1472 140 1521; x_wconf 78' lang='lat' dir='ltr'>io</span> <span class='ocrx_word' id='word_1_119' title='bbox 153 1473 260 1535; x_wconf 74' lang='lat' dir='ltr'>quonum</span> <span class='ocrx_word' id='word_1_120' title='bbox 271 1469 306 1520; x_wconf 83' lang='lat' dir='ltr'>sic</span> <span class='ocrx_word' id='word_1_121' title='bbox 316 1466 446 1533; x_wconf 72' lang='lat' dir='ltr'>proceditur</span> <span class='ocrx_word' id='word_1_122' title='bbox 455 1466 499 1533; x_wconf 84' lang='lat' dir='ltr'>(t).</span> <span class='ocrx_word' id='word_1_123' title='bbox 514 1466 608 1517; x_wconf 86' lang='lat' dir='ltr'>Videtur</span> <span class='ocrx_word' id='word_1_124' title='bbox 618 1464 678 1531; x_wconf 77' lang='lat' dir='ltr'>quiid</span> <span class='ocrx_word' id='word_1_125' title='bbox 690 1478 736 1516; x_wconf 91' lang='lat' dir='ltr'>non</span> <span class='ocrx_word' id='word_1_126' title='bbox 746 1464 814 1517; x_wconf 83' lang='lat' dir='ltr'>licent</span> <span class='ocrx_word' id='word_1_127' title='bbox 823 1474 879 1515; x_wconf 87' lang='lat' dir='ltr'>con·</span> 
     </span>
     <span class='ocr_line' id='line_1_17' title="bbox 75 1536 914 1605; baseline -0.007 -14"><span class='ocrx_word' id='word_1_128' title='bbox 75 1541 144 1593; x_wconf 70' lang='lat' dir='ltr'>trerii</span> <span class='ocrx_word' id='word_1_129' title='bbox 158 1541 249 1605; x_wconf 82' lang='lat' dir='ltr'>opinari</span> <span class='ocrx_word' id='word_1_130' title='bbox 265 1542 294 1591; x_wconf 87' lang='lat' dir='ltr'>de</span> <span class='ocrx_word' id='word_1_131' title='bbox 313 1538 451 1590; x_wconf 82' lang='lat' dir='ltr'>notionibus.</span> <span class='ocrx_word' id='word_1_132' title='bbox 467 1538 527 1589; x_wconf 84' lang='lat' dir='ltr'>Dicit</span> <span class='ocrx_word' id='word_1_133' title='bbox 541 1538 603 1588; x_wconf 88' lang='lat' dir='ltr'>cuim</span> <span class='ocrx_word' id='word_1_134' title='bbox 616 1536 755 1601; x_wconf 75' lang='lat' dir='ltr'>Augustinus</span> <span class='ocrx_word' id='word_1_135' title='bbox 771 1536 796 1586; x_wconf 91' lang='lat' dir='ltr'>in</span> <span class='ocrx_word' id='word_1_136' title='bbox 815 1537 832 1586; x_wconf 88' lang='lat'>1.</span> <span class='ocrx_word' id='word_1_137' title='bbox 847 1536 879 1586; x_wconf 84' lang='lat' dir='ltr'>de</span> <span class='ocrx_word' id='word_1_138' title='bbox 906 1580 914 1595; x_wconf 74' lang='lat'><em>,</em></span> 
     </span>
     <span class='ocr_line' id='line_1_18' title="bbox 76 1607 879 1677; baseline -0.005 -14"><span class='ocrx_word' id='word_1_139' title='bbox 76 1616 156 1674; x_wconf 71' lang='lat' dir='ltr'>Trio,</span> <span class='ocrx_word' id='word_1_140' title='bbox 172 1612 234 1677; x_wconf 79' lang='lat' dir='ltr'>quod</span> <span class='ocrx_word' id='word_1_141' title='bbox 246 1630 260 1660; x_wconf 83' lang='lat' dir='ltr'>n</span> <span class='ocrx_word' id='word_1_142' title='bbox 270 1626 315 1663; x_wconf 91' lang='lat' dir='ltr'>uon</span> <span class='ocrx_word' id='word_1_143' title='bbox 330 1616 418 1662; x_wconf 76' lang='lat' dir='ltr'>ermtur</span> <span class='ocrx_word' id='word_1_144' title='bbox 432 1610 517 1661; x_wconf 78' lang='lat' dir='ltr'>sicubi</span> <span class='ocrx_word' id='word_1_145' title='bbox 531 1607 680 1674; x_wconf 77' lang='lat' dir='ltr'>periculosius</span> <span class='ocrx_word' id='word_1_146' title='bbox 689 1622 785 1674; x_wconf 65' lang='lat' dir='ltr'>»onum</span> <span class='ocrx_word' id='word_1_147' title='bbox 794 1607 818 1659; x_wconf 92' lang='lat' dir='ltr'>iu</span> <span class='ocrx_word' id='word_1_148' title='bbox 830 1621 879 1659; x_wconf 83' lang='lat' dir='ltr'>mc-</span> 
     </span>
     <span class='ocr_line' id='line_1_19' title="bbox 73 1678 879 1748; baseline -0.007 -12"><span class='ocrx_word' id='word_1_149' title='bbox 73 1686 132 1736; x_wconf 86' lang='lat' dir='ltr'>teria</span> <span class='ocrx_word' id='word_1_150' title='bbox 142 1683 273 1748; x_wconf 65' lang='lat' dir='ltr'>iiiuitetis,</span> <span class='ocrx_word' id='word_1_151' title='bbox 285 1685 314 1735; x_wconf 82' lang='lat' dir='ltr'>ud</span> <span class='ocrx_word' id='word_1_152' title='bbox 322 1697 391 1748; x_wconf 80' lang='lat' dir='ltr'>quum</span> <span class='ocrx_word' id='word_1_153' title='bbox 400 1686 485 1733; x_wconf 81' lang='lat' dir='ltr'>certum</span> <span class='ocrx_word' id='word_1_154' title='bbox 497 1686 533 1731; x_wconf 87' lang='lat' dir='ltr'>est</span> <span class='ocrx_word' id='word_1_155' title='bbox 542 1680 647 1732; x_wconf 84' lang='lat' dir='ltr'>notiones</span> <span class='ocrx_word' id='word_1_156' title='bbox 656 1680 772 1745; x_wconf 79' lang='lat' dir='ltr'>portinere</span> <span class='ocrx_word' id='word_1_157' title='bbox 782 1679 825 1745; x_wconf 76' lang='lat'><strong>(2).</strong></span> <span class='ocrx_word' id='word_1_158' title='bbox 833 1678 879 1730; x_wconf 84' lang='lat' dir='ltr'>Sed</span> 
     </span>
     <span class='ocr_line' id='line_1_20' title="bbox 74 1754 880 1820; baseline -0.01 -11"><span class='ocrx_word' id='word_1_159' title='bbox 74 1757 196 1809; x_wconf 74' lang='lat' dir='ltr'>conuariae</span> <span class='ocrx_word' id='word_1_160' title='bbox 205 1755 326 1820; x_wconf 81' lang='lat' dir='ltr'>opiniones</span> <span class='ocrx_word' id='word_1_161' title='bbox 333 1768 380 1805; x_wconf 93' lang='lat' dir='ltr'>non</span> <span class='ocrx_word' id='word_1_162' title='bbox 392 1757 487 1819; x_wconf 84' lang='lat' dir='ltr'>possunt</span> <span class='ocrx_word' id='word_1_163' title='bbox 498 1767 549 1804; x_wconf 83' lang='lat' dir='ltr'>esse</span> <span class='ocrx_word' id='word_1_164' title='bbox 557 1754 642 1817; x_wconf 78' lang='lat' dir='ltr'>absque</span> <span class='ocrx_word' id='word_1_165' title='bbox 652 1765 728 1803; x_wconf 78' lang='lat' dir='ltr'>errore</span> <span class='ocrx_word' id='word_1_166' title='bbox 741 1767 747 1803; x_wconf 93' lang='lat'>:</span> <span class='ocrx_word' id='word_1_167' title='bbox 758 1766 813 1815; x_wconf 80' lang='lat' dir='ltr'>ergo</span> <span class='ocrx_word' id='word_1_168' title='bbox 823 1764 880 1802; x_wconf 88' lang='lat' dir='ltr'>cou-</span> 
     </span>
     <span class='ocr_line' id='line_1_21' title="bbox 73 1826 582 1895; baseline -0.006 -16"><span class='ocrx_word' id='word_1_169' title='bbox 73 1831 144 1881; x_wconf 83' lang='lat' dir='ltr'>trnrit</span> <span class='ocrx_word' id='word_1_170' title='bbox 158 1829 248 1895; x_wconf 81' lang='lat' dir='ltr'>opinari</span> <span class='ocrx_word' id='word_1_171' title='bbox 266 1828 328 1879; x_wconf 69' lang='lat' dir='ltr'>orca</span> <span class='ocrx_word' id='word_1_172' title='bbox 338 1827 444 1878; x_wconf 88' lang='lat' dir='ltr'>notiones</span> <span class='ocrx_word' id='word_1_173' title='bbox 458 1840 505 1877; x_wconf 90' lang='lat' dir='ltr'>non</span> <span class='ocrx_word' id='word_1_174' title='bbox 519 1826 582 1877; x_wconf 84' lang='lat' dir='ltr'>licet.</span> 
     </span>
    </p>

    <p class='ocr_par' dir='ltr' id='par_1_6' title="bbox 73 1895 881 2098">
     <span class='ocr_line' id='line_1_22' title="bbox 106 1895 879 1965; baseline -0.012 -11"><span class='ocrx_word' id='word_1_175' title='bbox 106 1909 131 1954; x_wconf 77' lang='lat'>2.</span> <span class='ocrx_word' id='word_1_176' title='bbox 143 1906 268 1965; x_wconf 75' lang='lat' dir='ltr'>Prutereu,</span> <span class='ocrx_word' id='word_1_177' title='bbox 280 1914 321 1964; x_wconf 87' lang='lat' dir='ltr'>per</span> <span class='ocrx_word' id='word_1_178' title='bbox 332 1900 437 1950; x_wconf 84' lang='lat' dir='ltr'>notiones</span> <span class='ocrx_word' id='word_1_179' title='bbox 446 1906 613 1962; x_wconf 75' lang='lat' dir='ltr'>cognoscuntur</span> <span class='ocrx_word' id='word_1_180' title='bbox 626 1910 746 1962; x_wconf 69' lang='lat' dir='ltr'>persono,</span> <span class='ocrx_word' id='word_1_181' title='bbox 759 1898 785 1946; x_wconf 86' lang='lat' dir='ltr'>ut</span> <span class='ocrx_word' id='word_1_182' title='bbox 793 1895 879 1947; x_wconf 84' lang='lat' dir='ltr'>dictum</span> 
     </span>
     <span class='ocr_line' id='line_1_23' title="bbox 73 1967 881 2037; baseline -0.011 -11"><span class='ocrx_word' id='word_1_183' title='bbox 73 1980 118 2026; x_wconf 83' lang='lat' dir='ltr'>est.</span> <span class='ocrx_word' id='word_1_184' title='bbox 133 1976 180 2025; x_wconf 87' lang='lat' dir='ltr'>Sed</span> <span class='ocrx_word' id='word_1_185' title='bbox 194 1973 256 2024; x_wconf 88' lang='lat' dir='ltr'>eirca</span> <span class='ocrx_word' id='word_1_186' title='bbox 270 1984 379 2037; x_wconf 61' lang='lat' dir='ltr'>mucuns</span> <span class='ocrx_word' id='word_1_187' title='bbox 396 1971 509 2021; x_wconf 83' lang='lat' dir='ltr'>nonlicet</span> <span class='ocrx_word' id='word_1_188' title='bbox 525 1968 637 2033; x_wconf 77' lang='lat' dir='ltr'>oontmrit</span> <span class='ocrx_word' id='word_1_189' title='bbox 651 1967 756 2033; x_wconf 80' lang='lat' dir='ltr'>opinari:</span> <span class='ocrx_word' id='word_1_190' title='bbox 768 1981 822 2031; x_wconf 74' lang='lat' dir='ltr'>ergo</span> <span class='ocrx_word' id='word_1_191' title='bbox 838 1980 881 2018; x_wconf 87' lang='lat' dir='ltr'>nec</span> 
     </span>
     <span class='ocr_line' id='line_1_24' title="bbox 74 2045 271 2098; baseline -0.005 -2"><span class='ocrx_word' id='word_1_192' title='bbox 74 2048 136 2098; x_wconf 81' lang='lat' dir='ltr'>circs</span> <span class='ocrx_word' id='word_1_193' title='bbox 154 2045 271 2097; x_wconf 83' lang='lat' dir='ltr'>notiones.</span> 
     </span>
    </p>

    <p class='ocr_par' dir='ltr' id='par_1_7' title="bbox 74 2110 880 2252">
     <span class='ocr_line' id='line_1_25' title="bbox 107 2110 880 2175; baseline -0.009 -5"><span class='ocrx_word' id='word_1_194' title='bbox 107 2119 154 2170; x_wconf 86' lang='lat' dir='ltr'>Sed</span> <span class='ocrx_word' id='word_1_195' title='bbox 163 2121 245 2168; x_wconf 80' lang='lat' dir='ltr'>contra</span> <span class='ocrx_word' id='word_1_196' title='bbox 257 2133 263 2166; x_wconf 89' lang='lat'>:</span> <span class='ocrx_word' id='word_1_197' title='bbox 275 2114 365 2167; x_wconf 82' lang='lat' dir='ltr'>urticuti</span> <span class='ocrx_word' id='word_1_198' title='bbox 374 2115 428 2167; x_wconf 84' lang='lat' dir='ltr'>fidei</span> <span class='ocrx_word' id='word_1_199' title='bbox 438 2128 485 2166; x_wconf 87' lang='lat' dir='ltr'>nou</span> <span class='ocrx_word' id='word_1_200' title='bbox 493 2117 547 2165; x_wconf 85' lang='lat' dir='ltr'>sunt</span> <span class='ocrx_word' id='word_1_201' title='bbox 556 2114 584 2164; x_wconf 81' lang='lat' dir='ltr'>cte</span> <span class='ocrx_word' id='word_1_202' title='bbox 593 2110 724 2163; x_wconf 87' lang='lat' dir='ltr'>notionibus</span> <span class='ocrx_word' id='word_1_203' title='bbox 736 2128 742 2161; x_wconf 89' lang='lat'>:</span> <span class='ocrx_word' id='word_1_204' title='bbox 755 2123 809 2175; x_wconf 79' lang='lat' dir='ltr'>ergo</span> <span class='ocrx_word' id='word_1_205' title='bbox 820 2110 880 2163; x_wconf 81' lang='lat' dir='ltr'>circa</span> 
     </span>
     <span class='ocr_line' id='line_1_26' title="bbox 74 2184 548 2252; baseline -0.011 -12"><span class='ocrx_word' id='word_1_206' title='bbox 74 2191 182 2242; x_wconf 87' lang='lat' dir='ltr'>notiones</span> <span class='ocrx_word' id='word_1_207' title='bbox 195 2189 251 2239; x_wconf 81' lang='lat' dir='ltr'>ticet</span> <span class='ocrx_word' id='word_1_208' title='bbox 263 2187 296 2238; x_wconf 88' lang='lat' dir='ltr'>sic</span> <span class='ocrx_word' id='word_1_209' title='bbox 313 2188 350 2237; x_wconf 85' lang='lat' dir='ltr'>uel</span> <span class='ocrx_word' id='word_1_210' title='bbox 368 2188 434 2237; x_wconf 76' lang='lat' dir='ltr'>aliter</span> <span class='ocrx_word' id='word_1_211' title='bbox 450 2184 548 2252; x_wconf 81' lang='lat' dir='ltr'>opinari.</span> 
     </span>
    </p>
   </div>
   <div class='ocr_carea' id='block_1_6' title="bbox 107 2252 985 2329">
    <p class='ocr_par' dir='ltr' id='par_1_8' title="bbox 107 2252 985 2329">
     <span class='ocr_line' id='line_1_27' title="bbox 107 2252 985 2329; baseline -0.016 -16"><span class='ocrx_word' id='word_1_212' title='bbox 107 2263 270 2329; x_wconf 82' lang='lat' dir='ltr'>(concnnsro.</span> <span class='ocrx_word' id='word_1_213' title='bbox 282 2286 313 2297; x_wconf 95' lang='lat'><em>-</em></span> <span class='ocrx_word' id='word_1_214' title='bbox 324 2259 381 2311; x_wconf 83' lang='lat' dir='ltr'>Cim</span> <span class='ocrx_word' id='word_1_215' title='bbox 394 2258 501 2311; x_wconf 85' lang='lat' dir='ltr'>notiones</span> <span class='ocrx_word' id='word_1_216' title='bbox 517 2258 546 2309; x_wconf 79' lang='lat' dir='ltr'>an</span> <span class='ocrx_word' id='word_1_217' title='bbox 559 2257 626 2308; x_wconf 86' lang='lat' dir='ltr'>tidem</span> <span class='ocrx_word' id='word_1_218' title='bbox 643 2269 691 2307; x_wconf 89' lang='lat' dir='ltr'>nou</span> <span class='ocrx_word' id='word_1_219' title='bbox 704 2252 749 2305; x_wconf 90' lang='lat' dir='ltr'>nisi</span> <span class='ocrx_word' id='word_1_220' title='bbox 766 2252 878 2307; x_wconf 70' lang='lat' dir='ltr'>indirecte</span> <span class='ocrx_word' id='word_1_221' title='bbox 984 2290 985 2299; x_wconf 70' lang='grc'>,</span> 
     </span>
    </p>
   </div>
   <div class='ocr_carea' id='block_1_7' title="bbox 74 2326 882 2754">
    <p class='ocr_par' dir='ltr' id='par_1_9' title="bbox 74 2326 881 2470">
     <span class='ocr_line' id='line_1_28' title="bbox 74 2326 881 2399; baseline -0.007 -14"><span class='ocrx_word' id='word_1_222' title='bbox 74 2337 198 2399; x_wconf 84' lang='lat' dir='ltr'>spectent,</span> <span class='ocrx_word' id='word_1_223' title='bbox 216 2330 331 2383; x_wconf 77' lang='lat' dir='ltr'>contrarii</span> <span class='ocrx_word' id='word_1_224' title='bbox 351 2331 441 2397; x_wconf 80' lang='lat' dir='ltr'>opinari</span> <span class='ocrx_word' id='word_1_225' title='bbox 460 2330 560 2395; x_wconf 86' lang='lat' dir='ltr'>deipsis</span> <span class='ocrx_word' id='word_1_226' title='bbox 580 2330 647 2393; x_wconf 87' lang='lat' dir='ltr'>licet,</span> <span class='ocrx_word' id='word_1_227' title='bbox 662 2328 682 2380; x_wconf 89' lang='lat' dir='ltr'>si</span> <span class='ocrx_word' id='word_1_228' title='bbox 700 2326 758 2379; x_wconf 85' lang='lat' dir='ltr'>nihii</span> <span class='ocrx_word' id='word_1_229' title='bbox 771 2326 829 2378; x_wconf 84' lang='lat' dir='ltr'>sdsit</span> <span class='ocrx_word' id='word_1_230' title='bbox 843 2328 881 2379; x_wconf 82' lang='lat' dir='ltr'>usi</span> 
     </span>
     <span class='ocr_line' id='line_1_29' title="bbox 74 2398 723 2470; baseline -0.014 -11"><span class='ocrx_word' id='word_1_231' title='bbox 74 2407 234 2470; x_wconf 58' lang='lat' dir='ltr'>confiteretur</span> <span class='ocrx_word' id='word_1_232' title='bbox 247 2404 370 2468; x_wconf 86' lang='lat' dir='ltr'>consequi,</span> <span class='ocrx_word' id='word_1_233' title='bbox 385 2406 445 2469; x_wconf 82' lang='lat' dir='ltr'>quot</span> <span class='ocrx_word' id='word_1_234' title='bbox 457 2402 513 2455; x_wconf 82' lang='lat' dir='ltr'>unet</span> <span class='ocrx_word' id='word_1_235' title='bbox 521 2402 552 2455; x_wconf 85' lang='lat' dir='ltr'>sit</span> <span class='ocrx_word' id='word_1_236' title='bbox 562 2398 723 2463; x_wconf 81' lang='lat' dir='ltr'>contrarium.)</span> 
     </span>
    </p>

    <p class='ocr_par' dir='ltr' id='par_1_10' title="bbox 75 2471 882 2754">
     <span class='ocr_line' id='line_1_30' title="bbox 108 2471 881 2545; baseline -0.008 -16"><span class='ocrx_word' id='word_1_237' title='bbox 108 2478 246 2545; x_wconf 83' lang='lat' dir='ltr'>Respondeo</span> <span class='ocrx_word' id='word_1_238' title='bbox 257 2474 388 2539; x_wconf 82' lang='lat' dir='ltr'>dicendum,</span> <span class='ocrx_word' id='word_1_239' title='bbox 396 2474 458 2539; x_wconf 77' lang='lat' dir='ltr'>quud</span> <span class='ocrx_word' id='word_1_240' title='bbox 473 2476 503 2527; x_wconf 84' lang='lat' dir='ltr'>ad</span> <span class='ocrx_word' id='word_1_241' title='bbox 518 2474 586 2525; x_wconf 86' lang='lat' dir='ltr'>fidem</span> <span class='ocrx_word' id='word_1_242' title='bbox 596 2472 697 2538; x_wconf 84' lang='lat' dir='ltr'>pertinet</span> <span class='ocrx_word' id='word_1_243' title='bbox 709 2471 795 2537; x_wconf 83' lang='lat' dir='ltr'>aliquid</span> <span class='ocrx_word' id='word_1_244' title='bbox 807 2472 881 2537; x_wconf 88' lang='lat' dir='ltr'>dupli·</span> 
     </span>
     <span class='ocr_line' id='line_1_31' title="bbox 75 2540 881 2614; baseline -0.005 -15"><span class='ocrx_word' id='word_1_245' title='bbox 75 2550 144 2601; x_wconf 84' lang='lat' dir='ltr'>citer.</span> <span class='ocrx_word' id='word_1_246' title='bbox 156 2552 206 2603; x_wconf 89' lang='lat' dir='ltr'>Uno</span> <span class='ocrx_word' id='word_1_247' title='bbox 217 2548 287 2614; x_wconf 71' lang='lat' dir='ltr'>moto</span> <span class='ocrx_word' id='word_1_248' title='bbox 300 2546 400 2610; x_wconf 66' lang='lat' dir='ltr'>unte,</span> <span class='ocrx_word' id='word_1_249' title='bbox 410 2548 471 2599; x_wconf 67' lang='lat' dir='ltr'>scut</span> <span class='ocrx_word' id='word_1_250' title='bbox 480 2560 509 2597; x_wconf 84' lang='lat' dir='ltr'>ca</span> <span class='ocrx_word' id='word_1_251' title='bbox 519 2559 569 2609; x_wconf 78' lang='lat' dir='ltr'>que</span> <span class='ocrx_word' id='word_1_252' title='bbox 583 2544 649 2595; x_wconf 85' lang='lat' dir='ltr'>nobis</span> <span class='ocrx_word' id='word_1_253' title='bbox 659 2548 713 2599; x_wconf 82' lang='lat' dir='ltr'>sunt</span> <span class='ocrx_word' id='word_1_254' title='bbox 723 2540 881 2609; x_wconf 73' lang='lat' dir='ltr'>principaliter</span> 
     </span>
     <span class='ocr_line' id='line_1_32' title="bbox 75 2614 882 2682; baseline -0.007 -10"><span class='ocrx_word' id='word_1_255' title='bbox 75 2620 296 2682; x_wconf 66' lang='lat' dir='ltr'>divinissimus,</span> <span class='ocrx_word' id='word_1_256' title='bbox 307 2624 332 2669; x_wconf 91' lang='lat' dir='ltr'>ut</span> <span class='ocrx_word' id='word_1_257' title='bbox 343 2638 357 2668; x_wconf 83' lang='lat' dir='ltr'>n</span> <span class='ocrx_word' id='word_1_258' title='bbox 368 2621 441 2669; x_wconf 81' lang='lat' dir='ltr'>Deum</span> <span class='ocrx_word' id='word_1_259' title='bbox 451 2632 502 2669; x_wconf 83' lang='lat' dir='ltr'>esec</span> <span class='ocrx_word' id='word_1_260' title='bbox 515 2617 602 2669; x_wconf 74' lang='lat' dir='ltr'>uinum</span> <span class='ocrx_word' id='word_1_261' title='bbox 612 2620 638 2671; x_wconf 85' lang='lat' dir='ltr'>et</span> <span class='ocrx_word' id='word_1_262' title='bbox 647 2630 734 2679; x_wconf 86' lang='lat' dir='ltr'>uuum,</span> <span class='ocrx_word' id='word_1_263' title='bbox 745 2614 827 2667; x_wconf 80' lang='lat' dir='ltr'>Filium</span> <span class='ocrx_word' id='word_1_264' title='bbox 840 2615 882 2667; x_wconf 74' lang='lat' dir='ltr'>tici</span> 
     </span>
     <span class='ocr_line' id='line_1_33' title="bbox 75 2686 879 2754; baseline -0.007 -9"><span class='ocrx_word' id='word_1_265' title='bbox 75 2708 126 2745; x_wconf 71' lang='lat' dir='ltr'>usse</span> <span class='ocrx_word' id='word_1_266' title='bbox 135 2692 295 2754; x_wconf 64' lang='lat' dir='ltr'>mennatum,</span> <span class='ocrx_word' id='word_1_267' title='bbox 304 2708 318 2738; x_wconf 81' lang='lat' dir='ltr'>n</span> <span class='ocrx_word' id='word_1_268' title='bbox 329 2693 353 2741; x_wconf 86' lang='lat' dir='ltr'>et</span> <span class='ocrx_word' id='word_1_269' title='bbox 363 2688 507 2754; x_wconf 81' lang='lat' dir='ltr'>hujusmodi3</span> <span class='ocrx_word' id='word_1_270' title='bbox 518 2690 543 2739; x_wconf 90' lang='lat' dir='ltr'>et</span> <span class='ocrx_word' id='word_1_271' title='bbox 552 2688 613 2739; x_wconf 84' lang='lat' dir='ltr'>circu</span> <span class='ocrx_word' id='word_1_272' title='bbox 621 2688 672 2739; x_wconf 80' lang='lat' dir='ltr'>truc</span> <span class='ocrx_word' id='word_1_273' title='bbox 685 2686 775 2752; x_wconf 84' lang='lat' dir='ltr'>opiusri</span> <span class='ocrx_word' id='word_1_274' title='bbox 785 2688 879 2751; x_wconf 63' lang='lat' dir='ltr'>tubum,</span> 
     </span>
    </p>
   </div>
   <div class='ocr_carea' id='block_1_8' title="bbox 111 2807 679 2873">
    <p class='ocr_par' dir='ltr' id='par_1_11' title="bbox 111 2807 679 2873">
     <span class='ocr_line' id='line_1_34' title="bbox 111 2807 679 2873; baseline -0.011 -14"><span class='ocrx_word' id='word_1_275' title='bbox 111 2810 142 2873; x_wconf 74' lang='grc'>(1)</span> <span class='ocrx_word' id='word_1_276' title='bbox 154 2816 189 2859; x_wconf 79' lang='lat' dir='ltr'>De</span> <span class='ocrx_word' id='word_1_277' title='bbox 199 2813 237 2859; x_wconf 85' lang='lat' dir='ltr'>tuis</span> <span class='ocrx_word' id='word_1_278' title='bbox 249 2811 320 2858; x_wconf 80' lang='lat' dir='ltr'>etism</span> <span class='ocrx_word' id='word_1_279' title='bbox 334 2813 360 2869; x_wconf 83' lang='lat'>1,</span> <span class='ocrx_word' id='word_1_280' title='bbox 375 2810 453 2860; x_wconf 69' lang='lat' dir='ltr'>Sunt„</span> <span class='ocrx_word' id='word_1_281' title='bbox 465 2809 520 2855; x_wconf 79' lang='lat' dir='ltr'>nist.</span> <span class='ocrx_word' id='word_1_282' title='bbox 536 2808 579 2867; x_wconf 82' lang='grc'>33,</span> <span class='ocrx_word' id='word_1_283' title='bbox 594 2814 641 2855; x_wconf 79' lang='lat' dir='ltr'>snt.</span> <span class='ocrx_word' id='word_1_284' title='bbox 654 2807 679 2854; x_wconf 85' lang='lat'>5.</span> 
     </span>
    </p>
   </div>
   <div class='ocr_carea' id='block_1_9' title="bbox 74 2877 882 3004">
    <p class='ocr_par' dir='ltr' id='par_1_12' title="bbox 74 2877 882 3004">
     <span class='ocr_line' id='line_1_35' title="bbox 111 2877 882 2943; baseline -0.005 -16"><span class='ocrx_word' id='word_1_285' title='bbox 111 2881 143 2943; x_wconf 71' lang='lat'>(2)</span> <span class='ocrx_word' id='word_1_286' title='bbox 158 2887 190 2930; x_wconf 85' lang='lat' dir='ltr'>ut</span> <span class='ocrx_word' id='word_1_287' title='bbox 200 2885 251 2940; x_wconf 75' lang='lat' dir='ltr'>jem</span> <span class='ocrx_word' id='word_1_288' title='bbox 265 2883 356 2940; x_wconf 78' lang='lat' dir='ltr'>pientius</span> <span class='ocrx_word' id='word_1_289' title='bbox 366 2888 470 2927; x_wconf 85' lang='lat' dir='ltr'>nototum</span> <span class='ocrx_word' id='word_1_290' title='bbox 483 2887 529 2940; x_wconf 83' lang='lat' dir='ltr'>cst,</span> <span class='ocrx_word' id='word_1_291' title='bbox 544 2893 584 2937; x_wconf 82' lang='lat' dir='ltr'>qu.</span> <span class='ocrx_word' id='word_1_292' title='bbox 602 2879 642 2941; x_wconf 81' lang='lat'>³1,</span> <span class='ocrx_word' id='word_1_293' title='bbox 658 2886 703 2927; x_wconf 83' lang='lat' dir='ltr'>nrt.</span> <span class='ocrx_word' id='word_1_294' title='bbox 715 2880 743 2939; x_wconf 76' lang='lat'>2,</span> <span class='ocrx_word' id='word_1_295' title='bbox 754 2893 783 2927; x_wconf 77' lang='lat' dir='ltr'>cx</span> <span class='ocrx_word' id='word_1_296' title='bbox 798 2892 851 2936; x_wconf 76' lang='lat' dir='ltr'>cap.</span> <span class='ocrx_word' id='word_1_297' title='bbox 867 2877 882 2923; x_wconf 74' lang='lat'><strong>³</strong></span> 
     </span>
     <span class='ocr_line' id='line_1_36' title="bbox 74 2943 620 3004; baseline -0.004 -13"><span class='ocrx_word' id='word_1_298' title='bbox 74 2947 130 2991; x_wconf 84' lang='lat' dir='ltr'>iibri</span> <span class='ocrx_word' id='word_1_299' title='bbox 140 2946 209 3004; x_wconf 84' lang='lat' dir='ltr'>primi</span> <span class='ocrx_word' id='word_1_300' title='bbox 222 2947 252 2993; x_wconf 80' lang='lat' dir='ltr'>(ie</span> <span class='ocrx_word' id='word_1_301' title='bbox 267 2944 370 2996; x_wconf 67' lang='lat' dir='ltr'>Tristi..</span> <span class='ocrx_word' id='word_1_302' title='bbox 385 2946 455 3003; x_wconf 79' lang='lat' dir='ltr'>poulo</span> <span class='ocrx_word' id='word_1_303' title='bbox 469 2945 521 2992; x_wconf 76' lang='lat' dir='ltr'>eliis</span> <span class='ocrx_word' id='word_1_304' title='bbox 533 2943 620 2991; x_wconf 82' lang='lat' dir='ltr'>uerbis.</span> 
     </span>
    </p>
   </div>
   <div class='ocr_carea' id='block_1_10' title="bbox 0 0 1003 3342">
    <p class='ocr_par' dir='ltr' id='par_1_13' title="bbox 0 0 1003 3342">
     <span class='ocr_line' id='line_1_37' title="bbox 0 0 1003 3342; baseline 0 0"><span class='ocrx_word' id='word_1_305' title='bbox 0 0 1003 3342; x_wconf 95' lang='lat' dir='ltr'> </span> 
     </span>
    </p>
   </div>
  </div>
 </body>
</html>
