1992 3342
339 194 371 233 ΒΕ
387 197 427 233 DE!
445 196 595 235 amulricus.
825 190 869 238 161

65 269 148 321 derium
170 273 275 321 nostrum
295 271 408 334 impleant
427 275 451 321 et
469 272 581 335 quictent.
600 272 645 324 Sed
664 274 714 323 bec
729 274 773 324 triu
787 275 873 325 babent

63 337 121 392 beati
131 341 158 391 in
169 343 218 391 Deo
230 356 237 389 ;
250 342 303 404 quie
311 344 337 391 et
347 339 428 391 rident
438 342 514 405 ipsum
523 346 547 393 et
557 344 656 393 ridendo
669 348 751 395 tenent
760 344 804 396 sibi
814 359 873 408 prc-

62 417 163 475 senum,
178 412 717 493 iQQQMQ
730 419 755 466 et
766 420 874 468 tenentes

62 484 169 533 fruuntur
173 520 183 546 ,
194 487 255 533 sicut
265 484 347 533 ultimo
358 484 405 533 due
416 484 555 535 desiderium
565 485 684 548 implente.

95 555 131 603 dd
139 555 265 603 secuudum
275 554 410 618 dicendum,
421 554 482 618 qudd
491 569 538 605 non
548 560 641 620 propter
655 559 698 607 boc
712 558 772 608 Deus
784 559 872 611 incom-

64 624 225 687 prehensibilis
235 624 321 675 dicitm
338 625 404 689 quasi
419 625 504 689 adquid
514 626 565 689 ejus
578 628 607 677 sit
621 628 682 691 quod
695 642 741 679 non
751 629 872 687 rideatur,

65 697 106 745 sed
119 696 172 760 quie
184 710 230 747 non
242 697 277 746 ita
290 696 393 759 perfecit
406 696 496 746 videtur
506 698 565 748 sicud
577 698 672 749 risibilis
682 702 730 761 cst3
747 699 805 750 sicut
819 698 871 751 cdm

64 766 141 829 alique
153 767 340 817 demonstrabilis
352 768 479 831 propositio
490 781 532 832 per
543 768 640 832 aliquam
651 768 794 834 probabilem
803 771 872 821 ratio-

64 851 116 887 nem
129 838 276 900 cognoscitur
290 852 338 889 non
358 842 394 890 est
411 838 495 902 aliquid
507 839 558 903 ejus
572 841 633 903 quod
650 854 696 891 non
709 845 871 905 cognoscatur,

63 922 106 958 nec
122 909 265 973 subjectum,
278 922 322 958 nec
332 909 491 972 predicatum,
504 924 547 960 nec
557 910 699 974 compositio,
712 912 752 961 sed
765 915 813 962 totu
826 926 872 963 non

63 978 94 1029 ita
110 980 215 1043 periectd
229 980 376 1043 cognoscitur
391 979 451 1030 sicut
469 978 627 1043 cognoscibilis
641 985 685 1033 cst.
701 983 764 1033 Unde
783 985 872 1044 dogus-

63 1049 125 1102 tinus
141 1051 274 1101 definiendo
292 1051 521 1113 comprehensionem
536 1052 606 1117 dicit,
624 1052 685 1116 qubd
704 1070 718 1101 «
734 1054 789 1103 illud
811 1066 873 1103 com·

65 1120 212 1181 prehenditur
236 1121 350 1183 videndo,
372 1122 434 1184 quod
456 1121 488 1171 ita
510 1126 582 1173 totum
600 1124 690 1174 videtur
706 1128 732 1173 ut
748 1122 807 1174 nihil
822 1124 873 1187 ejus

65 1190 136 1241 lateat
149 1191 280 1254 ridentem,
295 1195 337 1242 aut
351 1192 418 1255 cujus
436 1191 493 1243 fines
508 1193 650 1256 circumspici
669 1195 707 1245 rel
720 1194 874 1245 circumscribi
898 1254 901 1259 ¹

64 1267 160 1323 possunt
166 1262 209 1329 (1),
219 1280 234 1310 ιι
242 1267 300 1313 tunc
307 1262 370 1313 enim
379 1263 438 1312 fines
445 1263 543 1327 aiicujus
554 1263 774 1327 circumspiciuntur,
783 1266 873 1331 qmndo

64 1336 92 1385 ad
103 1335 190 1398 tinem,
203 1334 230 1384 in
243 1334 312 1384 modo
329 1334 482 1396 cognoscendi
494 1334 558 1383 idem
571 1346 635 1395 rem,
653 1334 795 1396 pervenitur.

93 1407 129 1458 dd
142 1405 239 1456 tertium
250 1403 386 1467 dcendum,
400 1404 461 1468 qndd
473 1404 591 1454 totaliter
601 1403 657 1454 dicit
671 1406 763 1454 modum
773 1404 872 1469 objecti,

70 1491 117 1527 non
132 1476 225 1540 quidem
239 1477 273 1526 ita
285 1474 347 1539 qudd
364 1479 426 1525 totus
440 1476 523 1526 modus
533 1474 618 1539 objecti
629 1488 676 1525 non
687 1475 752 1525 cadet
766 1476 807 1525 sub
822 1489 875 1539 cog·

66 1547 168 1609 uitione,
178 1548 219 1598 sed
232 1547 290 1611 quio
309 1547 391 1597 modus
401 1546 487 1609 obiecti
502 1560 548 1597 non
563 1549 598 1597 est
610 1548 691 1597 modus
704 1547 872 1609 cognoscentis.

65 1618 109 1678 Qui
124 1617 192 1679 igitur
203 1619 270 1669 ridet
283 1620 357 1669 Deum
369 1630 411 1681 per
424 1617 547 1669 essentiam
554 1654 563 1680 ,
580 1617 643 1669 ridet
658 1620 702 1668 hoc
717 1618 742 1667 in
761 1630 789 1668 eo
812 1616 873 1682 quor

63 1689 150 1740 infinitd
166 1689 248 1741 existit
266 1692 291 1740 et
307 1688 398 1739 induite
413 1688 572 1751 cognoscibilis
585 1693 632 1752 est;
655 1690 695 1739 sed
715 1689 753 1739 bic
770 1688 874 1739 infinitus

64 1762 142 1811 modus
157 1775 206 1813 non
226 1760 338 1823 competit
351 1758 388 1821 ei,
406 1762 434 1809 ut
453 1758 538 1809 scilicet
554 1760 603 1825 ipse
624 1758 713 1810 infinite
728 1764 870 1823 cognoscat:

65 1830 123 1881 sicut
138 1832 224 1896 aliquis
240 1830 392 1895 probabiliter
406 1830 464 1880 scire
481 1833 558 1893 potest
575 1831 674 1895 aliquem
692 1831 872 1895 propositionem

64 1916 113 1955 esse
129 1902 349 1965 demonstrabilem,
366 1900 421 1951 licet
438 1901 486 1965 ipse
499 1914 551 1953 eam
566 1901 744 1953 demonstrativis
758 1914 805 1951 non
821 1914 873 1960 cog-

64 1980 148 2026 noscat.

350 2071 509 2122 semodius
524 2070 584 2120 Vlll.

69 2199 152 2245 Utrdm
165 2198 277 2243 vidmtec
287 2198 367 2243 Deum
373 2208 419 2253 per
427 2196 565 2251 ementium,
581 2192 663 2239 omnic
672 2194 699 2237 tn
708 2194 759 2239 Deo
769 2193 873 2238 videant.

26 2313 33 2320 ⁴
92 2325 127 2375 dd
139 2328 251 2375 ocium
265 2323 300 2373 sic
312 2321 444 2386 proceditur
454 2321 496 2387 (2).
507 2320 602 2371 Videtur
612 2319 672 2384 qudd
687 2320 790 2371 videntes
803 2321 875 2369 Deum

67 2407 104 2456 per
117 2395 259 2457 ementium,
282 2393 360 2445 omnia
374 2394 401 2443 in
415 2394 462 2443 Deo
479 2392 581 2443 rideant
599 2392 658 2441 dicit
676 2390 738 2441 euim
753 2390 876 2453 Gregorius

96 2512 126 2575 (1)
140 2517 172 2561 Ut
183 2514 267 2559 videre
276 2517 315 2557 est
327 2512 398 2568 epist
415 2508 469 2569 112,
482 2510 523 2555 ubi
536 2522 619 2569 snpra,
632 2521 684 2567 cup.
697 2509 711 2553 5
715 2512 798 2567 ,cujus
810 2510 875 2555 dunr-

68 2581 125 2622 imt
135 2582 216 2623 textus
229 2575 305 2620 habet
321 2573 383 2629 qudd
402 2573 563 2631 circrunsptci
573 2577 692 2630 poscerant,
711 2572 735 2616 id
750 2578 786 2617 est
801 2579 877 2643 sxtrcf

52 2639 155 2685 mirarer
176 2650 264 2684 onmes
286 2636 468 2691 undequaque}
497 2636 551 2680 tr
558 2653 563 2663 ·
