1992 3342
104 223 151 268 363
307 230 513 279 rr1s1‚ounsr.
533 230 580 278 xv,
599 230 652 265 333.
671 231 698 265 33.

103 320 157 358 nem
174 307 232 357 ideae
245 305 372 358 3333333333
384 304 446 369 quod
458 305 487 355 od
501 304 545 355 alis
559 308 713 368 comparatur,
725 318 771 357 333
785 310 864 359 sutum
875 324 917 362 se-

103 377 204 428 cumdim
222 376 283 441 quod
301 380 444 441 comparatur
459 376 488 426 acl
498 376 575 439 ipsum
585 376 667 425 Deum.

135 449 169 497 33
179 448 273 497 tertium
281 447 411 509 dicendum,
422 446 484 510 quod
496 449 560 499 Dens
572 446 697 497 secundnm
708 448 832 499 essentiam
844 464 916 503 suam

101 522 138 568 ost
152 517 276 568 similitudo
294 518 396 568 omnium
417 531 511 568 rerum:
526 520 587 568 unde
609 516 661 567 idea
679 516 704 565 in
726 519 774 569 Deo
795 520 855 571 nihil
876 527 918 573 est

101 589 164 639 333333
180 588 248 653 quim
265 589 306 639 liei
319 590 427 639 33333333.

403 724 562 775 reticulos
578 724 607 775 ll.

345 838 433 883 Utrum
446 838 495 883 sint
502 840 587 895 plures
596 839 661 884 tdeoe.

133 954 167 1003 33
190 953 315 1004 secundum
337 955 370 1005 sic
392 954 523 1019 proceditur
542 953 585 1019 (l).
606 953 700 1005 Videtur
720 954 781 1019 qnod
799 970 846 1007 non
863 958 915 1010 sint

102 1024 180 1086 plures
191 1025 258 1075 3333.
271 1026 325 1075 3333
338 1026 400 1077 enim
413 1027 438 1077 in
450 1029 497 1077 lieo
512 1030 547 1076 est
559 1026 609 1090 ejus
622 1026 738 1089 essentiu3
753 1027 793 1077 sed
805 1030 913 1081 essentia

101 1094 144 1145 ltei
161 1100 197 1147 est
214 1110 262 1146 una
282 1096 372 1146 tantulm
385 1112 391 1145 ι
406 1110 461 1160 ergo
474 1102 498 1148 et
510 1096 562 1147 idea
576 1101 610 1147 est
620 1110 675 1147 una.

132 1171 156 1216 3.
169 1168 298 1230 Preterea,
314 1168 372 1217 sicut
384 1169 436 1219 idea
451 1172 486 1219 est
498 1168 636 1232 principium
646 1169 798 1231 cognoscendi
809 1173 833 1219 et
847 1185 911 1236 ope-

100 1236 181 1299 unul,
192 1237 226 1287 ita
235 1252 271 1289 ars
283 1242 308 1289 et
323 1239 443 1302 sapientia.
454 1240 501 1289 Sed
514 1238 539 1289 in
554 1241 601 1290 lleo
617 1252 664 1290 nou
679 1242 733 1291 sunt
744 1241 823 1304 plures
842 1248 912 1296 artes

100 1311 124 1356 et
141 1309 261 1372 sapientie
279 1326 284 1359 ε
297 1324 352 1373 ergo
365 1323 409 1360 nec
421 1311 498 1374 plures
511 1310 576 1360 ideae.

133 1384 155 1428 3.
172 1380 196 1429 Si
209 1380 296 1432 dicotur
307 1380 368 1446 quod
380 1381 438 1431 ideae
455 1380 635 1444 multiplicantur
646 1381 772 1431 secundnm
785 1389 912 1447 respectus

98 1450 127 1499 33
149 1451 250 1504 diuersas
268 1456 400 1515 creaturas,
422 1456 501 1503 contra
516 1465 522 1500 :
537 1452 658 1503 Pluralitas
684 1452 787 1502 idearum
814 1456 852 1503 est
877 1456 908 1506 alt

100 1526 185 1575 ae-terno
203 1526 235 1590 (3)
253 1526 291 1576 :si
307 1539 363 1587 ergo
375 1524 433 1576 3333
446 1528 500 1574 sunt
516 1524 607 1587 plnres,
619 1527 728 1575 creaturae
748 1528 827 1574 autem
850 1530 910 1579 sunt

99 1597 237 1659 temporales
248 1610 317 1659 :ergo
330 1597 455 1659 temporale
469 1595 513 1645 erit
523 1607 591 1645 cause
604 1594 693 1645 eterni.

132 1668 154 1714 t.
167 1668 287 1716 Preterea.
299 1667 425 1729 Respectus
432 1665 484 1728 isti,
495 1670 534 1715 aut
544 1668 596 1716 sunl
607 1665 732 1715 secundom
744 1678 793 1715 rem
801 1667 828 1717 in
840 1682 908 1718 3333-

98 1736 156 1785 turis
174 1736 281 1799 3333333,
299 1741 339 1787 333
357 1738 428 1787 etium
453 1738 478 1787 in
498 1739 554 1788 lleo.
576 1736 601 1787 Si
618 1737 643 1785 in
662 1737 773 1788 creaturis
792 1738 906 1803 3333333,

98 1805 166 1870 (cum
181 1811 290 1859 creaturae
303 1821 350 1858 non
369 1807 415 1858 siut
434 1809 463 1861 als
486 1808 587 1873 eterno)
600 1808 718 1871 pluralitus
734 1808 840 1859 idearum
857 1826 911 1862 uon
981 1808 982 1873 l

96 1878 141 1926 erit
150 1877 179 1928 ab
191 1882 293 1942 eterno,
306 1880 326 1929 si
337 1879 518 1943 multiplicentur
531 1878 603 1929 solium
622 1878 747 1929 secundini
767 1880 907 1943 hujusmodi
981 1904 982 1945 p

97 1953 229 2013 respectos3
247 1949 267 2001 si
288 1955 366 2001 autem
383 1950 475 2000 realiter
492 1954 546 1999 sunt
558 1948 656 2015 inliso,
668 1948 770 2013 seponitur
781 1948 846 2013 quor
858 1954 908 2003 alia
981 1988 982 2009 ,

97 2024 215 2085 pluralitas
223 2026 291 2077 realis
301 2025 330 2076 sit
343 2026 368 2075 in
383 2026 439 2089 lleo,
451 2024 520 2089 quim
533 2022 651 2087 pluralitas
664 2036 824 2087 personarum.
839 2029 909 2087 Quod
981 2056 982 2089 3

97 2100 133 2146 est
151 2102 231 2148 contra
247 2098 416 2163 Damascum(3
417 2096 426 2161 )
402 2096 556 2147 3333333333
576 2094 636 2158 quod
654 2110 668 2140 u
686 2093 711 2143 in
726 2094 810 2145 divinis
825 2100 909 2149 omnia
981 2126 982 2155 l

130 2213 260 2274 3131333333
273 2218 384 2276 3333331
402 2216 480 2263 Seni.
493 2210 742 2271 ciscestrensis
763 2220 808 2259 3η,
832 2216 866 2271 2.
883 2226 910 2263 ο,
981 2198 982 2237 l

99 2274 167 2322 0333.
183 2278 263 2329 Gemi..
277 2281 318 2325 lib.
333 2282 357 2337 Ι
372 2291 425 2335 cup.
440 2277 485 2330 53;
501 2283 525 2321 33
538 2282 620 2332 quoest
633 2274 656 2334 3,
670 2276 698 2321 de
713 2276 792 2334 verit,
805 2286 855 2324 333.
872 2282 904 2333 2-
981 2272 982 2311 l

96 2339 221 2396 etOpcesc.
233 2340 248 2383 3
251 2354 322 2399 ,cap
334 2341 373 2386 66.
981 2348 982 2377 l

129 2406 160 2468 (2)
173 2412 243 2454 Prout
253 2412 366 2457 Maximus
379 2410 482 2468 Dionysii
494 2412 663 2453 commentator
676 2408 752 2455 ideam
766 2408 823 2455 dicit
837 2424 907 2468 3333,
981 2418 982 2455 l

95 2473 266 2528 sempiternam
280 2474 427 2530 effectionem
443 2471 586 2529 sempiterne*
606 2470 652 2515 Dei
673 2472 711 2516 333
733 2472 851 2517 notitiam
877 2476 908 2521 uls
981 2480 982 2529 l

86 2536 185 2597 ι3333333
197 2536 405 2592 praeexistentem,
416 2540 460 2581 333.
981 2568 982 2599 ,

129 2602 160 2665 (3)
181 2608 211 2651 Ut
225 2605 301 2651 ridere
318 2612 354 2651 est
369 2608 410 2651 lib.
432 2608 456 2665 1,
478 2606 507 2651 de
526 2604 588 2651 Fide
610 2602 717 2654 orttod.
733 2616 786 2659 cap.
811 2604 838 2665 9,
864 2608 909 2654 ubi

94 2677 187 2730 passivo
204 2690 274 2722 sensu
297 2639 508 2737 3333333333333333
522 2662 680 2737 (3333333ῦῖ33)
697 2688 738 2733 pro
753 2675 908 2724 innascibili.
981 2682 982 2725 l

93 2752 142 2790 tete
164 2748 249 2807 Patris,
265 2755 289 2793 et
302 2751 482 2807 perterritionem
496 2738 585 2809 (γέννης
587 2739 618 2813 ιν)
642 2758 682 2803 pro
708 2747 828 2793 nativitate
850 2748 907 2795 Filii
981 2752 982 2783 l

94 2810 168 2864 pouit.
182 2814 211 2855 Ut
222 2816 307 2867 etcap.
317 2811 356 2870 to,
365 2813 394 2857 le
402 2818 509 2871 utroquo
520 2812 559 2855 sed
567 2810 698 2871 expressius
708 2817 730 2857 el
743 2808 836 2867 plenius
846 2824 905 2869 cap.
981 2824 982 2853 3

94 2878 144 2985 3ἑά
147 2882 189 2987 :rbi
201 2886 224 2927 33
238 2882 267 2926 oe
284 2884 432 2937 processione
446 2880 543 2939 spiritis
554 2886 628 2930 333333
642 2872 822 2943 (ἐκπυρώσεως)
838 2882 908 2927 idern
981 2892 982 2987 ἶ

94 2955 106 2985 3
138 2956 163 2987 r.
