1992 3342
132 182 180 235 itt
305 194 366 236 rm
382 198 406 249 r,
421 194 514 242 oum.
529 196 623 249 axvrnr,
639 195 695 235 err.
713 196 748 235 rr.

133 272 199 337 norb,
212 274 291 338 utqui
300 275 338 323 ert
350 271 382 322 ab
393 272 456 324 nlt'o.
466 274 495 324 Ei
506 272 620 338 similiter,
629 272 683 325 lieet
694 271 824 337 paternitas
834 271 867 323 sii
875 272 926 325 iden

135 341 263 397 secundnm
278 358 327 395 rem
344 358 398 395 eum
410 346 511 397 essentia
525 346 618 409 divina,
632 350 656 397 et
668 345 776 403 similiter
793 344 891 410 iliati03
904 349 932 395 ta·

140 430 195 468 rnen
204 418 255 467 brec
271 417 317 467 duo
331 415 417 466 innuis
432 417 531 481 propriis
545 417 671 468 rationibus
683 417 812 482 important
823 417 934 481 oppositos

134 493 251 555 respectm
268 504 275 537 z
289 486 350 538 unde
364 486 538 551 distinguuntur
548 490 578 541 ab
586 488 695 539 invicem.

166 560 200 611 ld
210 558 335 610 menradum
345 557 481 624 dicendum,
498 558 560 625 qudd
573 559 677 625 potentia
692 563 717 609 et
727 558 820 617 bonitas
833 572 884 611 non
900 556 934 607 im

134 630 269 695 portantia
286 628 333 680 nnis
353 628 481 682 rationibus
493 630 595 696 aliquam
608 630 781 697 oppositionem
796 644 804 677 ι
818 631 883 681 unde
898 640 934 679 nnn

133 704 170 751 est
181 701 263 752 similis
271 700 339 751 ratio.

165 771 201 823 ld
215 772 309 823 terrim
329 773 466 836 dicendum,
483 772 546 837 qubd
565 773 669 836 quamuis
689 771 816 823 relationes
837 767 936 837 (proprie

133 840 263 909 loquendo)
277 858 325 896 non
336 845 440 897 oriantur
454 846 494 895 rel
506 846 631 909 procedant
642 845 672 895 ab
685 843 805 907 inuicem,
818 846 936 893 tamenne

133 911 250 979 cipimtru
264 930 307 981 per
320 918 467 985 oppositum,
480 916 606 969 meandum
619 914 790 981 processionem
803 914 906 980 alicujus
915 913 937 962 ab

135 987 189 1039 abo.
675 1036 676 1044 ,

431 1087 592 1139 liil'iGUbllS
605 1086 643 1137 iv.

139 1189 227 1258 &tedere
241 1213 269 1257 ies
278 1214 328 1258 Deo
336 1213 386 1257 alat
396 1211 491 1256 maldra
499 1215 603 1268 quotuor
612 1210 739 1256 relationes
752 1210 847 1267 nutes,-
859 1212 940 1258 scilieet

264 1274 511 1333 parentandum
517 1306 525 1329 ,
535 1273 645 1331 spiratio,
656 1278 679 1318 et
687 1274 815 1331 presencie.

169 1392 204 1445 ld
212 1394 319 1459 quartum
334 1392 367 1443 sic
379 1391 509 1456 proceditur
520 1390 562 1457 (1).
578 1390 672 1443 Videtur
685 1391 746 1454 quld
754 1391 840 1445 iubeo
848 1392 941 1445 nonsirt

137 1462 227 1532 tantbm
238 1470 335 1529 quatuor
347 1464 471 1515 relationes
483 1465 566 1527 reales,
582 1463 671 1513 scilicet
690 1464 833 1529 paternitas,
848 1465 942 1525 'filiatio

137 1536 232 1600 spiratio
244 1541 268 1587 et
281 1534 405 1599 processio.
423 1534 464 1585 list
475 1534 538 1585 enim
547 1535 701 1601 ‘considerare
718 1534 743 1584 in
756 1536 805 1585 ileo
824 1538 945 1587 relationes

136 1605 287 1668 intelligentis
300 1605 330 1656 ad
343 1605 502 1669 intellectum,
517 1608 540 1655 et
557 1604 656 1656 uolentis
669 1607 697 1655 ad
710 1605 809 1657 volitum
819 1644 830 1670 ,
845 1622 899 1671 quae
915 1605 945 1653 ri·

138 1676 221 1727 dentur
234 1690 284 1729 esse
295 1677 419 1729 relationes
429 1678 512 1741 reales,
523 1690 598 1741 neque
607 1678 649 1727 snb
661 1676 776 1741 praedietis
787 1678 947 1731 continentur.

136 1745 188 1797 Non
197 1760 253 1811 erpo
268 1751 322 1797 sant
332 1748 405 1798 sobim
418 1752 516 1813 quatuor
529 1748 651 1799 relationes
667 1750 740 1799 reales
752 1748 777 1797 in
792 1749 852 1800 Deo.

169 1822 193 1868 t.
205 1820 331 1882 Praeterea,
343 1818 467 1870 relationes
477 1821 552 1871 reales
564 1818 707 1883 accipiuntur
716 1819 741 1869 in
754 1820 803 1870 beo
820 1821 948 1872 secundnm

136 1890 307 1955 processionem
324 1890 493 1955 intelligibilem
505 1890 583 1943 Verbi.
595 1892 641 1943 Sed
654 1890 778 1943 relationes
787 1892 952 1958 intelligibiles

137 1961 319 2026 multiplicantur
338 1962 364 2012 in
381 1961 513 2025 inlinitum,
525 1967 552 2013 nt
566 1963 683 2016 lacerna
698 1963 763 2013 dicit.
781 1964 845 2028 Ergo
857 1965 884 2017 in
907 1967 952 2015 lieo

137 2038 192 2095 gunt
200 2033 297 2085 infinita
311 2033 435 2085 relationes
446 2031 528 2085 reales.

171 2111 194 2156 3.
209 2108 336 2169 Preterea,
347 2105 404 2156 idem
418 2105 509 2156 suntin
522 2106 568 2156 beo
581 2103 610 2155 ab
622 2108 710 2157 eterno
717 2143 726 2170 ‚
740 2108 767 2156 nt
778 2106 849 2169 supra
863 2108 953 2159 dictum

138 2183 174 2229 est
184 2180 237 2244 (qu.
253 2184 292 2244 lb,
306 2182 350 2229 nrt.
360 2178 401 2244 t).
414 2180 467 2229 Non
477 2184 556 2230 autern
569 2178 741 2241 distinguuntur
750 2175 778 2229 ab
790 2178 899 2232 invicem
913 2181 954 2231 uisi

137 2252 265 2303 secundnm
280 2255 408 2317 respectum
427 2250 456 2301 ad
474 2264 527 2316 res,
542 2253 571 2301 nt
586 2250 655 2315 supra
671 2251 757 2301 dietum
776 2255 811 2301 est
825 2252 887 2319 (qu.
910 2258 956 2315 ib,

139 2326 184 2373 art.
197 2322 235 2379 tl.
250 2326 309 2389 Engo
323 2322 349 2373 in
368 2321 416 2375 ileo
430 2326 484 2375 sunt
501 2322 573 2373 multi
590 2324 667 2388 plumes
683 2323 807 2377 relationes
826 2326 936 2376 aterum

139 2468 181 2512 ubi
193 2468 265 2513 nectis
276 2476 301 2515 et
310 2467 440 2515 indumenti
455 2466 516 2530 (nive
528 2466 616 2519 ionico
631 2482 671 2521 και
685 2468 798 2541 ἐματίου,
812 2470 922 2518 amiciris
936 2480 958 2516 ea

139 2536 251 2599 restitns)
267 2542 398 2599 exemplum
414 2540 443 2586 ad
463 2539 486 2585 ld
506 2540 668 2586 insinuandum
680 2546 820 2600 usurpatur;
840 2546 868 2586 nt
884 2550 914 2588 et
931 2546 967 2593 ad}

140 2600 308 2647 ostendendum
319 2604 382 2660 qudd
396 2615 444 2648 non
456 2608 536 2648 tenent
550 2603 577 2648 in
591 2603 627 2648 bis
638 2605 790 2660 quaeratione
801 2604 967 2663 distinguunt-r

140 2668 186 2721 tnr,
199 2670 322 2721 usurpatur
331 2666 463 2722 enemplum
473 2666 517 2712 clm
529 2676 580 2722 quse
593 2678 640 2710 non
657 2666 740 2711 eadem
757 2668 787 2713 nb
800 2667 912 2717 Atbcnis
933 2672 967 2715 adi

138 2726 247 2783 Theben,
266 2732 290 2772 et
300 2727 315 2772 t
326 2728 411 2774 Thebis
428 2728 529 2775 vicissim
546 2728 576 2773 ed
590 2729 694 2775 menen
705 2730 818 2787 qrrnntbm
832 2729 860 2777 ad
877 2734 967 2783 ratio-r

139 2798 204 2843 nem,
219 2788 274 2834 licet
286 2789 368 2835 endem
379 2791 505 2838 secundina
515 2803 575 2836 rem.
966 2784 967 2869 l

173 2856 204 2919 (i)
217 2860 250 2904 ile
264 2859 384 2905 bisetium
398 2860 472 2923 inire,
486 2874 528 2919 qu.
541 2860 582 2922 30,
593 2866 638 2909 nrt.
654 2860 678 2923 1,
690 2863 714 2908 in
728 2873 808 2921 corpe
824 2868 847 2909 et
860 2870 919 2913 nrt.
940 2868 967 2911 Ξἰ

140 2926 192 2990 tum
203 2921 228 2965 in
241 2933 319 2981 corp,
333 2927 382 2968 tum
396 2924 425 2971 ati
438 2924 463 2969 2.
