1992 3342
361 213 391 252 nu
407 213 486 252 cansu
499 212 570 265 nnnc.
818 207 864 254 ooo

61 273 178 348 dicabioue
189 295 294 343 causatur
308 291 320 342 'a
334 291 418 342 uirtute
429 291 531 354 motiva,
545 291 586 341 sed
598 291 659 354 quod
673 293 709 342 εει
724 290 865 356 obliquitatis

62 370 86 419 in
102 381 130 417 eu
144 379 190 416 non
208 370 244 415 est
260 378 289 413 cu
307 363 387 412 virtute
403 363 501 424 uuotiva,
515 365 555 412 seul
570 377 599 412 en
614 364 726 417 curvitate
744 364 823 416 cnuuis.
836 366 866 418 ut

62 438 168 489 similiter
178 437 286 501 quicquid
301 439 337 486 cst
348 434 449 486 eutitalis
460 439 482 486 et
494 435 590 486 actionis
602 435 626 486 in
637 437 727 488 actione
738 439 811 500 ruala,
824 453 865 490 re-

62 512 154 562 ducitur
168 509 192 558 in
208 510 277 558 benni
296 507 356 557 sicut
368 507 393 556 in
410 520 515 570 cansam
531 508 571 556 sed
585 507 696 570 quoiast
712 508 745 560 ibi
762 509 866 563 delectis

62 597 109 634 nou
123 579 253 632 causatori
267 578 331 639 Deo,
348 579 387 628 sed
402 591 430 628 eu
443 591 510 632 cansa
528 581 626 630 secunda
641 579 770 632 deliciante.
828 579 831 584 ’

95 655 130 704 Id
141 653 233 703 tertium
243 651 377 708 dicendum,
392 649 452 714 qubd
463 650 589 702 submersio
602 651 669 701 nauis
686 652 815 703 attribuitur
827 667 866 705 ua·

64 731 120 776 turae
139 730 164 774 ut
177 737 264 784 carisa,
274 735 302 772 er
317 735 344 773 eo
358 719 417 786 qubd
432 735 476 772 nou
492 722 539 786 ugit
552 723 612 784 quod
627 716 750 786 rbquIritur
761 725 790 774 ad
805 727 866 776 salu-

62 802 110 848 tern
126 795 205 857 nauis3
217 793 258 844 secl
273 793 331 844 Dens
349 806 396 845 uon
409 791 485 843 deficit
500 794 528 843 ab
539 794 627 858 agendo
640 795 701 859 quod
714 800 749 846 εει
762 809 866 850 necessu·

62 870 123 919 riuuu
138 867 286 918 adsalutem.
302 865 365 916 lluule
380 879 422 915 nou
438 867 473 916 εει
487 865 570 916 similo.

355 983 519 1070 unurcnuos
534 1019 574 1068 uu.

95 1137 184 1186 ocrem
193 1137 225 1183 ιιι
234 1147 309 1181 uinum
319 1147 438 1182 nummum
448 1136 553 1242 mulum,
564 1135 627 1193 qnod
635 1135 668 1180 sit
677 1148 750 1183 cauco
763 1138 841 1184 omnic

432 1209 471 1241 mu
483 1209 500 1242 c.

97 1311 132 1364 bd
144 1308 235 1362 tertium
251 1307 285 1359 sic
296 1307 426 1372 proceditur
442 1305 481 1372 (1).
495 1306 589 1358 Videtur
601 1307 663 1372 qubd
677 1309 792 1361 clinnum
807 1324 868 1360 uum·

65 1398 129 1434 runnu
149 1381 232 1431 malum
248 1380 308 1444 quod
323 1380 354 1442 sit
372 1392 439 1438 ausa
454 1381 529 1428 omnis
545 1379 606 1429 muli.
621 1381 789 1433 Contrariorum
807 1382 869 1433 onim

66 1457 188 1508 effectuum
201 1451 319 1502 contraria
333 1455 386 1502 sunt
394 1463 466 1502 cause
476 1450 535 1514 (lib.
546 1449 575 1515 V,
585 1451 761 1509 politicorum,
772 1451 813 1503 lib.
827 1452 867 1516 8).

67 1528 111 1578 Sol
123 1529 148 1576 in
158 1524 225 1576 rebus
234 1521 348 1574 iuvenitur·
359 1513 516 1588 contrarietas3
527 1522 651 1574 secuudbm
659 1523 715 1574 illud
724 1524 804 1588 Εεει,
816 1537 867 1590 cap.

66 1597 162 1650 XXXIII
179 1614 213 1644 2«
225 1595 309 1646 Contra
322 1595 407 1644 malurn
420 1593 505 1644 bonum
519 1598 555 1645 εει
567 1598 590 1645 ει
604 1599 683 1645 contra
702 1596 772 1646 uitam
788 1610 868 1651 noto:

69 1670 102 1721 sio
110 1674 135 1720 et
143 1673 223 1720 contra
232 1665 305 1716 uiruur
311 1667 400 1730 justum
408 1671 523 1730 peccator.
533 1683 547 1713 n
556 1667 615 1730 Ergo
625 1671 680 1717 nunt
686 1668 799 1719 contraria
807 1669 871 1732 urin·

70 1741 137 1807 cipio,
156 1753 225 1792 nuum
243 1738 296 1788 boni
310 1743 334 1788 et
347 1738 408 1788 aliucl
422 1737 483 1788 uuuli.

100 1817 125 1864 t.
140 1812 264 1866 Praeterea,
280 1809 300 1860 si
313 1823 385 1860 unum
398 1808 559 1860 contrariorum
571 1814 606 1860 εει
618 1810 644 1860 in
657 1824 733 1875 rernm
742 1814 837 1875 nabun,
846 1815 871 1862 ot

70 1885 181 1948 reliquum
191 1921 197 1943 ‚
207 1885 232 1930 ut
245 1881 325 1932 dicitur
337 1881 361 1930 in
374 1881 404 1930 ll.
418 1879 450 1930 de
460 1881 527 1932 Coelo
540 1881 610 1946 (text.
627 1882 681 1947 to).
696 1884 742 1934 Sed
756 1897 870 1939 summurn

71 1955 154 2008 bonum
172 1957 207 2004 εει
222 1954 247 2002 iu
263 1966 337 2002 rerum
355 1957 446 2015 natura,
464 1955 525 2016 quod
538 1958 575 2004 est
587 1966 656 2004 cansa
671 1954 747 2006 omnis
760 1955 831 2015 boni,
846 1958 872 2004 ut

72 2040 139 2091 supra
151 2029 268 2076 ostensum
280 2028 315 2074 εει
322 2024 371 2089 (qu.
385 2024 408 2083 ol
424 2023 469 2088 (i).
479 2025 538 2089 Ergo
549 2028 584 2076 εει
595 2028 620 2075 ει
628 2039 741 2078 nummum
753 2025 871 2080 nuatumei

73 2097 202 2164 oppositum
216 2109 284 2144 nunna
297 2095 372 2145 omnis
386 2095 449 2146 mali.
885 2144 889 2150 .

104 2173 126 2218 1.
142 2169 269 2230 Praeterea,
280 2165 338 2216 sicut
346 2167 371 2216 iu
380 2168 447 2218 robus
457 2166 571 2218 iuvenitur
581 2167 673 2218 bonum
684 2170 709 2218 ot
719 2168 826 2229 melicos,
838 2170 871 2223 ita

73 2240 171 2290 molum
186 2242 208 2288 ει
219 2239 302 2303 pejus.
317 2238 362 2289 Sed
375 2237 465 2294 bonnm
480 2243 503 2288 et
517 2239 609 2289 uuolton
618 2239 724 2290 onnntn
733 2253 872 2307 porresneo-

73 2315 121 2361 tum
134 2310 301 2374 adoptimum:
314 2323 367 2372 ergo
380 2309 477 2360 malum
492 2312 517 2361 et
527 2310 602 2375 pejus
611 2310 717 2362 dicuntur
728 2325 771 2376 per
782 2327 874 2378 respec-

74 2388 121 2434 lum
136 2381 165 2436 ud
179 2381 270 2446 aliquoi
282 2396 395 2433 summum
407 2383 501 2432 malum.

106 2459 129 2506 ι.
146 2455 273 2518 Praeteroe,
286 2467 352 2505 omne
364 2455 424 2518 quod
435 2459 471 2506 est
481 2468 522 2518 per
535 2455 744 2527 participationem,
759 2457 873 2508 reducitur

107 2571 140 2638 (1)
153 2575 186 2619 lie
199 2573 316 2619 bisetium
330 2574 354 2618 in
365 2573 389 2618 2.
405 2573 434 2630 2,
447 2579 529 2630 quest.
544 2573 603 2633 iii,
621 2579 665 2619 art.
679 2573 707 2628 ὃς
719 2581 743 2621 ει
754 2575 784 2634 Π,
795 2575 872 2634 Sent,

75 2637 177 2684 littinut.
189 2637 212 2696 1,
223 2641 305 2693 quast.
317 2636 340 2696 1,
351 2643 394 2682 art.
410 2634 434 2693 t,
444 2637 472 2682 ud
482 2635 510 2688 ις
523 2641 549 2681 ut
560 2643 584 2682 ut
596 2637 649 2682 dist.
662 2636 702 2693 oo,
714 2644 757 2683 art.
769 2634 792 2691 3,
808 2640 835 2683 ud
848 2638 871 2692 ις

76 2707 101 2747 ει
116 2700 206 2745 Contra
221 2700 302 2750 Geni„
310 2699 353 2744 lib.
366 2699 395 2759 3,
407 2711 460 2756 cup.
472 2699 503 2742 13
511 2707 535 2744 ει
543 2698 586 2754 15;
602 2705 626 2746 ot
639 2713 680 2758 qu.
692 2702 717 2760 a,
731 2701 759 2746 do
773 2707 872 2758 potent.¹

78 2769 121 2809 art.
135 2761 165 2814 o;
181 2768 204 2806 ct
217 2763 305 2820 Opncc.
319 2760 358 2822 15,
374 2775 427 2820 cap.
444 2761 482 2806 16.

111 2831 143 2896 (Ξ)
156 2833 201 2879 Ubi
213 2839 255 2878 art.
269 2833 417 2890 innobatum
431 2839 466 2879 εει
478 2833 553 2892 quod,
566 2835 620 2894 quia
631 2837 693 2884 oens
703 2841 740 2884 εει
750 2838 874 2894 cujuslibet

78 2897 189 2942 bonitatis
204 2896 347 2952 participatur
361 2909 446 2956 causa,
466 2895 536 2944 debet
553 2898 624 2944 etlam
640 2911 692 2949 εεεε
706 2912 821 2947 summurn
834 2901 875 2952 loo·

79 2960 168 3005 nomin
181 2971 227 3016 quo
237 2958 331 3005 bonitas
341 2960 481 3006 excellenter
495 2959 629 3009 Inveniemus
637 2975 684 3020 pre
697 2965 797 3010 centoris.

740 3057 784 3110 Μ’
