1992 3342
375 248 406 285 os
423 249 530 288 sensnm
547 252 595 289 om.
839 254 885 298 25⁵
983 288 984 291 η

110 332 135 376 s,
151 327 281 385 merea,
295 322 404 387 qnoquit
413 329 489 387 potest
499 326 561 377 bour
570 328 662 393 faeere,
673 335 748 395 potest
757 332 816 385 seire
828 350 833 384 τ
845 340 884 387 sel
983 372 984 375 η

79 400 141 449 bens
153 398 233 460 potest
241 395 308 459 plura
321 395 396 445 lasere
407 394 476 459 quim
488 397 559 447 laetat
571 415 576 447 :
591 412 645 463 erpo
660 404 736 464 potest
748 405 815 467 plura
828 408 885 459 scire

76 466 146 533 quim
158 467 228 519 soist.
247 468 277 517 Et
290 466 323 516 sie
337 466 432 517 seientia
444 482 485 519 sua
502 473 578 533 potest
592 472 676 522 uariari
693 476 818 527 seeundum
829 492 885 542 aug·

75 546 182 592 mentum
194 542 220 591 et
232 538 415 589 dininubonm

107 618 131 664 3,
146 614 281 673 Praeterea,
293 610 355 659 bens
365 610 552 662 seiuitssbristum
564 613 720 679 naseiturum
735 623 884 672 runcantem

73 685 147 736 Μ
157 683 277 735 cbristrm
287 681 437 746 naseiturum,
445 683 500 747 quia
511 684 613 735 Christus
626 686 756 738 nasnturus
768 702 815 740 non
828 695 862 741 est
876 708 882 741 :

73 768 127 818 ergo
133 752 311 877 ffioquid
323 754 384 802 lleus
396 752 476 817 seivit,
487 754 541 804 seit.
550 755 619 805 Etita
629 756 727 807 solertia
741 759 781 809 llei
794 760 884 813 ridetur

73 839 122 877 eme
260 861 267 873 .

102 898 150 949 Sed
160 899 245 948 eontra
257 898 307 956 est,
318 895 378 957 quod
388 894 471 945 dieitur
483 898 539 945 loc.
552 897 575 959 l,
586 896 670 960 qubd«
681 899 742 963 apud
755 900 882 951 brunnon

72 976 105 1020 est
115 966 295 1031 transmutatio,
311 978 386 1029 neque
396 965 560 1017 vicissitudinis
573 969 717 1020 obumbratio
728 969 770 1035 (l).
786 988 800 1018 n

104 1040 269 1104 (iosausro.
278 1060 310 1073 —
319 1035 422 1087 Mentis
433 1036 476 1087 llei
488 1036 541 1087 eirm
559 1052 606 1088 nnn
621 1037 772 1103 distinguatur
786 1042 815 1092 sb
832 1042 882 1105 ipsa

75 1109 126 1172 ejus
135 1107 276 1160 immutabili
288 1106 433 1171 substantia,
446 1107 564 1159 variabilis
574 1110 637 1160 nullo
650 1112 718 1161 modo
733 1111 788 1175 est.)

107 1181 244 1245 limpouieo
255 1178 394 1241 nitendum,
409 1177 470 1241 quoti
484 1192 537 1229 eum
550 1179 646 1229 seientia
656 1181 697 1230 liei
715 1181 745 1231 sit
763 1182 814 1245 ejus
828 1183 883 1233 sub—

76 1252 169 1315 snum,
182 1256 211 1303 ut
223 1265 256 1302 en
272 1249 340 1299 lictis
353 1253 432 1314 patet3
446 1250 505 1300 sient
522 1250 649 1301 substantio
669 1251 720 1315 ejus
741 1256 775 1303 est
787 1252 881 1303 omnino

71 1322 239 1387 immutabilis,
252 1324 281 1371 nt
299 1334 369 1385 supra
385 1324 503 1373 ostensum
519 1326 554 1372 est
574 1338 580 1370 ι
601 1321 635 1371 ita
654 1326 745 1385 oportet
763 1322 880 1374 seientiam

70 1393 119 1457 eins
130 1395 230 1445 omnino
241 1391 404 1443 invariabilem
415 1404 473 1443 esse.

100 1466 134 1515 tr
145 1466 251 1531 pr'nnnm
261 1476 319 1525 ergo
331 1462 467 1525 (licendum,
481 1462 542 1527 quid
556 1467 678 1513 llumr’nus
691 1467 716 1513 et
729 1468 843 1521 crentur,
858 1470 882 1515 et

69 1537 201 1600 bujnsrmrli
217 1536 347 1599 important
363 1534 488 1585 relationes
503 1535 531 1585 et
544 1538 661 1585 creaturas
679 1534 804 1585 semustum
820 1535 882 1599 putu

67 1606 92 1656 in
110 1608 195 1673 seipsis
208 1610 274 1657 sunt.
289 1606 335 1657 Sei
347 1604 444 1655 seientia
454 1605 496 1655 bei
505 1605 614 1669 importat
627 1604 763 1656 relationem
775 1606 804 1656 ad
818 1620 881 1657 erea-

67 1685 145 1743 turas,
157 1679 289 1729 seeundum
304 1675 365 1741 qubtl
385 1681 438 1726 suut
452 1676 477 1726 in
498 1678 560 1740 lle03
578 1677 632 1741 quia
645 1678 773 1728 seeundum
786 1679 831 1729 boe
845 1684 881 1729 est

68 1750 251 1814 unnnqnonque
261 1747 406 1797 intelteetum
414 1746 513 1809 maele,
524 1748 648 1799 meandum
657 1747 718 1811 qubd
730 1753 765 1799 est
776 1748 801 1798 in
811 1748 880 1799 intel-

66 1819 161 1883 ligente.
185 1822 236 1870 lies
255 1822 334 1868 autem
358 1822 441 1869 oreste
464 1823 518 1868 sunt
538 1818 563 1867 in
584 1820 632 1872 beo
653 1819 834 1883 invariabiliter,
854 1820 879 1871 in

66 1894 146 1957 seipsis
157 1896 241 1943 autern
248 1888 400 1940 sanabiliter.
411 1890 455 1939 Vel
463 1889 530 1940 aliter
539 1890 662 1945 dicendum
673 1895 709 1940 est
716 1889 780 1953 qubd
793 1893 880 1941 Domi-

66 1978 114 2013 nus
134 1969 159 2015 et
179 1967 305 2017 creator,
322 1964 348 2011 et
368 1960 503 2023 hujusmodi
518 1961 644 2025 important
669 1961 805 2022 relationes,
827 1975 878 2023 qum

65 2038 241 2101 mnseqnuutur
253 2037 334 2095 attus,
347 2031 388 2095 qui
397 2031 557 2097 intelliguntur
568 2031 688 2083 terminari
701 2031 806 2093 atipsas
816 2044 880 2081 eren-

66 2112 128 2158 tnras
143 2106 276 2158 seeundum
293 2103 357 2167 qubd
368 2102 394 2152 in
412 2102 494 2165 seipsis
512 2106 566 2153 sunt
578 2100 628 2168 (t),
641 2105 665 2151 et
681 2102 734 2151 ideo
748 2101 879 2165 hujusmodi

98 2257 131 2319 (i)
147 2260 187 2304 Ex
201 2266 278 2315 μου
290 2255 389 2322 τροπῆς.
405 2253 475 2308 (iuius
488 2248 561 2308 primi
570 2249 648 2298 litteri
659 2249 814 2308 praetermissi
827 2254 879 2309 qui-

66 2329 119 2375 tlam
138 2330 248 2387 legentes
267 2326 341 2394 ρὸπης
361 2322 511 2369 reddiderunt
530 2325 566 2369 vel
585 2323 742 2381 explicarunt,
763 2325 878 2369 momenti

67 2397 302 2453 menbruts'orqnusi
309 2401 419 2440 naturum
426 2395 499 2451 ipsam
506 2394 548 2439 Ilei
556 2406 599 2439 nee
607 2395 786 2442 admonentem
796 2395 878 2439 obum-

67 2464 133 2508 brare
141 2463 180 2507 vel
189 2462 317 2507 immutare
326 2458 454 2514 quidquam
461 2456 545 2512 possit.
558 2456 621 2509 Quod
632 2458 655 2501 in
665 2456 771 2503 eumdem
783 2469 876 2501 sensum

67 2526 135 2583 redit,
145 2524 256 2581 quamvis
272 2521 381 2577 Vulgata
395 2526 479 2563 sensus
494 2520 624 2575 expressior
638 2519 728 2564 videtur
739 2526 764 2575 et
776 2518 875 2575 plenior.

98 2594 128 2655 (ἰ)
143 2596 203 2649 Quia
218 2594 258 2639 vel
275 2590 363 2647 aliquid
378 2590 463 2634 inillis
478 2596 580 2645 ponunt,
599 2594 624 2635 ut
641 2589 751 2641 Creontem
766 2590 802 2633 vel
818 2598 878 2643 prte-

68 2664 212 2716 supponunt,
225 2662 254 2701 ut
270 2654 401 2699 boninus.
414 2654 525 2696 (ineantur
538 2652 600 2697 enim
613 2657 639 2695 nt
652 2652 698 2696 sint
711 2651 734 2695 in
747 2650 841 2706 seipsis;
853 2654 876 2693 et

70 2722 222 2774 gubernantur
239 2716 333 2763 tanturn
347 2715 473 2772 postquam
491 2720 544 2758 sunt
563 2715 587 2758 in
608 2713 690 2769 seipsis
705 2711 874 2769 peractionem

71 2788 237 2838 transeuntem,
250 2786 278 2824 ut
296 2777 411 2835 appellari
430 2776 503 2829 solet;
517 2776 620 2820 sciuntur
635 2781 712 2819 autern
728 2781 752 2819 et
770 2777 876 2818 amantur

73 2847 235 2895 peractionem
253 2843 440 2890 immanentem,
454 2850 505 2894 (111oe
517 2838 641 2883 seeundum
657 2849 681 2882 se
697 2848 740 2881 nee
755 2834 839 2891 aliquid
851 2834 874 2875 in

74 2904 114 2949 '¹⁴5³
126 2908 200 2967 prun,
214 2918 260 2952 nec
280 2903 409 2961 supponit,
425 2900 480 2944 lietu
496 2912 561 2945 amor
577 2913 605 2945 ex
622 2898 774 2955 consequenti
790 2894 874 2949 aliquid

70 2977 143 3020 ponat.
