1992 3342
127 208 173 254 lit
345 215 407 253 rens
419 216 438 264 1,
452 216 543 260 comer.
559 217 588 264 r,
605 214 658 253 nnn.
674 217 709 253 nv.

157 298 181 342 ἱ.
197 292 324 354 macena,
338 291 463 341 secundum
476 290 639 355 Philosophum
651 290 676 339 in
689 290 728 353 lV,
743 290 855 357 rupere„
867 308 940 345 nunc·

126 363 237 427 temporis
249 366 327 413 menet
336 362 397 412 idem
409 362 492 412 inloto
504 362 670 425 temperetur
683 362 728 411 hoc
741 362 833 413 uidetur
845 366 935 415 consti-
981 366 990 457 nl

124 441 190 486 tuere
209 434 321 485 rationem
339 433 488 497 aternitatis,
503 434 564 497 quod
586 433 616 483 sit
635 432 697 483 idem
719 432 892 485 indivisibiliter
910 451 935 487 se

125 507 214 555 babens
229 505 255 555 in
275 509 324 556 toto
343 506 442 556 decursu
463 504 580 570 temporis.
604 504 663 565 Ergo
681 504 798 555 eternitas
817 509 853 555 est
871 521 937 557 nunc

130 576 247 640 temporis.
258 578 303 628 Sed
311 591 373 627 nnnc
381 576 490 641 temporis
503 588 550 626 non
563 579 598 627 cst
610 575 672 625 alind
688 576 814 625 secundnm
828 578 938 629 substan

126 648 182 697 tiam
192 648 207 698 d
218 653 330 713 tempure.
344 650 403 711 Ergo
422 649 537 699 nbi-nitas
550 660 596 698 non
614 650 649 697 est
666 646 728 697 uliud
741 648 865 697 secumdum
882 652 939 701 sub-

129 720 239 770 stantiam
250 720 264 770 d
274 724 383 785 tempore,

160 796 183 840 3.
198 793 325 855 Praeterca,
344 792 404 841 sicut
415 802 521 841 memma
537 789 606 854 primi
618 792 693 839 molus
704 792 742 839 est
758 800 864 841 mensura
885 804 938 842 om-

129 862 192 911 nium
213 866 330 924 minum,
351 866 377 911 ut
397 862 481 912 dicitnr
501 860 525 910 in
544 862 586 925 lv,
607 860 706 925 Pipric.
722 859 769 925 (l),
789 859 822 909 ita
840 859 939 914 videtur

129 931 190 994 qubd
202 945 309 982 memma
321 928 390 995 primi
402 946 467 995 esse,
480 932 511 983 sit
523 944 630 982 mensura
643 931 717 982 omnis
733 944 791 981 esse.
807 930 853 979 Sed
865 936 938 984 aeter-

129 1002 189 1056 nitas
210 1006 245 1052 cst
257 1016 363 1053 mensura
376 1003 445 1067 primi
466 1017 530 1060 esse,
554 1005 614 1067 qued
631 1006 666 1054 cst
679 1016 728 1054 esse
742 1002 852 1053 dirinm.
873 1004 938 1068 Ergo
987 1034 988 1037 =

129 1072 246 1122 aeternitas
263 1078 298 1122 est
311 1086 419 1123 mensura
433 1075 510 1125 omnis
526 1088 585 1125 esse.
604 1074 651 1125 Sed
668 1086 718 1125 esse
731 1087 807 1125 rerum
819 1077 941 1139 corrupti-

128 1142 208 1192 bilium
223 1147 366 1193 mensuratur
380 1148 491 1209 tempore.
513 1147 572 1209 Ergo
592 1149 681 1209 tempus
694 1148 730 1195 est
747 1145 785 1195 nel
801 1144 938 1211 cucumim,

128 1213 166 1263 vel
178 1214 263 1277 aliquid
275 1215 416 1266 eternitatis.

159 1284 205 1335 Sed
217 1291 297 1336 contra
308 1290 356 1349 est,
367 1287 428 1351 qudi
442 1288 557 1339 eternitas
574 1292 609 1338 est
622 1291 670 1338 tota
688 1286 763 1337 simul.
783 1287 809 1335 ln
826 1290 938 1352 tempore

128 1360 205 1406 antem
217 1361 253 1407 est
263 1357 327 1422 prins
344 1361 369 1408 ct
387 1359 508 1423 posterius.
529 1361 589 1422 Ergo
610 1363 699 1423 tempus
716 1362 740 1409 et
753 1358 871 1412 eternitas
887 1374 938 1411 nou

126 1431 180 1477 sunt
191 1427 261 1477 idem.

158 1498 318 1562 (donauero.
334 1526 365 1537 -
378 1500 459 1551 ilitiert
470 1501 586 1553 aeternitas
602 1501 615 1551 d
631 1505 749 1565 tempore,
769 1498 830 1563 qnbd
848 1512 878 1550 ea
900 1506 938 1552 est

126 1571 174 1617 tota
189 1570 272 1633 simul,
293 1575 383 1635 tempus
398 1585 454 1621 nero
467 1572 622 1622 successivum
635 1576 684 1634 est3
699 1584 745 1621 non
766 1572 843 1619 numm
863 1570 938 1622 dille-

127 1642 180 1686 runt
193 1639 254 1701 qndd
264 1641 378 1691 eternitas
388 1641 502 1707 principio
516 1646 540 1693 et
552 1644 598 1692 fine
611 1646 696 1704 cerem,
707 1640 861 1705 tempusverd
871 1656 935 1706 non,

126 1708 172 1757 nisi
196 1711 272 1771 quoad
292 1716 436 1776 mensurata,
453 1712 491 1761 uel
513 1713 538 1763 in
559 1712 661 1777 potentia
678 1711 826 1774 intelligendo
847 1724 877 1761 ea
903 1715 939 1764 sic

126 1779 226 1831 misene.

159 1852 295 1917 Respondeo
305 1853 436 1916 dicendum,
445 1853 507 1917 qubd
520 1854 666 1905 manifestum
676 1856 711 1903 est
725 1855 816 1917 tempus
829 1857 854 1904 et
865 1860 941 1907 aeter-

129 1922 223 1972 nitatem
237 1938 284 1974 son
296 1938 347 1975 csse
354 1924 424 1975 idem.
433 1925 480 1975 Sed
487 1925 558 1989 liujus
569 1924 706 1975 diversitatis
718 1924 831 1974 rationem
840 1924 939 1991 quidam

128 1994 300 2058 assignaverunt
318 2008 347 2046 ex
359 1997 404 2046 boc
416 1994 476 2060 qubd
488 1994 606 2046 eternitas
619 1998 682 2045 caret
697 1994 809 2059 principie
829 2000 854 2045 et
867 1996 919 2049 line
932 2037 940 2063 ,

127 2069 219 2131 tempus
231 2071 308 2117 autem
320 2068 390 2117 babet
402 2066 541 2131 principium
555 2070 578 2117 et
593 2066 671 2117 linem.
683 2066 728 2116 Sed
743 2068 794 2116 haec
811 2070 847 2117 est
866 2068 941 2121 diffc-

127 2138 201 2188 rentia
213 2150 256 2202 per
272 2138 392 2201 accidens,
406 2141 429 2188 et
443 2151 490 2187 non
507 2151 548 2203 per
562 2152 586 2191 sc
602 2154 607 2186 :
626 2138 679 2202 quia
694 2138 747 2187 dato
762 2138 823 2201 prod
841 2142 942 2205 tempus

127 2222 217 2273 semper
234 2209 318 2272 tuerit,
336 2213 359 2259 et
375 2222 465 2273 semper
477 2208 580 2259 futurum
593 2208 635 2272 sit,
654 2208 778 2259 secundun
790 2208 940 2273 positionem

126 2293 205 2331 eorum
218 2279 258 2342 qui
271 2282 355 2330 motum
368 2280 420 2330 coeli
430 2281 519 2344 ponunt
527 2280 703 2344 sempiternum,
715 2278 790 2329 adhuc
803 2282 941 2333 remanebit

126 2350 254 2401 differentia
266 2350 327 2401 inter
339 2351 488 2401 aeternitalem
506 2354 530 2401 et
547 2356 651 2417 tempus,
667 2353 692 2399 ul
713 2348 768 2399 dicit
788 2350 886 2403 Boetius
910 2356 938 2403 iu

160 2521 191 2582 (1)
213 2523 330 2580 Colligitur
348 2536 377 2568 ex
395 2529 453 2569 text.
473 2521 532 2583 1³³,
551 2525 591 2569 nbi
606 2524 679 2581 prime
696 2535 805 2569 mensura
821 2536 941 2581 quonim-

126 2595 185 2639 libet
197 2600 301 2639 motuum
321 2594 449 2652 assignatur
465 2594 584 2639 circulatio
595 2592 736 2654 κυκλοφορια
753 2606 795 2639 scu
814 2595 944 2643 circularis

129 2662 218 2715 motus,
238 2668 285 2712 qno
304 2657 390 2702 mobile
410 2657 435 2701 in
455 2668 536 2713 gyrum
556 2656 728 2716 circumfertur,
748 2662 772 2701 et
793 2658 825 2702 ab
851 2659 948 2705 eonem

128 2725 215 2774 puncto
225 2719 249 2763 in
263 2719 323 2764 idem
334 2724 445 2776 punctum
460 2718 534 2771 redit;
551 2730 578 2763 ac
599 2725 722 2775 propterea
740 2722 832 2774 tempus
850 2720 944 2767 dieitur

128 2802 179 2835 esse
190 2791 292 2847 rpdoeroe
299 2795 377 2836 metue
391 2778 399 2850 (
411 2795 513 2847 σφαιρας
531 2778 637 2849 κίνησις),
650 2792 709 2848 peric
720 2796 824 2847 tempore
835 2803 944 2839 messo-

130 2858 222 2898 rentur
236 2854 283 2898 atii
296 2856 384 2902 meter,
393 2856 416 2897 et
425 2853 508 2907 iprum
518 2854 610 2909 tempor
619 2857 684 2899 moto
696 2852 813 2909 spicere,
828 2866 882 2910 que
896 2868 948 2913 per

130 2916 289 2962 excellentiam
301 2915 436 2971 intelligitur
445 2913 543 2968 primum
557 2914 647 2960 coelum.
