1992 3342
145 234 190 281 tet
335 245 397 281 rues
411 246 433 294 r,
451 245 542 290 eumer.
560 246 643 296 nvn,
658 248 712 284 arr.
730 248 756 284 u.

144 320 205 370 riuis
226 321 340 386 procedit,
357 326 392 371 est
409 323 542 387 generatio,
557 336 603 375 non
616 323 709 387 quidem
729 325 893 391 communiter,
906 326 933 379 sel

144 393 236 458 proprie
254 407 306 457 que
317 393 382 456 origo
394 393 496 444 uirentis
511 394 524 444 i
537 394 650 460 principio
667 395 761 447 vivente
779 396 900 461 coujurncto
910 412 933 449 se-

143 466 241 514 cundum
254 464 426 515 similitudinem
438 466 541 529 ejusdem
552 470 639 517 nature
657 471 701 517 est.
713 466 722 531 )

177 538 314 601 despondeo
328 538 448 587 dicendum
459 537 520 601 quod
529 539 642 603 processio
651 538 720 589 Verrii
731 538 756 589 in
770 539 853 591 diuinis
866 542 933 592 dicitur

141 610 267 670 generatio.
286 612 319 659 lid
338 610 403 673 cnjus
422 610 561 661 evidentiam
580 611 698 661 sciendum
720 614 755 661 est
775 611 836 675 quiid
856 614 933 664 nominc

141 680 298 742 generationis
317 681 437 745 dupliciter
460 681 546 731 utimur
568 696 636 733 :uno
657 683 723 733 modo
745 684 898 735 communiter
915 684 932 733 al

143 751 220 801 omnia
235 753 373 815 generabilia
384 757 408 803 et
418 752 589 818 corruptibilia,
604 758 627 803 et
640 754 673 805 sic
685 752 804 816 generatio
819 755 876 805 nilril
891 756 935 806 aliud

141 827 177 873 cst
190 824 258 889 qur'am
271 826 368 875 mutatio
377 827 405 876 de
419 840 467 875 raon
481 840 535 875 esse
548 828 576 877 ad
589 828 655 883 esem·
668 826 713 877 elio
730 827 798 877 modo
818 829 934 893 propridiu

144 895 275 947 niventibus
281 935 289 960 ,
303 902 327 948 et
339 898 372 947 sic
384 897 499 961 generatio
510 898 625 961 significat
634 897 745 961 originem
758 896 854 963 alicujus
868 902 935 950 vireu·

145 967 176 1017 tis
189 968 203 1017 d
215 969 328 1034 principio
340 970 432 1021 uiuente
446 970 587 1034 conjuncto,
600 974 623 1021 et
637 973 688 1033 haec
701 969 793 1035 proprii
808 970 892 1022 dicitur
909 986 936 1021 ua·

145 1039 231 1091 tivitas.
246 1043 297 1092 Non
308 1048 385 1093 tamen
395 1056 463 1092 omne
475 1042 606 1106 hujusmodi
616 1042 698 1092 dicitur
710 1044 835 1107 percitum,
848 1046 889 1095 sed
898 1058 935 1109 pru·

145 1111 195 1175 prid
205 1114 265 1177 quod
273 1114 376 1177 procedit
383 1115 509 1164 secundum
521 1114 635 1165 rationem
647 1113 815 1164 similitudinis:
824 1116 885 1166 uude
893 1117 937 1180 pilu

146 1185 183 1233 vel
198 1185 295 1248 capillus
305 1198 351 1235 non
361 1186 431 1235 hebet
444 1186 556 1236 rationem
568 1184 639 1247 geniti
651 1190 673 1235 et
690 1186 740 1249 iulii,
751 1186 792 1236 sed
805 1187 878 1237 solium
893 1186 937 1251 quil

146 1256 249 1318 procedit
268 1256 395 1307 secundnm
410 1257 522 1308 rationem
537 1256 709 1321 similitudinis;
724 1272 771 1325 non
788 1258 937 1322 cujuscumque

146 1326 155 1391 (
167 1341 219 1377 narn
231 1342 323 1379 vermes
334 1329 375 1393 qui
387 1332 526 1391 generantur
539 1344 568 1380 er
578 1330 722 1392 animalibus,
730 1342 777 1379 nou
787 1330 875 1380 habent
884 1330 939 1380 ratio

146 1413 200 1449 nem
216 1401 370 1464 generationis
388 1405 412 1452 et
425 1400 557 1465 filiationis,
573 1400 626 1452 licet
643 1401 672 1451 sit
686 1401 811 1451 similitudo
826 1403 938 1453 secundin

147 1473 240 1537 genus),
251 1474 292 1525 sed
301 1473 424 1538 requiritur
432 1474 461 1522 ad
472 1473 584 1523 rationem
595 1474 646 1524 talis
653 1472 818 1537 generationis,
830 1473 890 1538 quod
899 1486 940 1537 pro

145 1545 212 1596 cedat
226 1544 351 1595 secundirm
359 1544 471 1596 rationem
482 1544 637 1595 similitudinis
647 1543 672 1594 in
689 1548 770 1595 nature
784 1545 889 1608 ejusdem
899 1558 941 1607 spe

143 1614 204 1679 ciei3
220 1616 280 1667 sicut
294 1618 363 1667 lnomo
377 1616 479 1680 procedit
494 1616 523 1666 olo
537 1616 645 1679 homine,
660 1620 683 1666 et
696 1630 770 1681 equus
784 1617 812 1667 eh
826 1630 894 1681 equo.

176 1688 204 1737 in
218 1688 350 1737 uirentibus
364 1689 434 1751 igitur
451 1702 503 1751 qum
518 1688 546 1739 de
563 1688 664 1752 potentin
678 1688 703 1737 in
716 1691 792 1737 actuum
804 1688 857 1737 rite
871 1702 944 1751 proce·

146 1760 212 1822 dunt,
227 1759 287 1809 sicut
301 1763 354 1810 sunt
368 1761 473 1811 homines
484 1763 508 1810 et
517 1760 640 1823 animalia,
656 1759 773 1823 generatio
783 1764 901 1823 utramque
912 1774 944 1820 ge

147 1830 287 1881 nerationem
305 1830 414 1895 inchrdit3
431 1832 451 1882 si
467 1835 544 1881 eutem
563 1830 593 1881 sit
612 1831 702 1896 adqnod
724 1831 804 1881 vivens
819 1832 886 1896 cnjus
904 1832 945 1878 uita

147 1916 194 1953 non
207 1907 274 1953 exeat
292 1904 320 1953 de
330 1904 434 1967 potentia
447 1904 472 1953 in
487 1907 577 1967 actum,
595 1902 709 1967 processio
720 1902 757 1965 (si
771 1916 814 1967 qna
829 1903 853 1951 in
862 1903 907 1951 tali
917 1902 946 1948 ri·

147 1979 217 2026 rente
227 1974 358 2040 invenitur)
371 1974 469 2026 excludit
482 1974 578 2037 omnino
587 1974 684 2040 primam
699 1974 811 2025 rationem
822 1973 945 2036 generatie

148 2048 198 2111 nis,
210 2049 250 2099 sed
264 2051 341 2112 potest
353 2049 438 2098 hebere
449 2048 563 2098 rationem
575 2046 800 2111 generationisque
814 2049 847 2096 est
857 2044 947 2109 propriu

147 2119 283 2170 uiuentium.
297 2119 337 2169 Sic
346 2119 416 2183 igitur
425 2118 541 2183 processio
554 2118 623 2169 Verbi
632 2118 656 2168 in
666 2118 750 2169 divinis
758 2120 828 2169 habet
838 2116 947 2167 rationem

149 2192 318 2253 generationis:
330 2191 504 2255 proocditenim
519 2204 564 2255 per
574 2190 664 2240 modum
678 2190 830 2253 intelligibilis
840 2187 946 2237 actionis.

149 2277 199 2325 quae
214 2267 249 2312 est
261 2264 364 2327 operatio
376 2262 446 2326 uitm3
457 2265 480 2313 et
490 2262 504 2313 t
514 2261 627 2327 principio
642 2262 766 2325 conjuncto
772 2300 780 2325 ‚
792 2265 817 2311 ut
825 2258 894 2323 supr'a
903 2260 949 2321 jen

149 2334 287 2398 dictumest3
296 2339 321 2385 et
331 2334 454 2385 secundom
465 2333 751 2398 rationemsimilitudinis,
763 2334 817 2399 quie
832 2329 949 2393 conceptio

147 2404 277 2456 intellectis
296 2411 332 2457 cst
344 2406 467 2457 similitudo
481 2407 515 2457 rei
528 2407 663 2469 inteileetae3
680 2409 703 2457 et
718 2406 743 2455 in
760 2408 839 2457 eadem
854 2408 951 2453 natura.

148 2476 200 2539 quia
211 2476 237 2525 in
252 2478 299 2529 lieo
314 2479 375 2529 idem
390 2483 424 2529 est
439 2479 582 2543 intelligere
595 2482 617 2529 et
633 2494 699 2542 esse,
713 2474 821 2543 utsupra
835 2478 952 2527 ostensum

148 2552 184 2597 est
196 2549 247 2614 (qu.
264 2555 287 2613 3,
298 2556 341 2601 ert.
354 2555 377 2615 1,
386 2556 410 2601 et
422 2567 460 2616 qu.
476 2555 515 2613 ut,
531 2556 574 2601 art.
587 2556 600 2601 t
611 2550 628 2615 i.
643 2552 707 2602 Unde
719 2550 835 2615 processio
847 2544 951 2595 verbim

148 2618 231 2670 divinis
242 2621 328 2677 dieitur,
335 2625 482 2687 generatio,
493 2627 517 2675 et
527 2623 602 2689 ipsum
615 2624 715 2687 ilerlrnm
726 2623 853 2687 procedens
866 2616 951 2667 dicituu

180 2708 231 2742 uus.

148 2692 213 2813 filld
230 2765 329 2828 primum
342 2748 396 2830 ergo
416 2768 552 2825 dicendum,
566 2767 626 2832 qudd
641 2767 741 2831 objectio
751 2767 792 2817 illa
807 2759 914 2830 procedit
926 2760 960 2879 d]

148 2836 295 2897 generatione
314 2840 438 2889 secunddm
449 2840 560 2891 rationem
575 2840 687 2904 primam,
702 2844 771 2905 prout
781 2836 886 2911 importet
902 2844 960 2887 ΕΜ,

148 2910 196 2954 tum
212 2906 240 2956 de
253 2908 355 2969 potentia
368 2910 394 2959 in
408 2916 498 2975 eetnm3
511 2916 535 2962 et
544 2911 578 2962 sic
590 2926 638 2965 non
653 2912 770 2964 inuenitur
780 2911 803 2961 in
814 2906 918 2965 diune,
934 2918 948 2949 ι.

151 2975 219 3039 'apri
232 2976 317 3027 dictum
333 2981 376 3030 est.
