1992 3342
131 211 178 260 tto
342 221 403 260 mn
419 221 442 271 r,
458 221 551 268 onmes
566 220 611 272 nr,
626 221 681 260 ner.
696 221 724 259 rr.

129 299 170 350 ned
182 297 239 364 quie
251 297 290 348 illn
304 297 427 349 similltodo
440 301 476 349 esi
493 299 566 350 torma
581 298 641 363 eins.
656 299 719 348 ldem
733 301 769 348 eet
779 301 857 349 entem
872 299 933 364 qnod

129 370 230 422 dicitnr:
246 369 296 419 nlo
307 369 403 434 mque
416 373 470 420 sunt
487 370 539 421 sine
556 370 666 434 materie,
678 370 742 422 idem
756 374 792 420 est
807 371 935 422 intellectus
986 372 988 425 i

130 445 156 492 et
164 441 225 505 qood
237 441 378 505 intelligitur,
388 458 402 488 n
412 455 440 492 en
451 441 470 492 si
484 442 599 493 dioeretnr
610 441 670 506 qndd
682 457 697 489 o
707 441 840 492 intellectos
849 441 932 493 inesto
986 436 988 523 ζ

130 515 167 564 est
180 513 318 564 intellnetnm
332 514 356 564 in
370 517 431 564 ectr.
442 531 456 560 »
466 515 502 564 Er
515 517 560 565 lror
569 515 631 565 eoin
641 513 726 578 aliquid
742 518 779 565 est
791 514 934 566 intellectum
986 536 987 539 ¹

131 583 156 635 in
169 589 235 648 eoin,
250 583 310 648 quon
320 589 357 635 ent
368 585 527 636 immeteriele.

164 658 196 708 dd
206 657 296 706 tertinm
310 657 440 722 dicendum,
449 657 511 722 ondd
520 671 548 708 ee
558 671 609 722 qne
620 661 672 708 snrrt
680 656 741 708 inira
752 659 864 722 angelum
877 662 902 709 et
913 672 937 709 en

130 741 183 792 qne
200 732 253 778 sont
265 741 331 792 snpra
343 729 432 793 issum,
447 735 499 779 sont
513 730 680 794 moerendo
691 729 716 778 in
728 730 861 781 substantia
873 733 937 797 ejus,

132 812 177 850 non
197 800 290 863 quidem
309 801 425 863 pertenit,
442 811 516 865 nenne
536 799 659 852 murdim
677 801 793 865 propriam
810 801 935 866 rationem,

132 869 185 921 olm
196 871 270 934 angeli
287 873 387 924 essentie
400 873 477 938 (inite
494 873 609 937 existens)
622 872 746 923 seeundirm
761 873 881 938 propriam
900 889 936 925 rn-

134 941 221 993 tionem
232 943 260 994 nh
270 944 323 994 eliis
334 939 497 1007 distingrrntnr',
508 945 548 995 sed
556 944 684 995 secundini
691 945 816 1008 quemdem
826 945 936 997 rationem

133 1027 285 1066 enmmnnem.
296 1017 322 1067 ln
335 1017 435 1067 essenis
447 1021 526 1067 errtem
539 1017 580 1068 liei
590 1021 643 1067 sont
651 1016 730 1067 omnin
737 1017 854 1081 porreeti,
866 1023 891 1069 ot
902 1033 936 1069 se·

133 1086 234 1138 sundirm
247 1088 362 1154 propriam
375 1088 499 1150 rationem,
513 1088 572 1139 sient
583 1090 607 1138 in
624 1087 697 1154 prime
710 1091 735 1138 et
747 1088 878 1141 universali
894 1091 936 1140 rir-
986 1084 988 1147 i

133 1161 182 1208 tote
193 1159 319 1224 opemtirn‚
333 1159 398 1224 ique
410 1161 513 1225 procedit
521 1160 630 1224 quiequid
639 1163 675 1210 est
685 1159 709 1208 in
716 1173 858 1226 quacunque
867 1175 893 1213 re
903 1163 936 1211 rel

133 1231 250 1296 poprinnr
257 1232 296 1282 rel
304 1243 432 1282 commune,
441 1234 470 1282 nr
478 1233 531 1283 ideo
540 1233 601 1282 Deus
609 1245 651 1296 per
662 1231 785 1282 essentiam
793 1233 936 1284 suemhnbet
986 1256 987 1299 3

133 1302 248 1367 proprinm
262 1303 415 1367 cognitionem
429 1304 457 1355 de
471 1304 540 1356 rebus
551 1303 668 1368 omnibns,
679 1315 728 1356 non
741 1307 819 1356 entem
831 1308 934 1371 angelus,
986 1328 987 1331 ¹

133 1374 174 1424 sed
185 1375 257 1428 solnm
267 1387 418 1427 communem.

430 1519 593 1570 ARTIGULUS
605 1520 633 1569 11.

182 1634 267 1682 Uirrim
277 1635 357 1692 eripeli
370 1635 510 1692 intelligent
521 1647 565 1692 per·
579 1634 769 1692 spernerentur
781 1640 902 1695 acceptas.

169 1753 201 1802 ld
212 1749 334 1803 secondum
346 1751 380 1801 sio
394 1750 524 1816 proceditur
534 1750 577 1818 (l).
587 1751 681 1802 Videtur
691 1751 752 1815 qnod
764 1752 844 1816 angeli
858 1756 939 1806 intelli·

137 1827 192 1890 gent
206 1821 341 1890 perspectos
354 1824 420 1874 rebus
434 1827 547 1888 acceptes.
557 1824 629 1873 Omne
643 1823 705 1872 enim
717 1823 779 1887 qnod
793 1823 935 1890 intelligitur,

137 1909 179 1961 per
194 1895 292 1960 nliqnnrn
304 1895 339 1944 sni
351 1891 523 1944 similitudinem
534 1893 560 1943 in
577 1894 735 1959 intelligente,
744 1893 893 1960 intelligitur.
908 1899 938 1947 Si·

138 1967 240 2017 militudo
255 1971 329 2017 eutem
341 1965 438 2030 alicujus
447 1965 473 2016 in
489 1967 559 2017 altero
569 1965 681 2029 existens,
696 1970 736 2016 ent
749 1971 786 2016 est
800 1968 833 2017 ihi
843 1983 886 2033 per
896 1983 939 2020 mo

139 2039 192 2089 dnm
200 2037 346 2102 exemplaris,
360 2035 463 2102 itaquid
476 2037 515 2087 illa
529 2036 654 2088 similitudo
667 2036 699 2087 sit
710 2049 779 2088 sensa
793 2039 842 2106 rei,
859 2045 898 2091 ant
908 2045 938 2091 est
987 2074 988 2093 r

138 2109 170 2160 ihi
183 2123 224 2176 per
240 2109 331 2160 ωοᾶυιη
349 2109 470 2172 imaginis,
484 2109 518 2159 ite
535 2107 594 2173 quod
606 2108 638 2158 sit
656 2113 750 2158 censete
768 2107 835 2176 tre3
852 2116 939 2176 oportet

137 2182 199 2232 enirn
215 2180 272 2248 quid
287 2180 361 2232 omnis
371 2179 465 2230 scientie
478 2180 628 2244 intelligentis
641 2181 678 2230 rel
696 2179 727 2231 sit
739 2192 809 2232 censa
824 2183 860 2233 rei
874 2183 938 2234 intel·

137 2253 217 2317 lecte,
232 2253 269 2304 rel
280 2257 371 2303 censete
385 2251 397 2301 d
411 2265 444 2302 re.
459 2252 505 2302 Sed
519 2251 616 2302 seientia
630 2251 706 2315 angeli
719 2257 813 2304 nonest
825 2269 896 2306 neusa
909 2269 940 2306 re·

137 2337 188 2375 rum
197 2323 472 2388 existentiuminmnura,
481 2322 772 2374 sedsoladirinnsoientin.
782 2325 845 2390 Ergo
854 2331 941 2392 oportet

138 2395 198 2460 qndd
212 2411 292 2447 ornnes
304 2396 393 2461 speeies
411 2410 452 2460 per
467 2409 525 2460 quas
542 2394 650 2460 intelligit
666 2395 795 2446 intellectos
809 2399 940 2462 angelicos,

46 2473 48 2481 “
138 2465 185 2518 sint
199 2467 287 2518 lirion
296 2469 404 2532 accepte.
487 2519 490 2527 ,

171 2547 194 2592 2.
213 2543 338 2602 preterea,
352 2542 427 2591 lumen
444 2540 571 2604 angelicum
584 2543 619 2590 est
631 2539 712 2590 torlins
728 2539 797 2600 quim
813 2541 894 2596 lumen
906 2543 939 2594 in·

139 2611 244 2664 telleotris
259 2612 346 2674 agentis
361 2613 386 2661 in
398 2611 481 2661 enimn.
495 2613 539 2661 Sed
553 2611 631 2662 lumen
643 2611 773 2662 intellectis
786 2617 879 2677 agentis
893 2616 940 2666 ahs·

138 2686 209 2736 trehit
225 2685 312 2750 species
324 2683 478 2748 intelligibiles
493 2681 507 2734 d
531 2683 734 2747 phantasmatibus.
746 2685 808 2748 Ergo
821 2687 901 2739 lumen
911 2687 942 2737 in·

175 2829 204 2892 (l)
221 2833 253 2875 De
267 2829 303 2872 iris
314 2829 383 2874 etiem
394 2829 467 2887 iniri,
479 2841 519 2886 qu.
531 2828 575 2887 89,
586 2834 631 2875 ert.
641 2827 669 2883 3;
683 2836 706 2876 et
716 2831 746 2874 Π.
758 2829 842 2881 Seni„
855 2833 912 2880 dist.
921 2833 940 2892 3,

142 2905 182 2948 qn.
198 2893 221 2948 ³,
237 2897 281 2935 nrt.
297 2891 324 2941 t;
340 2897 364 2935 et
378 2905 418 2947 qu.
434 2891 461 2950 8,
477 2893 507 2936 de
520 2893 598 2946 verit„
614 2899 658 2940 ort.
673 2892 700 2947 93
716 2898 740 2937 et
755 2891 847 2940 eontra
863 2897 942 2946 tieret„

141 2951 345 3012 tro.11‚onp.⁹2
362 2953 440 3008 etii,
455 2961 481 3001 et
494 2955 584 3012 optus.
603 2957 717 3017 111,nnp.
729 2954 785 3002 ω.
