1992 3342
360 194 392 227 nn
408 194 536 231 uonrureus
552 196 601 231 nni.
833 190 877 237 len

75 267 131 317 sieut
142 266 214 329 lepis
224 266 338 327 signinum
346 266 433 331 eliqrud
442 270 603 333 malenaliler3
615 274 638 321 el
648 272 779 335 hujusmodi
787 274 879 324 nomina

73 352 119 389 non
141 339 241 401 possunt
262 337 357 387 attribui
377 340 425 389 Deo
445 339 489 390 nisi
509 342 672 406 metaphorice.
696 345 803 403 Quaednm
825 346 879 396 verb

72 410 166 460 nomine
189 406 321 471 signinum
337 410 400 473 ipsus
423 414 576 475 perfectiones
592 415 707 479 absolute,
729 416 813 481 absque
836 421 879 469 boe

72 480 132 545 quod
142 480 230 545 aliquis
242 481 324 533 modus
337 482 488 545 participandi
504 486 621 537 claudatur
633 487 657 536 in
671 501 751 537 eorum
766 488 879 551 signifiea-

72 554 153 601 l'rone:
168 556 195 602 nl
206 566 264 616 eus,
278 553 380 616 bonum,
394 552 475 603 vivens
489 560 512 605 et
525 557 670 620 hujusmodi,
683 562 707 609 et
722 560 776 609 labe
789 561 879 624 proprie

75 622 178 672 dicuntur
190 624 219 673 de
231 625 288 673 Deo.

106 695 139 743 ld
150 696 279 745 seeundum
294 695 426 758 dicendum,
440 695 500 759 qubd
514 696 566 747 ideo
581 698 712 761 hujusmodi
722 700 814 751 nomina
826 702 881 751 dieb

72 764 194 829 Dionysius
207 766 290 827 negari
303 766 331 815 de
345 768 402 828 lleo,
414 766 466 829 quie
477 766 500 816 id
511 769 571 829 quod
584 768 724 831 significatur
735 784 776 833 pen
786 785 878 836 nomen,

70 851 117 887 non
135 837 249 887 convenit
265 850 294 887 eo
307 838 375 887 morlo
386 838 409 888 ei
421 851 466 901 qno
480 852 564 897 nomen
577 840 702 904 significet,
714 843 754 891 sed
767 844 880 893 excellen-

69 908 122 959 liorl
133 909 211 959 modo.
225 909 292 958 Unde
302 907 389 959 ibidem
398 908 452 958 ‹lieil
462 909 596 974 Dionysius,
608 910 668 975 qubd
680 914 760 963 «Ileus
768 916 803 963 esi
811 928 879 977 super

69 994 162 1030 omnem
175 979 330 1030 substantiam
344 983 367 1029 et
380 980 459 1029 vilem
475 997 489 1025 u

102 1053 137 1101 ln
147 1051 243 1101 tertium
253 1051 385 1114 dicendum,
395 1049 456 1114 qubd
464 1052 508 1103 ista
515 1052 608 1103 nomina
616 1068 667 1117 que
676 1054 767 1118 proprie
775 1054 880 1106 dieunlur

72 1122 102 1171 {le
112 1122 175 1185 lleo,
196 1122 327 1187 important
341 1122 485 1173 conditiones
503 1126 631 1187 corporales
646 1139 692 1175 non
707 1125 794 1189 inipso
808 1126 879 1189 sigui-

71 1192 142 1242 rieulo
152 1194 252 1244 nominis
259 1231 269 1258 ,
286 1193 329 1243 sed
341 1198 451 1257 quantum
469 1196 497 1245 nd
511 1196 603 1245 modum
615 1196 764 1259 significandi.
780 1200 812 1247 lla
825 1199 880 1249 vero

70 1279 123 1327 ques
148 1264 309 1329 metaphorice
330 1266 358 1315 de
379 1268 426 1316 beo
448 1266 568 1329 dicuntur,
586 1266 708 1330 important
728 1268 881 1319 conditionem

69 1337 214 1400 corporalem
222 1336 249 1385 in
262 1336 314 1399 ipso
327 1350 369 1386 suo
382 1336 517 1399 significato.
544 1370 547 1377 ,

376 1480 533 1531 lllrlcnnns
548 1482 587 1529 lv.

137 1594 224 1638 Utrum
233 1592 336 1637 nomino
344 1593 409 1636 dieto
419 1592 448 1636 de
457 1589 508 1637 Deo
517 1594 566 1637 sint
575 1594 672 1639 omniuo
688 1608 828 1652 synonyma.

102 1710 136 1759 bd
149 1714 261 1773 quurbrm
281 1709 315 1757 sic
333 1708 464 1777 procedilrn
477 1708 520 1774 (l).
536 1710 630 1760 Videtur
651 1710 710 1774 quod
730 1712 774 1761 isle
791 1712 882 1761 nomino

72 1780 133 1829 ‹lielu
142 1781 171 1831 (le
185 1783 236 1831 lleo
248 1780 298 1830 sint
311 1780 404 1830 nomina
417 1794 552 1845 synonyme.
569 1783 700 1846 synonyma
714 1784 776 1833 enim
789 1782 883 1831 nomina

72 1849 195 1914 dimotus,
204 1864 260 1915 que
274 1851 368 1901 omuino
377 1851 440 1901 illem
449 1852 586 1914 slgmnonm.
601 1853 646 1903 Sed
659 1852 702 1911 istu
720 1852 812 1903 uomina
824 1852 884 1901 dieta

71 1922 104 1971 de
112 1923 174 1985 Deo,
186 1921 284 1972 omnino
298 1922 359 1972 irlem
369 1921 501 1984 significum
513 1922 538 1971 in
551 1924 611 1984 lleo;
626 1924 680 1986 quia
692 1922 837 1972 bonitusllei
848 1925 883 1970 esl

69 1993 124 2056 ejus
137 1994 259 2057 omenbn,
278 1997 303 2043 el
320 1993 428 2044 simililer
446 1993 565 2057 supientia.
587 1996 646 2057 Ergo
665 1995 709 2043 isle
726 1994 818 2043 nomina
833 1996 885 2041 sunl

70 2066 170 2117 omniun
183 2076 323 2129 synonyme.

104 2141 129 2185 2.
145 2138 172 2186 Si
185 2137 278 2187 dicatur
290 2137 352 2201 qnod
368 2138 415 2187 ista
431 2136 522 2189 nomine
537 2136 667 2200 significant
680 2136 741 2185 idem
760 2137 885 2187 secundnm

68 2221 137 2271 rem,
156 2208 200 2259 sed
217 2209 348 2259 seeundum
360 2208 461 2259 rationes
470 2208 583 2270 diversas,
598 2211 678 2258 eontra
691 2222 696 2256 :
712 2206 769 2257 mlio
783 2208 819 2257 cul
839 2220 885 2257 uon

68 2280 202 2342 respondet
214 2280 303 2343 aliquid
315 2280 341 2329 ln
359 2293 386 2331 re
391 2316 400 2342 ,
415 2283 450 2329 est
469 2292 544 2329 rone:
557 2280 577 2329 si
589 2292 643 2341 ergo
653 2278 702 2329 isle
720 2278 821 2328 rationes
833 2281 886 2329 sunt

70 2351 169 2413 multer,
184 2355 209 2400 el
222 2364 262 2400 res
278 2355 314 2401 est
324 2365 385 2414 unu,
398 2350 489 2401 videtur
502 2350 563 2414 quod
579 2350 678 2400 rationes
690 2350 739 2399 isle
753 2349 799 2399 sint
811 2362 883 2400 vnnae.
952 2353 960 2363 ⁴

106 2426 132 2469 3.
146 2424 280 2483 merea,
295 2422 370 2485 magis
381 2425 417 2488 esl
430 2435 501 2471 unum
509 2422 569 2485 quod
578 2425 613 2471 est
625 2435 697 2471 uuum
707 2435 731 2471 re
745 2425 768 2471 et
783 2421 885 2484 ratione,

68 2491 145 2555 quem
159 2494 224 2558 qnod
237 2496 276 2543 est
294 2508 367 2543 unum
386 2507 413 2543 re
429 2496 452 2543 et
469 2493 590 2557 multiplex
607 2492 703 2543 rollone.
722 2494 765 2543 Sed
781 2494 839 2543 lleus
852 2496 887 2543 est

69 2564 175 2615 maxime
190 2580 252 2615 nnus
266 2581 272 2612 :
293 2578 349 2627 ergo
367 2564 459 2614 videtur
471 2562 532 2627 qubd
545 2577 590 2614 non
608 2564 638 2615 sit
650 2578 709 2613 uuus
723 2577 762 2626 re,
774 2566 798 2614 el
811 2564 887 2613 mulli-

70 2635 132 2697 plex
146 2637 246 2687 rabone.
271 2638 300 2686 El
321 2636 356 2685 sie
377 2634 471 2686 nomine
489 2636 548 2685 niolo
572 2637 599 2686 de
623 2638 670 2687 lleo
692 2648 739 2686 uon
759 2635 887 2698 significant

72 2705 178 2758 alienes
191 2707 307 2757 diversus.
323 2708 351 2758 nt
363 2706 398 2755 ila
414 2709 468 2755 sunt
481 2718 616 2770 synonyma.

75 2832 147 2940 sbll}
158 2839 191 2881 ne
200 2836 326 2941 his5etium
339 2848 381 2892 qu.
396 2835 421 2893 ¹1,
434 2836 463 2879 ne
477 2840 576 2893 poleno,
592 2841 634 2880 erl.
647 2834 674 2887 63
690 2842 714 2880 el
727 2833 795 2880 Cnol.
809 2834 888 2880 (lene,

86 2908 95 2939 r
121 2927 126 2938 .
152 2911 224 2956 ,cup
255 2932 261 2942 .
