1992 3342
238 209 270 248 nu
284 209 365 249 ansus
381 211 549 251 nismucrrous
564 213 591 252 ιιι
608 213 726 252 susorum.
836 207 881 255 ’lot

74 291 160 356 tionis,
171 289 210 341 vel
221 287 274 354 quia
289 288 382 340 omuino
398 303 445 340 non
461 293 508 354 est,
520 291 557 342 vel
570 289 624 356 quia
636 290 738 342 debitum
753 292 846 343 modum
859 300 884 346 ct

76 365 186 417 ordinem
195 361 328 412 nonhabet.
338 363 395 421 Quia
406 363 460 413 verb
471 363 556 413 bonum
564 363 698 428 simpliciter
712 366 746 414 εει
762 365 883 429 objectum

76 435 220 500 voluntatis,
230 431 317 486 nnalunr¹
328 434 402 499 (quod
414 439 450 485 est
459 434 558 499 privatio
570 436 639 500 boni)
654 436 779 488 secuudum
795 439 883 501 specia-

77 509 127 560 lem
143 509 256 558 rationem
273 505 387 556 inuenitur
401 506 426 556 in
443 508 552 557 creaturis
569 507 729 572 rationalibus,
749 509 884 564 habentibus

79 582 231 632 uoluntatem.
244 579 326 629 llalum
336 577 406 641 igitur
416 581 475 644 quod
487 583 523 630 est
531 592 572 644 per
583 580 760 632 subtractionem
770 582 849 633 iormae
860 586 884 633 et

78 652 222 716 integritatis
238 650 288 714 rei,
303 650 373 702 habet
390 651 503 702 radonem
523 665 612 717 pona,
631 656 655 702 et
670 653 784 718 precipue
800 668 884 719 suppo

81 726 128 777 sito
139 725 173 791 (l)
184 722 244 787 quod
257 723 334 774 omnia
347 723 430 774 divinae
444 723 593 788 prouidentiae
605 726 629 775 et
637 724 733 788 justitie
748 725 882 790 subdantur,

81 801 109 848 ut
123 797 193 860 suprb
206 798 323 848 ostensum
335 799 370 846 est
383 795 432 861 (qu.
447 803 474 858 2,
485 799 530 846 art.
541 795 580 860 i);
597 796 625 846 ιε
634 796 722 847 ratione
736 798 797 846 enim
809 809 884 862 pone

82 872 118 920 εει
135 863 197 932 'qubd
211 867 241 917 sit
254 865 365 918 contraria
384 867 502 918 voluntati.
518 867 601 918 llalum
614 869 690 917 autem
703 869 763 930 qnod
777 869 885 919 consistit

82 941 109 992 in
120 940 273 994 subtractione
285 940 367 992 coita
383 939 521 1004 tonationis
533 939 558 988 in
572 939 641 989 rebus
652 939 800 1002 adsentaris,
813 941 884 992 babet

82 1014 195 1064 radonem
212 1013 298 1076 culpa3
314 1014 359 1064 hoc
371 1012 431 1063 enim
448 1012 572 1078 innuatur
587 1009 655 1062 alicui
672 1011 698 1060 in
713 1012 818 1077 culpam,
832 1014 885 1064 clun

83 1085 161 1138 delicit
173 1085 187 1135 ι
197 1085 299 1148 perlecta
311 1084 412 1146 actione,
425 1084 492 1148 eujus
504 1083 609 1134 dominus
620 1085 659 1133 est
667 1083 793 1134 secundiane
803 1087 885 1136 volun·

83 1161 163 1208 tatem
179 1155 296 1220 sicigitur
312 1169 378 1208 ornuc
388 1156 481 1220 nalum,
495 1155 521 1206 in
533 1155 602 1206 rebus
612 1153 748 1206 vomeris
755 1156 884 1209 considera·

84 1233 143 1289 tum,
158 1232 194 1278 est
207 1227 245 1284 uel
259 1241 327 1293 poena
339 1228 376 1278 vel
388 1228 464 1292 culpa.

115 1301 149 1350 Αι
163 1299 260 1364 primum
275 1313 329 1363 ergo
341 1299 473 1364 dicendum,
489 1297 550 1362 qubd
562 1297 617 1362 quia
635 1297 730 1348 ιιιαιιιει
742 1301 779 1348 εει
786 1298 885 1362 privatio

83 1372 141 1427 boni
151 1375 227 1422 etnon
235 1371 391 1436 negationum
403 1372 437 1433 lut
446 1371 532 1422 dictum
544 1374 581 1420 est
593 1369 675 1434 supra)
684 1407 693 1431 ,
702 1383 748 1420 non
757 1370 833 1420 omnis
845 1374 886 1423 de-

84 1445 161 1496 lectus
172 1443 227 1494 boni
244 1446 280 1494 εει
296 1444 394 1504 malum
409 1443 447 1494 εει
461 1443 563 1496 delectus
573 1442 634 1492 boni
647 1441 708 1504 quod
719 1444 800 1492 natum
812 1446 849 1492 εει
862 1449 886 1494 ει

84 1516 154 1566 debet
166 1515 243 1566 haberi
256 1530 261 1564 z
273 1516 375 1567 delectus
386 1513 448 1566 enim
457 1513 555 1564 visionis
565 1526 612 1563 uon
622 1515 658 1563 εει
666 1513 750 1563 malum
761 1512 786 1562 in
798 1513 882 1578 lapide,

85 1587 127 1638 sed
143 1585 168 1636 in
186 1585 293 1650 animali3
308 1586 361 1649 quia
374 1589 453 1636 contra
468 1585 580 1637 rabonem
591 1584 672 1648 lapidis
685 1587 722 1635 est
734 1583 796 1648 qubd
808 1586 886 1636 risum

85 1660 177 1710 habeat.
192 1657 302 1708 Similiter
317 1656 384 1708 ethna
396 1661 475 1708 conda
489 1657 603 1708 rationem
619 1659 729 1708 creature
740 1660 775 1707 est
787 1655 847 1721 quod
859 1657 885 1708 iu

84 1745 137 1780 εεεε
149 1732 296 1780 εειιεειιειιιι
309 1728 323 1779 a
336 1728 425 1792 seipsa,
439 1727 493 1794 quia
506 1728 567 1778 idem
580 1729 619 1778 dat
636 1741 688 1779 esse
702 1730 726 1779 ει
740 1732 860 1780 εοιιεειιει
877 1745 884 1780 :

85 1804 146 1852 uude
159 1801 204 1851 isle
216 1801 317 1852 delectus
333 1813 378 1850 non
392 1804 427 1851 εει
441 1801 526 1850 malum
539 1802 657 1852 creatura.

117 1874 151 1924 dd
165 1873 290 1924 secundum
304 1871 437 1930 dicendum,
450 1871 511 1934 qubd
526 1884 594 1935 nunna
606 1875 630 1922 et
643 1871 711 1936 culpa
721 1884 768 1923 nou
782 1872 887 1924 dinduut

85 1947 173 1996 malum
182 1943 324 2008 simpliciter,
339 1944 380 1994 sod
391 1943 476 1992 malum
488 1941 513 1992 in
526 1943 593 1993 rebus
606 1942 747 1994 uoluntariis.

118 2018 152 2069 ιι
164 2017 256 2068 tertium
269 2016 402 2078 dicendum,
414 2013 475 2078 qubd
487 2013 598 2076 tentatio,
608 2017 675 2079 prout
685 2014 792 2079 importat
804 2029 886 2079 proro-

86 2091 199 2142 catiouem
212 2090 240 2138 ad
255 2089 353 2150 malum,
368 2099 456 2151 sempe
470 2089 506 2136 cst
516 2087 600 2136 malum
610 2087 683 2151 culpas
693 2084 718 2137 in
730 2088 885 2153 ιειιιιιιιε(ι);

86 2163 128 2217 εει
141 2162 166 2212 iu
180 2174 207 2211 eo
225 2160 264 2224 qui
276 2162 389 2223 ιειιιειιιι,
403 2161 498 2210 nonest
511 2157 615 2224 proprie,
627 2157 673 2208 nisi
690 2157 814 2209 secundini
826 2158 886 2222 qubd

87 2233 215 2298 almoditer
225 2232 356 2282 innuatur
371 2246 378 2281 a
394 2231 428 2282 sic
441 2230 503 2284 euim
515 2230 575 2282 aetio
589 2230 679 2294 agemis
692 2234 729 2282 εει
737 2230 763 2280 in
775 2231 884 2295 patiente

87 2304 215 2360 Secundino
235 2308 310 2356 autem
325 2304 386 2368 quod
394 2305 505 2354 tentatus
518 2302 649 2355 immutatur
668 2301 701 2352 in
712 2304 797 2354 nudum
808 2301 823 2354 ι
835 2309 886 2358 ten-

87 2382 167 2442 tante,
182 2375 262 2428 incidit
275 2376 300 2427 in
313 2376 411 2441 culpam.

124 2511 159 2624 (12
182 2517 233 2562 Non
254 2514 317 2560 velut
334 2526 362 2558 ex
380 2513 469 2558 incerta
487 2517 511 2559 ει
527 2511 683 2559 oondltionata
696 2511 831 2574 hypothesi,
845 2515 887 2560 sed

90 2579 140 2624 lirnr
168 2585 193 2622 ct
203 2575 276 2624 solidi
287 2582 310 2622 et
323 2573 481 2623 demonstrata
490 2576 601 2633 ueritate,
616 2574 668 2637 cuim
684 2576 824 2622 contrarium
837 2579 887 2624 sino

91 2643 210 2699 impietate
225 2640 269 2685 dici
281 2651 327 2684 non
340 2639 414 2697 possit
424 2651 466 2683 noc
478 2637 506 2683 de
520 2638 565 2683 isto
579 2639 629 2683 sine
643 2649 720 2685 erroro
735 2640 849 2696 dubitari;
862 2647 888 2688 ut

91 2719 120 2751 ex
136 2705 219 2751 eodem
233 2701 284 2748 loeo
299 2703 326 2748 ad
339 2715 407 2760 quem
420 2701 518 2748 remittit
529 2701 650 2761 colligitur.

126 2771 158 2838 (d)
168 2777 225 2820 Tam
238 2773 261 2820 iu
277 2775 379 2836 daemone
393 2775 432 2832 qui
446 2773 538 2832 proprie
552 2777 655 2820 tentator
666 2775 793 2832 appellatur
803 2772 886 2822 liattb.

90 2841 133 2896 IV,
146 2839 182 2884 uel
194 2838 216 2885 ia
226 2839 269 2894 qui
283 2841 356 2882 tentat
368 2839 387 2882 I.
399 2839 428 2882 ad
447 2837 551 2883 Τιεειιιι.
562 2839 604 2897 111,
616 2850 678 2884 vers.
690 2836 714 2897 5,
730 2839 799 2895 quam
809 2837 834 2882 iu
844 2838 887 2882 bo·

91 2903 163 2947 rniue.
176 2900 240 2946 Licet
254 2901 282 2946 ει
295 2912 386 2964 ponem
403 2901 449 2948 nisi
464 2901 629 2959 accidentalem
643 2913 690 2948 non
704 2901 828 2960 imputetur
840 2900 888 2946 de-

92 2964 168 3026 moni,
184 2961 330 3010 sedhomini.
