1992 3342
112 180 159 225 278
317 188 378 225 rans
394 189 419 235 r,
433 187 524 231 eomer.
539 187 594 229 rvr,
612 186 666 221 aar.
685 186 708 220 v.

140 264 275 328 Respondes
291 263 430 325 dicendum,
448 261 510 326 quod
521 261 597 326 (sicut
614 260 700 312 dictum
719 260 768 323 est)
779 260 866 311 venus
881 262 913 310 in·

107 333 201 396 venitup
213 332 238 381 iu
249 332 366 381 intellectu
371 369 379 395 ,
389 331 515 383 secundum
527 328 588 394 quod
601 328 754 393 apprehendit
767 342 817 379 rem
827 334 854 380 ut
868 334 915 391 est3

107 409 131 455 et
143 404 168 453 in
185 418 224 463 re,
235 402 360 453 secundum
372 401 434 465 qnod
446 402 516 452 habet
531 416 583 451 osse
600 400 764 451 conformabile
775 400 915 451 intellectui.

106 476 154 525 Hoc
175 477 254 525 autem
272 471 373 522 mammo
391 472 508 523 invenitur
529 471 554 521 in
574 472 621 521 lleo
636 486 643 519 ε
659 484 712 521 nem
729 486 783 521 osse
803 472 857 535 ejus
870 486 915 523 non

106 545 180 596 solium
191 548 226 595 est
238 546 357 595 conforme
368 558 409 595 suo
422 543 565 607 intellectui,
577 543 618 593 sed
630 543 702 593 edam
715 546 751 593 est
762 542 840 607 ipsum
850 558 917 595 suum

108 616 265 678 intellipere5
279 619 303 665 et
321 616 372 678 ejus
391 614 521 678 intelligem
538 618 574 665 cst
595 624 705 665 mensure
719 618 743 663 et
761 626 830 665 censa
844 615 919 667 omnis

107 686 199 737 alterius
216 701 269 736 esse
288 691 311 738 et
331 687 406 737 omnis
425 686 519 739 alterius
532 686 678 748 intellectds3
696 690 720 735 et
733 686 784 749 ipse
797 691 832 737 est
853 702 920 739 sumn

108 772 160 809 esse
180 762 204 807 et
217 758 364 822 intellipere.
378 759 443 809 Unde
461 758 567 821 sequitur
581 756 643 821 qnod
659 770 706 807 non
722 756 797 806 solum
817 758 845 808 in
868 760 919 823 ipso

107 830 137 883 sit
152 829 255 893 nonme,
268 831 309 880 sed
319 828 381 893 quod
393 830 443 894 ipse
456 830 487 880 sit
501 830 551 893 ipsa
564 840 652 881 summa
666 831 691 877 et
699 828 773 891 prima
786 830 885 881 Veritas.

142 902 176 951 lld
192 900 291 963 primum
303 914 358 964 ergo
371 901 509 964 dicendum,
544 898 589 951 odd
601 898 654 949 licet
673 899 699 949 in
711 899 828 957 intellecta
841 902 922 953 divino

109 986 156 1022 non
166 972 195 1021 sit
205 972 340 1035 compositio
354 976 378 1023 et
389 972 480 1036 dimsio,
487 976 567 1023 tamen
577 971 702 1021 secundlrm
712 984 777 1021 suam
788 972 919 1037 simplicem

109 1042 286 1105 intelligentiam
292 1042 380 1106 judicat
389 1044 417 1093 de
427 1044 542 1105 omnihus,
550 1044 574 1093 et
583 1041 699 1105 cognoscit
705 1041 781 1093 omnia
788 1045 919 1107 complexa.

109 1114 137 1161 llt
149 1112 217 1162 sicin
231 1113 351 1164 intellectu
367 1114 418 1177 ejus
431 1118 466 1164 est
476 1114 570 1164 ueritas.

141 1185 176 1233 ild
189 1185 315 1235 secuudum
332 1184 472 1247 dicendum,
484 1184 546 1247 qnod
558 1196 639 1233 rerum
653 1183 782 1233 intellectis
799 1184 873 1234 nostri
886 1190 921 1235 est.

109 1254 237 1305 secundnm
259 1254 320 1319 qaod
340 1255 496 1306 conformatur
510 1269 550 1305 suo
570 1253 701 1318 principio,
721 1254 808 1304 scilicet
823 1256 921 1305 rebusi

109 1327 193 1390 quibus
209 1327 363 1390 cognitionem
381 1327 481 1391 acciplt3
498 1327 585 1380 ueritas
604 1326 673 1376 etiarn
691 1340 768 1375 rerum
786 1330 821 1375 est
837 1340 922 1377 secun-

110 1398 165 1448 dlnn
178 1398 239 1463 qnod
250 1397 422 1449 conformantur
433 1411 474 1447 suo
487 1396 614 1462 principio,
624 1394 711 1446 scilicet
721 1396 851 1446 intellectui
861 1396 920 1449 diri-

112 1484 151 1522 no·
165 1471 210 1521 Sed
220 1472 265 1520 troo
278 1469 370 1534 proprie
381 1470 496 1533 loquendo
511 1481 557 1519 non
572 1470 648 1531 potest
656 1466 702 1517 dici
712 1467 736 1515 in
749 1468 847 1518 veritate
862 1470 920 1518 divi-

111 1556 155 1605 na,
169 1542 214 1591 nisi
232 1540 291 1590 torte
309 1540 435 1591 secundum
452 1539 513 1603 qnod
532 1540 617 1589 veritas
633 1538 790 1603 appropriatur
806 1538 865 1590 lilio
880 1541 921 1605 qni

111 1614 181 1663 habet
193 1610 341 1675 principium.
353 1612 398 1661 Sed
416 1612 436 1662 si
451 1612 479 1661 de
492 1610 591 1661 veritate
602 1609 752 1659 essentialiter
767 1608 830 1659 diota
839 1612 920 1675 loqua-

111 1696 172 1745 rnur,
184 1695 231 1731 non
249 1685 326 1744 potest
339 1681 454 1745 intelligi,
469 1682 514 1732 nisi
525 1681 651 1731 resolvatur
664 1679 800 1731 affirmativa
812 1680 837 1731 in
851 1696 922 1746 nega-

111 1753 193 1815 tivam,
201 1752 261 1801 sicut
268 1752 321 1801 odm
331 1752 429 1802 dicitur:
440 1770 455 1800 u
462 1756 529 1803 Pater
539 1755 574 1803 est
585 1750 598 1801 l
608 1751 693 1814 sequid
702 1765 748 1801 non
759 1754 794 1801 est
803 1752 831 1802 ab
839 1753 894 1803 alio.
906 1770 920 1800 n

113 1826 140 1874 lit
153 1823 257 1873 similiter
270 1824 316 1873 dioi
331 1828 406 1887 potest
418 1824 542 1875 similitudo
556 1822 667 1888 principii
685 1824 770 1873 venitm
783 1823 879 1889 divine,
898 1826 922 1875 in

113 1898 226 1958 martum
247 1894 301 1958 ojus
316 1910 370 1945 osse
391 1910 438 1946 non
454 1900 489 1947 est
504 1896 555 1959 ejus
568 1893 695 1944 intellectui
709 1894 829 1945 dissimile.

133 1968 181 2019 „dd
201 1966 296 2017 tertium
317 1967 453 2033 dicendum,
465 1967 526 2030 qndd
545 1978 592 2017 non
609 1979 651 2016 ens
673 1968 696 2015 et
717 1966 860 2031 privationes
877 1982 923 2019 non

113 2035 202 2104 liabent
213 2052 244 2089 ex
256 2038 337 2103 seipsis
349 2039 488 2101 veritatem,
505 2038 546 2087 sed
558 2037 630 2087 solum
647 2037 671 2085 in
690 2037 875 2101 apprehensione
889 2040 925 2088 in-

114 2110 227 2161 ndentes.
254 2109 334 2160 omnis
354 2114 430 2160 cutem
449 2108 601 2173 apprehensio
625 2108 785 2159 intellectdsd
808 2110 857 2161 lieo
880 2116 921 2161 est.

115 2180 178 2229 Unde
194 2180 301 2243 quioquid
309 2186 344 2231 est
353 2180 544 2231 uenofisintroo
555 2181 616 2243 quod
627 2181 692 2231 dico:
706 2198 720 2227 α
730 2180 802 2230 Istum
816 2182 925 2232 fornicari

113 2255 149 2301 ost
161 2264 279 2314 rernm,·n
292 2255 365 2302 totum
375 2256 410 2303 est
421 2252 434 2301 l
446 2253 493 2301 lleo
505 2268 511 2314 ;
526 2251 566 2301 sed
578 2252 600 2301 si
613 2255 737 2315 arguatur:
755 2268 769 2299 u
780 2252 841 2317 Ergo
859 2253 925 2304 istum

110 2321 208 2371 ornicari
230 2327 264 2372 est
278 2322 292 2373 d
304 2325 364 2386 lieo,
388 2341 401 2370 »
415 2328 449 2374 est
463 2324 554 2373 fallacia
570 2322 702 2375 accidentis.
881 2322 882 2325 ’
