1992 3342
322 196 355 234 nit
371 197 434 236 BONO
449 198 474 236 nt
490 197 607 240 ΕΟΙΙΠΜ.
834 193 865 242 67

54 266 89 314 est
99 262 242 329 appetibile,
257 271 281 319 et
292 279 335 332 per
346 281 491 332 consequens
503 270 559 321 dicit
571 271 686 323 rationem
700 270 786 322 ultimi.
801 273 866 326 Unde

53 335 90 398 id,
109 336 172 399 qued
191 339 227 386 est
243 337 326 389 ultimo
342 341 486 405 perlectum,
506 342 589 392 dicitur
607 342 694 393 bonum
716 342 865 407 simpliciter3

54 407 114 467 quod
126 409 207 456 autem
221 422 268 459 non
281 411 353 460 habet
368 410 474 462 ultimam
488 412 652 474 perfectionem
663 427 731 477 quam
742 414 811 463 debet
824 415 867 464 lra-

54 475 122 540 bere,
133 479 239 542 mmmvis
252 481 339 530 haheat
354 481 456 545 aliquam
470 483 650 546 perfectionem,
664 482 689 533 in
705 487 816 547 quantum
830 488 866 535 est

56 550 124 610 amu,
141 563 187 598 uon
206 553 288 602 tamen
304 552 390 602 dieitur
411 553 540 618 perlectum
557 553 702 619 simpliciter,
716 567 761 605 uec
777 555 865 605 bonum

58 615 198 684 simpliciter,
216 621 258 671 sed
274 622 404 672 seeundum
419 623 482 686 quid.
500 623 539 673 Sic
554 637 609 688 ergo
624 625 750 674 secuudum
764 626 864 689 primum

59 699 121 751 esse,
140 691 199 752 quod
220 694 256 740 est
276 693 443 756 substantiale,
466 693 549 742 dicitur
562 692 648 758 aliquid
668 708 710 746 eus
730 695 866 759 simpliciter

58 761 81 806 et
101 758 185 808 bonum
207 762 337 812 secundum
355 761 425 826 quiid,
443 761 468 812 id
485 763 560 813 estin
576 767 738 826 quantumest
754 779 809 829 eus;
828 779 864 816 se·

57 829 157 879 eundum
171 844 227 882 rere
246 832 355 882 ultimum
374 836 451 882 aetum
472 834 555 884 dicitur
573 834 660 898 aliquid
677 849 720 885 ens
737 836 865 886 seeundum

56 899 109 962 quid
132 905 156 951 et
175 901 264 953 honum
286 903 434 968 simpliciter.
455 903 494 954 Sic
516 918 570 968 ergo
590 906 651 968 qued
673 905 729 955 dicit
747 907 862 956 Boetius·

56 987 69 1015 e
81 971 176 1024 intueor
191 973 216 1022 in
232 974 303 1024 rebus
322 973 386 1024 aliud
399 987 449 1024 esse
466 975 527 1037 quod
539 979 592 1026 suut
605 976 678 1039 bona,
693 979 716 1026 et
728 975 791 1026 aiud
803 977 864 1040 quod

55 1045 108 1092 suut
129 1043 173 1108 (l),
193 1045 373 1095 »referendum
391 1048 427 1095 est
441 1045 533 1096 adesse
550 1048 637 1097 bouum
649 1046 783 1111 simpliciter
799 1047 864 1098 etad

55 1125 103 1163 esse
117 1114 257 1178 simpliciter
275 1131 281 1165 :
299 1116 355 1180 quia
373 1115 501 1166 secundum
515 1117 615 1181 primum
629 1121 705 1169 actum
727 1120 761 1167 est
778 1117 864 1181 aliquid

55 1196 96 1233 ens
109 1185 256 1250 simpliciter,
271 1190 296 1236 et
313 1188 442 1238 secuudum
454 1187 562 1238 ultimum
578 1189 665 1239 bouum
679 1187 825 1252 simpliciter,
840 1192 864 1238 et

54 1258 131 1306 lamen
143 1259 274 1308 seeundum
292 1259 394 1322 primum
410 1262 488 1308 actum
504 1262 539 1310 est
552 1260 718 1323 quodammodo
729 1261 825 1324 bouum,
840 1263 864 1311 et

53 1329 180 1378 secuudum
194 1330 305 1379 ultimum
318 1332 397 1380 aetum
411 1333 446 1380 est
457 1330 624 1394 quodammodo
637 1343 687 1380 ens.

83 1401 117 1450 ld
127 1401 256 1450 seeundum
267 1400 403 1463 dicendum,
415 1398 475 1463 qued
482 1401 569 1451 bouum
579 1399 661 1450 dieitur
674 1413 715 1463 per
724 1400 865 1450 informatio·

56 1481 120 1532 nem,
130 1473 200 1534 prout
212 1471 326 1536 accipitur
337 1471 423 1521 bouum
433 1471 567 1536 simpliciter
579 1470 704 1521 secundum
714 1470 817 1521 ultimum
827 1484 865 1520 ac-

58 1541 104 1588 tum
114 1541 154 1604 td).

86 1611 113 1661 Et
128 1612 234 1662 simililer
249 1611 372 1664 dicendum
388 1613 418 1662 ad
432 1612 539 1677 tertium,
553 1612 614 1678 quod
628 1613 713 1665 meum
728 1612 810 1663 dicitur
827 1627 864 1664 se·

55 1683 149 1736 cundum
171 1683 247 1747 magis
265 1686 290 1732 et
308 1683 385 1734 miuus
407 1684 532 1733 secundum
553 1687 629 1736 aetum
649 1683 861 1749 supervenientem,

54 1757 109 1814 puta
118 1755 246 1806 secundum
257 1753 379 1806 scientiam
391 1753 430 1804 vel
446 1754 562 1806 virtutem

358 1897 518 1949 indiculus
532 1897 562 1948 11.

79 2011 164 2056 Utrum
183 2011 273 2058 oenum
285 2011 418 2056 monadum
435 2013 551 2056 rationem
567 2012 600 2056 eit
616 2011 685 2068 priter
698 2011 770 2068 pedm
784 2021 833 2055 eur.

84 2130 117 2181 id
130 2129 260 2180 seeundum
272 2128 304 2180 sic
314 2129 446 2194 proceditur
459 2127 503 2194 (a).
510 2129 605 2180 Videtur
613 2127 674 2193 quod
685 2128 771 2179 bouum
782 2141 864 2178 secuu-

57 2200 106 2250 dum
121 2202 237 2252 ratiouem
254 2199 285 2250 sit
301 2199 366 2263 prius
383 2197 452 2264 quim
468 2213 518 2250 eus.
533 2200 593 2250 Ordo
611 2200 673 2250 euim
692 2198 809 2251 nominum
828 2203 864 2249 est

57 2273 178 2324 secuudum
192 2271 299 2322 ordinem
312 2285 389 2321 rerum
400 2269 576 2334 significatorum
590 2284 631 2334 per
641 2269 742 2321 nomina.
756 2271 801 2321 Sed
811 2269 864 2323 llic-

60 2343 141 2408 uysius,
152 2343 216 2394 inter
227 2341 274 2393 alia
285 2342 380 2392 nomina
395 2340 450 2405 Ilei,
462 2341 536 2406 primd
548 2342 614 2406 ponit
625 2343 711 2392 bonum
723 2355 791 2405 quum
807 2353 862 2403 ens,

87 2468 115 2530 (tl
127 2469 201 2518 Porro
211 2483 242 2515 cx
248 2467 374 2526 hypothesi
384 2465 475 2514 tantum
483 2469 577 2514 Boetius
586 2468 700 2526 loquitur,
712 2467 862 2524 supponendo

61 2533 140 2578 scilicet
151 2546 194 2590 per
206 2532 311 2588 aliquam
326 2529 507 2576 abstractionem
518 2531 580 2587 qudd
593 2531 607 2576 a
619 2542 726 2587 supremo
740 2532 802 2575 bono
815 2542 862 2574 non

59 2594 201 2653 deduxerint,
216 2599 243 2639 ut
254 2593 333 2638 videre
345 2597 381 2636 est
392 2591 435 2636 ibi.

89 2654 117 2718 ld)
132 2657 159 2704 ld
180 2661 219 2702 est
231 2655 339 2702 ultimam
359 2652 541 2713 perlectionem,
557 2659 584 2699 ul
598 2654 623 2698 in
638 2652 789 2710 responsione
803 2649 859 2697 adi

61 2724 125 2772 putet.

89 2777 116 2840 [3)
124 2780 155 2826 lie
167 2781 204 2826 bis
216 2779 290 2824 etiam
301 2777 322 2832 Ι,
334 2775 415 2826 Sem„
424 2773 477 2822 dist.
489 2775 528 2833 te,
538 2780 621 2831 west.
631 2773 655 2833 1,
663 2781 707 2827 art.
718 2774 745 2828 33
757 2780 782 2819 et
793 2773 861 2818 Ceret.

62 2841 180 2902 Gerrt.,lih.
191 2843 236 2902 111,
248 2853 304 2897 cup.
315 2837 354 2892 203
365 2845 390 2883 et
398 2851 440 2894 qu.
451 2837 490 2900 20,
499 2839 528 2885 de
537 2838 604 2884 verit.
616 2843 661 2884 art.
670 2836 693 2892 ³5
704 2835 861 2888 etinllionpe.

60 2903 87 2947 de
98 2905 146 2951 dtu.
160 2907 246 2956 Nom„
256 2915 311 2960 cap.
326 2899 354 2961 5,
367 2901 414 2946 col.
425 2899 447 2946 1.
