1992 3342
109 179 153 227 itta
303 189 364 227 raas
378 191 401 239 ι,
417 188 509 234 oum.
527 188 590 239 xxx,
605 188 659 226 aar.
677 190 713 226 ιιι.

136 265 271 329 Respondes
290 264 426 328 dicendum,
445 263 507 329 quod
528 264 634 329 Magister
646 264 655 329 t
663 265 681 315 Ι.
696 266 776 321 Seni..
798 264 852 316 dist.
866 264 912 331 at)

107 337 173 402 ponit
189 336 252 401 qudd
263 337 358 387 termini
372 338 502 388 numerales
512 350 558 387 non
568 342 658 401 ponunt
675 336 759 401 aliquid
772 336 797 386 in
810 336 912 399 divims,

107 411 147 459 sed
161 412 279 459 removent
292 408 390 459 tantdm.
403 409 449 459 alii
461 408 515 459 vend
529 408 607 460 dicum
622 408 771 460 contrarium.

139 480 173 530 lid
189 479 328 530 evidentiam
345 480 415 543 igitur
427 480 496 545 hujus
514 480 702 532 considerandum
714 485 750 531 est
767 478 825 545 qudd
841 479 917 531 omnis

108 551 226 615 pluralitas
243 551 390 615 consequitur
401 552 500 616 aliquam
514 551 657 603 diuisionem.
677 553 717 603 list
733 555 810 602 autern
832 551 919 615 duplex

108 621 189 672 dinsio
208 636 278 676 :arna
289 623 429 687 mamnalis,
443 636 495 687 qua
510 623 535 673 lit
551 624 676 675 secundum
690 623 826 675 uldaomm
843 622 920 674 conti-

109 692 165 755 nui3
179 698 204 744 et
217 696 276 745 hauc
287 695 435 760 consequitur
446 708 555 747 nannenus
569 694 609 759 qui
619 699 654 745 est
667 694 755 759 species
765 693 918 758 quantitatis;

111 766 173 815 unde
188 766 240 816 talis
251 779 359 819 numerus
367 782 415 819 non
429 771 466 817 cst
478 766 522 817 nisi
535 766 561 817 in
570 769 639 819 rebus
651 767 807 819 materialibus
824 767 921 817 hahen-

109 838 172 889 tibus
185 839 336 902 quantitatem
348 841 455 890 :aliaest
468 839 549 890 divisio
563 840 735 905 formatisque
748 840 775 889 nt
786 852 828 904 per
842 852 922 905 oppo-

109 908 165 959 sitas
183 910 220 961 rel
234 910 335 962 diversas
352 912 450 974 tormas3
463 914 486 960 ct
498 912 559 961 hanc
571 911 707 963 diridonem
726 910 828 975 sequitur
841 910 922 960 multi-

109 981 166 1031 tudo
175 995 229 1044 quae
238 996 286 1033 non
296 986 332 1033 est
339 982 365 1033 in
373 982 450 1046 aliquo
460 996 555 1047 genere,
563 984 603 1033 sed
614 986 649 1037 est
658 984 686 1034 de
694 981 921 1047 transcendentibus,

109 1052 236 1103 secundnm
252 1052 368 1118 quddam
385 1053 493 1105 diuiditur
506 1068 548 1118 per
560 1068 640 1104 unum
661 1058 685 1105 et
697 1054 796 1117 multa·
810 1058 836 1103 et
849 1053 923 1103 talem

109 1122 281 1175 multitudinem
296 1126 368 1176 solam
381 1125 495 1187 contingit
505 1139 555 1177 esse
567 1126 592 1175 in
605 1127 674 1177 rebus
687 1124 888 1175 immaterialibus

141 1195 238 1255 Quidam
249 1196 318 1259 igitur
332 1210 380 1247 non
391 1197 563 1248 considerantes
579 1197 625 1247 nisi
639 1195 808 1247 multitudinem
819 1209 874 1260 que
885 1200 923 1249 est

108 1267 199 1331 species
209 1270 344 1332 quantitatis
354 1269 472 1333 decreta,
486 1269 661 1333 quia-ridebant
675 1268 735 1334 qudd
748 1268 865 1332 quantitas
874 1268 924 1319 dis-

108 1343 172 1391 creta
181 1354 228 1391 non
240 1342 310 1393 habet
322 1342 398 1393 locum
409 1342 435 1391 in
445 1341 528 1392 diriuis
533 1379 542 1407 ,
553 1346 679 1405 wsucrunt
692 1340 753 1406 quod
767 1338 862 1391 termini
875 1354 921 1391 nu·

110 1412 208 1463 merales
227 1427 276 1463 non
295 1419 385 1478 ponunt
404 1414 490 1477 aliquid
502 1414 528 1463 in
547 1416 611 1478 lieo,
623 1415 664 1465 sed
680 1416 801 1464 removent
818 1412 918 1463 tautlrm.

110 1485 155 1535 alil
168 1484 223 1535 vend
237 1486 342 1537 eamdem
352 1486 521 1536 multitudinem
532 1485 717 1549 considerantes,
729 1486 837 1535 dixerunt
847 1485 920 1550 quod,

110 1556 169 1606 sicut
188 1556 285 1607 scientia
303 1557 399 1621 ponitur
415 1558 440 1607 in
457 1558 505 1608 lieo
526 1556 650 1619 secundiani
671 1558 784 1609 rationem
802 1556 921 1621 propriam

111 1628 230 1690 scientie,
249 1642 296 1678 non
314 1633 394 1679 autem
410 1628 536 1679 secundum
551 1628 665 1679 rationem
680 1626 721 1679 sui
735 1627 827 1692 generis
848 1626 922 1693 (quia

113 1699 139 1748 iu
151 1700 198 1749 lieo
214 1699 277 1748 nulla
290 1703 325 1749 est
338 1699 464 1762 qualitas),
484 1699 517 1750 ita
533 1711 640 1750 uumerus
657 1701 683 1751 iu
702 1703 749 1751 lieo
769 1698 867 1763 ponitur
884 1712 922 1750 se-

113 1768 212 1822 cundirm
226 1770 343 1832 propriam
351 1770 464 1820 rationem
479 1771 585 1834 numen,
599 1785 645 1822 non
658 1774 735 1822 autem
746 1770 874 1825 sccunddm
885 1782 922 1822 ra·

114 1839 201 1890 donem
213 1839 252 1889 sui
264 1840 364 1904 generis,
377 1842 438 1905 quod
451 1844 486 1891 est
495 1841 619 1905 quantitas.
652 1876 653 1883 ι

143 1912 190 1962 Nos
200 1914 279 1962 numm
289 1910 386 1962 dicimus
397 1909 458 1975 qu'od
467 1912 561 1963 termini
570 1913 707 1967 numerales.
721 1911 850 1965 meandum
858 1912 922 1977 qudd

114 1982 212 2034 ueniunt
230 1983 255 2033 in
267 1982 454 2046 predicationem
472 1982 573 2033 divinam
579 2020 587 2046 ‚
600 1996 647 2033 non
664 1987 783 2033 sumuntur
795 1982 809 2033 ir
821 1996 921 2034 numero

114 2055 155 2117 qui
174 2059 211 2105 est
229 2055 319 2119 species
332 2054 479 2119 quantitatis,
491 2054 545 2119 quia
564 2054 597 2105 sic
614 2054 643 2105 dc
659 2056 708 2105 lieo
725 2068 773 2107 non
790 2054 921 2105 dicerentur

114 2126 159 2176 nisi
170 2126 324 2191 metaphorice
333 2129 343 2191 t
351 2126 411 2177 siccat
421 2130 445 2178 et
455 2126 507 2177 alia
516 2124 668 2191 proprietates
678 2124 847 2190 corporalium,
861 2125 921 2177 sicut
991 2178 992 2203 ¹

113 2197 224 2261 latitudo,
242 2198 359 2261 longitudo
379 2202 403 2248 et
419 2196 531 2262 similia);
549 2196 588 2247 sed
603 2202 726 2248 sumuntur
743 2195 921 2247 amultitudine
991 2204 992 2207 ’

113 2268 240 2320 secundun
262 2268 322 2333 quod
341 2272 377 2320 est
395 2270 567 2321 transcendens.
591 2268 712 2319 llarltitudo
734 2272 812 2319 autem
832 2268 867 2319 sio
884 2282 921 2319 ac·
991 2296 992 2301 κ

114 2343 195 2403 cepta,
203 2341 249 2391 hoc
256 2340 324 2391 modo
335 2354 359 2391 se
368 2341 439 2391 nabet
446 2342 477 2391 ad
485 2342 558 2391 multa
569 2341 596 2391 de
606 2338 691 2405 quidm
698 2340 851 2405 predicatur,
862 2339 921 2390 sicad
991 2348 992 2409 l

116 2425 196 2460 unum
209 2412 269 2473 quod
284 2411 425 2463 consertitur
435 2425 488 2462 cum
501 2416 568 2475 ente,
583 2413 611 2462 ad
627 2425 677 2462 cns.
692 2410 829 2476 liujusmodi
844 2414 922 2462 autern

115 2497 195 2534 naum
205 2482 276 2547 (siem
286 2484 449 2548 supradictum
458 2484 555 2535 est'cdm
564 2484 592 2534 de
601 2482 644 2534 liei
654 2482 741 2535 aniate
754 2481 920 2547 ageretur)(l)‚
991 2482 992 2491 ’

147 2662 182 2726 (1)
198 2667 310 2713 Nimirum
323 2674 407 2725 quaest
419 2667 446 2715 ll
458 2701 464 2727 ,
477 2674 522 2714 art.
535 2667 564 2724 1,
578 2680 607 2713 ex
620 2668 739 2727 professo,
753 2672 802 2711 tuna
818 2666 843 2711 in
855 2676 921 2725 corp.

117 2734 172 2784 art„
184 2734 233 2774 tum
245 2730 275 2774 ad
286 2732 299 2777 1
311 2737 336 2777 st
348 2732 377 2777 ad
386 2732 410 2790 3,
420 2743 462 2789 por
472 2729 605 2788 oppositum
617 2730 711 2776 ad-illud
723 2738 803 2775 enum
813 2730 878 2785 quod
887 2735 924 2775 est

116 2792 254 2849 principium
268 2794 374 2851 numeri,
386 2800 411 2840 st
422 2794 509 2839 lbidcrn
521 2792 607 2851 aliquid
619 2794 668 2839 euti
676 2792 829 2850 superaddere
839 2790 925 2837 dicitur·

118 2854 149 2898 ad
161 2866 233 2961 ῗοιιιιι
250 2856 388 2911 quantitatis
406 2857 536 2917 pertinens,
555 2857 610 2914 putd
625 2855 743 2917 discrete,
755 2861 782 2900 ιιι
799 2850 837 2899 utu
850 2855 923 2901 etlam

119 2928 164 2972 exp
173 2917 256 2963 icatur.
