1992 3342
123 219 169 266 tot
315 230 375 265 rurs
392 229 519 275 1‚onnsr.
536 228 601 276 ηε,
619 227 674 266 nur.
692 227 729 266 un.

122 303 285 369 prouidentiam
302 307 329 353 ut
349 304 436 354 seidcct
456 303 478 354 oi
494 304 620 368 imputetur
638 303 723 368 alimrid
743 304 774 354 ad
787 304 876 367 culpam
888 305 923 356 ret

123 375 153 424 ad
165 376 286 438 moritum,
301 378 325 425 et
336 375 443 426 reddatur
454 376 477 426 ei
489 375 574 439 aliquid
587 379 612 426 ut
622 389 691 439 poena
701 375 739 425 rel
755 375 887 439 premium.
899 379 924 426 Et

120 450 231 510 quantum
241 447 269 495 ad
280 447 337 508 troc,
351 460 431 496 curam
446 444 489 498 liei
502 447 622 510 Apostolus
635 445 649 496 d
660 447 733 496 bobus
743 451 865 510 removet,
879 462 925 498 non

122 521 202 568 tamur
218 516 251 566 ita
270 515 330 580 quid
343 516 461 568 indiuidua
479 518 645 568 irrationalium
664 519 823 568 ereaturarum
840 519 869 569 ad
885 520 924 569 Dei

122 587 290 654 prouidentiam
302 589 502 653 nonpertineant,
516 592 542 640 ut
555 589 629 640 nanti
642 589 733 652 Moyses
744 588 896 640 existimauit.

410 727 569 782 numenius
586 733 627 780 lii.

241 845 326 890 Utrum
337 847 402 890 Deus
411 845 547 890 immediati
556 846 666 890 omnibus
672 845 807 903 provideat.

152 965 188 1015 nd
199 964 292 1014 tertium
302 964 336 1014 sic
344 964 474 1028 proceditur
485 962 529 1028 (t),
540 963 633 1014 Videtur
643 963 704 1028 qudd
714 965 776 1014 Deus
787 979 835 1016 non
846 965 927 1018 imme

120 1035 181 1087 date
194 1036 300 1086 omnibus
311 1034 437 1098 provideat.
452 1034 564 1098 Quicquid
574 1035 635 1085 enim
646 1038 681 1085 est
693 1034 822 1099 dignitatis,
833 1037 883 1090 Deo
895 1045 927 1089 est

120 1107 299 1158 attribuendum.
310 1107 356 1172 Sed
369 1107 398 1156 ad
414 1106 548 1169 dignitatem
562 1107 659 1170 aiicujus
676 1107 737 1170 regis
749 1107 854 1171 pertinet
870 1109 927 1174 qudd

120 1179 205 1228 haheat
214 1178 341 1242 ministros,
354 1177 439 1242 quibus
451 1178 614 1241 mediantibus,
625 1178 721 1228 subditis
730 1179 860 1241 provideat.
870 1182 928 1244 Ergo

121 1249 193 1300 muitd
204 1250 279 1313 magis
290 1251 352 1300 tiens
365 1263 410 1298 non
425 1247 558 1298 immediati
574 1249 679 1300 omnibus
694 1249 810 1314 providet.

146 1325 178 1379 ,1.
191 1325 321 1383 Preterea,
340 1321 370 1371 ad
385 1320 552 1384 prouidentiam
568 1321 668 1384 pertinet
681 1333 718 1371 res
734 1321 759 1370 iu
780 1321 853 1372 finem
872 1324 930 1373 ordi-

122 1404 194 1457 arre3
208 1393 261 1442 duis
272 1396 350 1442 autem
362 1391 486 1455 cujustibet
502 1389 536 1440 rei
550 1394 585 1440 est
602 1391 654 1454 ejus
666 1391 782 1454 perfectio
796 1397 821 1443 et
832 1394 928 1445 bonum.

122 1464 291 1527 inmaniter
301 1467 482 1513 autemcausam
494 1461 595 1526 pertinet
606 1463 713 1512 edoctum
725 1475 794 1513 suum
805 1466 930 1528 perducere

123 1534 152 1584 ud
172 1536 277 1597 bonum;
297 1534 407 1596 quaento
423 1533 493 1595 igitur
513 1545 582 1582 causa
598 1546 671 1596 agens
692 1536 728 1583 est
746 1547 819 1585 causa
837 1537 932 1586 effectis

122 1605 283 1669 prouidentia.
294 1605 320 1654 Si
329 1604 400 1666 igitur
413 1606 473 1654 Deus
484 1603 593 1654 omnibus
600 1603 729 1654 immediate
742 1604 869 1671 providet,
880 1608 931 1658 sui-

122 1679 246 1727 trahuntur
256 1689 337 1726 omnes
350 1689 425 1726 cause
436 1676 552 1726 secunde.

154 1751 178 1796 a.
191 1747 324 1808 Preterea,
339 1746 479 1809 Augustinus
489 1745 544 1796 dicit
556 1746 581 1795 in
592 1743 669 1794 Enni.
683 1744 727 1808 (a),
740 1745 803 1808 quid
821 1766 836 1796 u
850 1749 933 1798 molius

123 1822 159 1870 est
167 1818 272 1881 quedam
283 1817 373 1869 nescire
381 1817 450 1881 quim
456 1818 525 1882 sono,
533 1831 547 1864 ε
556 1820 583 1866 nt
595 1815 658 1866 uilia.
671 1817 699 1866 Et
712 1816 776 1866 idem
788 1819 844 1869 dicit
857 1821 933 1870 Philo-

122 1892 208 1954 sopitus
224 1890 323 1952 initii,
340 1889 448 1952 diotrepi.
463 1904 472 1938 :
490 1889 532 1939 sed
546 1901 637 1938 «omne
650 1887 710 1950 qudd
721 1891 757 1937 est
772 1891 934 1955 melius,1teo

123 1967 158 2014 ent
170 1962 343 2014 attribuendum
355 1976 360 2009 :
370 1976 384 2007 u
397 1973 452 2022 ergo
460 1960 520 2012 Dente
529 1973 575 2009 non
588 1959 657 2008 habet
666 1958 799 2010 immediate
810 1963 935 2026 prouiden-

124 2036 182 2086 tiam
195 2035 339 2099 quorundam
352 2032 434 2082 uilium
445 2034 470 2082 et
482 2031 636 2081 minimorum.

154 2106 201 2156 Sed
210 2109 291 2155 contra
300 2108 336 2154 est
348 2103 409 2167 qnod
422 2100 506 2152 dicitur
516 2101 570 2158 toi,
585 2101 675 2151 XXXIV
688 2116 693 2150 :
705 2103 803 2161 «Quem
816 2104 936 2155 coustituit

124 2177 194 2226 alium
215 2174 402 2240 superterram?
423 2178 464 2225 aut
476 2187 544 2237 quern
565 2172 642 2236 posuit
661 2185 730 2236 super
748 2175 831 2224 orbem
840 2214 849 2240 ,
866 2189 935 2240 quem

124 2248 251 2298 fabricatus
265 2247 318 2298 esti
329 2263 343 2293 r
357 2247 433 2309 Super
444 2252 491 2309 quun
504 2245 559 2295 dicit
572 2241 694 2306 Gregorius
709 2259 715 2292 :
736 2261 750 2291 n
768 2246 882 2298 Mundum
894 2261 936 2312 per

124 2317 227 2381 seipsum
240 2317 315 2382 regit,
330 2331 399 2381 quem
411 2316 567 2380 perseipsum
578 2315 678 2365 coaddit
693 2315 739 2378 (3).·
749 2331 765 2361 »

160 2431 191 2495 (i)
208 2438 242 2480 lie
251 2436 366 2481 bisetium
376 2435 446 2494 iutra,
461 2440 544 2491 quaest.
559 2432 613 2492 103,
625 2440 669 2478 art.
683 2432 715 2486 ti;
728 2439 754 2479 et
767 2434 839 2482 Corui.
853 2437 941 2485 Geni..

125 2494 168 2543 lib.
187 2499 230 2555 111,
252 2509 304 2554 cap.
326 2497 370 2555 76,
390 2497 436 2557 Π,
455 2496 501 2556 83,
519 2495 563 2548 {th
577 2501 600 2541 et
615 2495 704 2554 Opitre.
716 2494 747 2554 3,
762 2509 819 2554 cap.
836 2497 898 2552 1⁵⁴³
913 2507 942 2544 er

127 2559 217 2618 Opust.
231 2559 278 2618 15,
292 2572 346 2616 cap.
360 2558 400 2604 ii.

160 2627 192 2690 (ἢ)
208 2633 238 2676 Ut
259 2643 312 2686 cap.
334 2629 381 2690 17,
402 2631 480 2676 vidore
499 2634 536 2674 est
554 2628 622 2684 puuid
635 2627 741 2684 pleniter
760 2629 803 2673 uiri
824 2629 892 2674 utitur
913 2631 945 2676 iu

125 2693 257 2748 exemptum
269 2705 316 2736 non
331 2693 407 2750 uideri,
426 2693 467 2738 red
480 2691 609 2735 nesciocui
626 2691 709 2735 minin
722 2691 812 2736 utilio.
826 2691 947 2738 Indefini-

124 2754 172 2800 tiud
186 2760 263 2799 autem
276 2755 428 2811 Philosophus
441 2756 493 2800 XII.
508 2752 625 2812 Metapt„
638 2757 695 2798 text.
709 2749 755 2810 51,
771 2753 823 2800 sire
841 2765 898 2810 cap.
912 2755 946 2802 9.

159 2821 318 2886 (atterutrum
337 2826 379 2872 lib.
401 2825 431 2869 ii
450 2825 593 2882 Horatium,
613 2835 665 2880 cap.
681 2823 722 2881 11,
738 2825 777 2870 uel
792 2825 817 2870 iu
834 2825 952 2882 antiquis

127 2887 247 2934 codicibus
260 2901 314 2945 cap.
331 2887 370 2933 26.
386 2888 431 2933 Uiri
446 2893 472 2934 et
486 2887 567 2933 addit:
584 2887 633 2934 Nec
649 2885 744 2943 indtqet
757 2887 852 2932 attente
862 2887 953 2944 adju.

128 2950 201 2994 tortis
213 2950 245 2995 ud
258 2950 392 3008 rependum
404 2952 447 3007 qui
459 2963 511 2995 nort
524 2951 591 3008 uouit
600 2949 656 2994 iiiir
666 2948 698 2994 nd
710 2949 869 3006 [uniendum.
