<?xml version="1.0" encoding="UTF-8"?>
<!DOCTYPE html PUBLIC "-//W3C//DTD XHTML 1.0 Transitional//EN"
    "http://www.w3.org/TR/xhtml1/DTD/xhtml1-transitional.dtd">
<html xmlns="http://www.w3.org/1999/xhtml" xml:lang="en" lang="en">
 <head>
  <title>
</title>
<meta http-equiv="Content-Type" content="text/html;charset=utf-8" />
  <meta name='ocr-system' content='tesseract 3.04.00' />
  <meta name='ocr-capabilities' content='ocr_page ocr_carea ocr_par ocr_line ocrx_word'/>
</head>
<body>
  <div class='ocr_page' id='page_1' title='image "./summatheologica04nicogoog_0560.png"; bbox 0 0 1992 3342; ppageno 0'>
   <div class='ocr_carea' id='block_1_1' title="bbox 243 194 878 253">
    <p class='ocr_par' dir='ltr' id='par_1_1' title="bbox 243 194 878 253">
     <span class='ocr_line' id='line_1_1' title="bbox 243 194 878 253; baseline 0.013 -12"><span class='ocrx_word' id='word_1_1' title='bbox 243 194 276 243; x_wconf 85' lang='lat' dir='ltr'><strong>tur</strong></span> <span class='ocrx_word' id='word_1_2' title='bbox 290 198 403 249; x_wconf 78' lang='lat' dir='ltr'><strong>esasoms</strong></span> <span class='ocrx_word' id='word_1_3' title='bbox 418 203 452 245; x_wconf 80' lang='lat' dir='ltr'><strong>ns</strong></span> <span class='ocrx_word' id='word_1_4' title='bbox 465 198 597 253; x_wconf 79' lang='lat' dir='ltr'><strong>rssmrrsu</strong></span> <span class='ocrx_word' id='word_1_5' title='bbox 612 199 717 250; x_wconf 80' lang='lat' dir='ltr'><strong>munim.</strong></span> <span class='ocrx_word' id='word_1_6' title='bbox 833 196 878 249; x_wconf 69' lang='lat'><strong>555</strong></span> 
     </span>
    </p>
   </div>
   <div class='ocr_carea' id='block_1_2' title="bbox 49 273 915 2567">
    <p class='ocr_par' dir='ltr' id='par_1_2' title="bbox 77 273 880 560">
     <span class='ocr_line' id='line_1_2' title="bbox 77 273 878 353; baseline 0.009 -21"><span class='ocrx_word' id='word_1_7' title='bbox 77 273 173 347; x_wconf 85' lang='lat' dir='ltr'><strong>quidem</strong></span> <span class='ocrx_word' id='word_1_8' title='bbox 182 295 233 346; x_wconf 74' lang='lat' dir='ltr'><strong>qum</strong></span> <span class='ocrx_word' id='word_1_9' title='bbox 245 283 385 334; x_wconf 82' lang='lat' dir='ltr'><strong>substantive</strong></span> <span class='ocrx_word' id='word_1_10' title='bbox 400 284 523 334; x_wconf 79' lang='lat' dir='ltr'>essentiam</span> <span class='ocrx_word' id='word_1_11' title='bbox 533 286 673 347; x_wconf 81' lang='lat' dir='ltr'><strong>significant,</strong></span> <span class='ocrx_word' id='word_1_12' title='bbox 685 286 839 353; x_wconf 78' lang='lat' dir='ltr'><strong>predicantur</strong></span> <span class='ocrx_word' id='word_1_13' title='bbox 850 290 878 339; x_wconf 91' lang='lat' dir='ltr'><strong>de</strong></span> 
     </span>
     <span class='ocr_line' id='line_1_3' title="bbox 77 353 879 425; baseline 0.01 -22"><span class='ocrx_word' id='word_1_14' title='bbox 77 354 153 403; x_wconf 88' lang='lat' dir='ltr'><strong>tribus</strong></span> <span class='ocrx_word' id='word_1_15' title='bbox 163 353 267 417; x_wconf 88' lang='lat' dir='ltr'><strong>personis</strong></span> <span class='ocrx_word' id='word_1_16' title='bbox 274 354 418 417; x_wconf 70' lang='lat' dir='ltr'>singulariter</span> <span class='ocrx_word' id='word_1_17' title='bbox 428 354 530 419; x_wconf 84' lang='lat' dir='ltr'><strong>tantim,</strong></span> <span class='ocrx_word' id='word_1_18' title='bbox 541 360 564 405; x_wconf 92' lang='lat' dir='ltr'><strong>et</strong></span> <span class='ocrx_word' id='word_1_19' title='bbox 571 371 617 407; x_wconf 91' lang='lat' dir='ltr'><strong>non</strong></span> <span class='ocrx_word' id='word_1_20' title='bbox 625 358 754 422; x_wconf 67' lang='lat' dir='ltr'><strong>pluralitem</strong></span> <span class='ocrx_word' id='word_1_21' title='bbox 763 375 813 425; x_wconf 81' lang='lat' dir='ltr'><strong>quar</strong></span> <span class='ocrx_word' id='word_1_22' title='bbox 823 360 879 411; x_wconf 87' lang='lat' dir='ltr'><strong>uer&#39;o</strong></span> 
     </span>
     <span class='ocr_line' id='line_1_4' title="bbox 77 424 880 546; baseline 0.01 -73"><span class='ocrx_word' id='word_1_23' title='bbox 77 424 328 546; x_wconf 51' lang='grc' dir='ltr'><strong>ηάῂῗῖίζέᾒοεεειιιὶαω</strong></span> <span class='ocrx_word' id='word_1_24' title='bbox 336 426 479 491; x_wconf 85' lang='lat' dir='ltr'><strong>signiticant,</strong></span> <span class='ocrx_word' id='word_1_25' title='bbox 488 428 638 501; x_wconf 71' lang='lat' dir='ltr'><strong>praedicantur</strong></span> <span class='ocrx_word' id='word_1_26' title='bbox 652 430 679 479; x_wconf 90' lang='lat' dir='ltr'><strong>de</strong></span> <span class='ocrx_word' id='word_1_27' title='bbox 691 429 764 481; x_wconf 89' lang='lat' dir='ltr'><strong>tribus</strong></span> <span class='ocrx_word' id='word_1_28' title='bbox 777 430 880 497; x_wconf 87' lang='lat' dir='ltr'><strong>personis</strong></span> 
     </span>
     <span class='ocr_line' id='line_1_5' title="bbox 79 510 216 560; baseline 0.015 -15"><span class='ocrx_word' id='word_1_29' title='bbox 79 510 102 545; x_wconf 83' lang='lat' dir='ltr'><strong>ro</strong></span> <span class='ocrx_word' id='word_1_30' title='bbox 122 511 162 560; x_wconf 92' lang='lat' dir='ltr'><strong>pu</strong></span> <span class='ocrx_word' id='word_1_31' title='bbox 210 536 216 547; x_wconf 93' lang='lat'>.</span> 
     </span>
    </p>

    <p class='ocr_par' dir='ltr' id='par_1_3' title="bbox 49 569 915 2567">
     <span class='ocr_line' id='line_1_6' title="bbox 110 569 879 639; baseline 0.008 -20"><span class='ocrx_word' id='word_1_32' title='bbox 110 569 181 633; x_wconf 81' lang='lat' dir='ltr'><strong>Curjus</strong></span> <span class='ocrx_word' id='word_1_33' title='bbox 195 569 252 619; x_wconf 87' lang='lat' dir='ltr'><strong>ratio</strong></span> <span class='ocrx_word' id='word_1_34' title='bbox 266 574 313 633; x_wconf 88' lang='lat' dir='ltr'><strong>est,</strong></span> <span class='ocrx_word' id='word_1_35' title='bbox 325 569 378 634; x_wconf 89' lang='lat' dir='ltr'><strong>quia</strong></span> <span class='ocrx_word' id='word_1_36' title='bbox 389 571 484 621; x_wconf 88' lang='lat' dir='ltr'><strong>nomina</strong></span> <span class='ocrx_word' id='word_1_37' title='bbox 497 572 638 623; x_wconf 87' lang='lat' dir='ltr'><strong>substantiva</strong></span> <span class='ocrx_word' id='word_1_38' title='bbox 650 572 779 636; x_wconf 86' lang='lat' dir='ltr'><strong>significant</strong></span> <span class='ocrx_word' id='word_1_39' title='bbox 794 574 879 639; x_wconf 81' lang='lat' dir='ltr'><strong>aliquid</strong></span> 
     </span>
     <span class='ocr_line' id='line_1_7' title="bbox 78 640 880 707; baseline 0.01 -18"><span class='ocrx_word' id='word_1_40' title='bbox 78 640 225 703; x_wconf 80' lang='lat' dir='ltr'><strong>posmodum</strong></span> <span class='ocrx_word' id='word_1_41' title='bbox 238 642 382 707; x_wconf 78' lang='lat' dir='ltr'><strong>substantie,</strong></span> <span class='ocrx_word' id='word_1_42' title='bbox 396 643 489 693; x_wconf 89' lang='lat' dir='ltr'><strong>nomina</strong></span> <span class='ocrx_word' id='word_1_43' title='bbox 503 642 556 696; x_wconf 78' lang='lat' dir='ltr'><strong>vend</strong></span> <span class='ocrx_word' id='word_1_44' title='bbox 567 644 680 707; x_wconf 82' lang='lat' dir='ltr'><strong>adjectiva</strong></span> <span class='ocrx_word' id='word_1_45' title='bbox 698 644 826 707; x_wconf 83' lang='lat' dir='ltr'><strong>significant</strong></span> <span class='ocrx_word' id='word_1_46' title='bbox 839 646 880 697; x_wconf 89' lang='lat' dir='ltr'><strong>ali-</strong></span> 
     </span>
     <span class='ocr_line' id='line_1_8' title="bbox 78 710 881 779; baseline 0.01 -20"><span class='ocrx_word' id='word_1_47' title='bbox 78 711 132 774; x_wconf 82' lang='lat' dir='ltr'><strong>quid</strong></span> <span class='ocrx_word' id='word_1_48' title='bbox 149 710 293 775; x_wconf 88' lang='lat' dir='ltr'><strong>permodum</strong></span> <span class='ocrx_word' id='word_1_49' title='bbox 307 713 431 763; x_wconf 88' lang='lat' dir='ltr'><strong>accidentis</strong></span> <span class='ocrx_word' id='word_1_50' title='bbox 443 710 503 777; x_wconf 87' lang='lat' dir='ltr'><strong>quod</strong></span> <span class='ocrx_word' id='word_1_51' title='bbox 517 714 613 765; x_wconf 76' lang='lat' dir='ltr'><strong>inheret</strong></span> <span class='ocrx_word' id='word_1_52' title='bbox 622 715 733 779; x_wconf 85' lang='lat' dir='ltr'><strong>subjecto.</strong></span> <span class='ocrx_word' id='word_1_53' title='bbox 749 716 881 767; x_wconf 68' lang='lat' dir='ltr'>Substantia</span> 
     </span>
     <span class='ocr_line' id='line_1_9' title="bbox 79 784 881 851; baseline 0.007 -19"><span class='ocrx_word' id='word_1_54' title='bbox 79 788 156 835; x_wconf 72' lang='lat' dir='ltr'><strong>aretem</strong></span> <span class='ocrx_word' id='word_1_55' title='bbox 168 784 228 835; x_wconf 82' lang='lat' dir='ltr'><strong>sicud</strong></span> <span class='ocrx_word' id='word_1_56' title='bbox 241 798 284 849; x_wconf 90' lang='lat' dir='ltr'><strong>per</strong></span> <span class='ocrx_word' id='word_1_57' title='bbox 297 799 321 835; x_wconf 89' lang='lat' dir='ltr'><strong>se</strong></span> <span class='ocrx_word' id='word_1_58' title='bbox 337 786 407 835; x_wconf 84' lang='lat' dir='ltr'><strong>habet</strong></span> <span class='ocrx_word' id='word_1_59' title='bbox 423 801 487 849; x_wconf 83' lang='lat' dir='ltr'><strong>esse,</strong></span> <span class='ocrx_word' id='word_1_60' title='bbox 501 786 534 837; x_wconf 91' lang='lat' dir='ltr'><strong>ita</strong></span> <span class='ocrx_word' id='word_1_61' title='bbox 547 800 588 851; x_wconf 90' lang='lat' dir='ltr'><strong>per</strong></span> <span class='ocrx_word' id='word_1_62' title='bbox 599 787 702 837; x_wconf 84' lang='lat' dir='ltr'><strong>sehabet</strong></span> <span class='ocrx_word' id='word_1_63' title='bbox 718 788 828 838; x_wconf 91' lang='lat' dir='ltr'><strong>unitatem</strong></span> <span class='ocrx_word' id='word_1_64' title='bbox 843 790 881 839; x_wconf 84' lang='lat' dir='ltr'><strong>uel</strong></span> 
     </span>
     <span class='ocr_line' id='line_1_10' title="bbox 80 855 881 925; baseline 0.006 -21"><span class='ocrx_word' id='word_1_65' title='bbox 80 855 264 925; x_wconf 64' lang='lat' dir='ltr'><strong>multitudinem</strong></span> <span class='ocrx_word' id='word_1_66' title='bbox 276 857 335 907; x_wconf 90' lang='lat' dir='ltr'><strong>unde</strong></span> <span class='ocrx_word' id='word_1_67' title='bbox 349 860 373 908; x_wconf 91' lang='lat' dir='ltr'><strong>et</strong></span> <span class='ocrx_word' id='word_1_68' title='bbox 386 858 533 921; x_wconf 80' lang='lat' dir='ltr'><strong>singularitas</strong></span> <span class='ocrx_word' id='word_1_69' title='bbox 545 858 582 908; x_wconf 86' lang='lat' dir='ltr'><strong>vel</strong></span> <span class='ocrx_word' id='word_1_70' title='bbox 596 858 713 922; x_wconf 80' lang='lat' dir='ltr'><strong>pluralitas</strong></span> <span class='ocrx_word' id='word_1_71' title='bbox 722 860 819 910; x_wconf 90' lang='lat' dir='ltr'><strong>nominis</strong></span> <span class='ocrx_word' id='word_1_72' title='bbox 828 860 881 909; x_wconf 90' lang='lat' dir='ltr'><strong>sub·</strong></span> 
     </span>
     <span class='ocr_line' id='line_1_11' title="bbox 79 927 879 993; baseline 0.005 -18"><span class='ocrx_word' id='word_1_73' title='bbox 79 927 173 977; x_wconf 80' lang='lat' dir='ltr'><strong>stantivi</strong></span> <span class='ocrx_word' id='word_1_74' title='bbox 187 928 311 978; x_wconf 89' lang='lat' dir='ltr'><strong>attenditur</strong></span> <span class='ocrx_word' id='word_1_75' title='bbox 323 928 451 980; x_wconf 81' lang='lat' dir='ltr'><strong>secundinm</strong></span> <span class='ocrx_word' id='word_1_76' title='bbox 461 929 557 980; x_wconf 86' lang='lat' dir='ltr'><strong>formam</strong></span> <span class='ocrx_word' id='word_1_77' title='bbox 574 929 723 991; x_wconf 82' lang='lat' dir='ltr'><strong>significatam</strong></span> <span class='ocrx_word' id='word_1_78' title='bbox 736 944 778 993; x_wconf 90' lang='lat' dir='ltr'><strong>per</strong></span> <span class='ocrx_word' id='word_1_79' title='bbox 787 944 879 981; x_wconf 89' lang='lat' dir='ltr'><strong>nomen.</strong></span> 
     </span>
     <span class='ocr_line' id='line_1_12' title="bbox 79 998 880 1065; baseline 0.005 -18"><span class='ocrx_word' id='word_1_80' title='bbox 79 998 212 1048; x_wconf 81' lang='lat' dir='ltr'><strong>decidentia</strong></span> <span class='ocrx_word' id='word_1_81' title='bbox 221 1004 298 1049; x_wconf 90' lang='lat' dir='ltr'><strong>autem</strong></span> <span class='ocrx_word' id='word_1_82' title='bbox 312 1000 370 1050; x_wconf 81' lang='lat' dir='ltr'><strong>sicud</strong></span> <span class='ocrx_word' id='word_1_83' title='bbox 378 1015 429 1050; x_wconf 84' lang='lat' dir='ltr'><strong>esse</strong></span> <span class='ocrx_word' id='word_1_84' title='bbox 441 1002 528 1053; x_wconf 86' lang='lat' dir='ltr'><strong>habent</strong></span> <span class='ocrx_word' id='word_1_85' title='bbox 539 1001 563 1050; x_wconf 93' lang='lat' dir='ltr'><strong>in</strong></span> <span class='ocrx_word' id='word_1_86' title='bbox 572 1001 689 1065; x_wconf 87' lang='lat' dir='ltr'><strong>subjecto,</strong></span> <span class='ocrx_word' id='word_1_87' title='bbox 699 1001 731 1051; x_wconf 88' lang='lat' dir='ltr'><strong>ita</strong></span> <span class='ocrx_word' id='word_1_88' title='bbox 742 1015 770 1051; x_wconf 85' lang='lat' dir='ltr'><strong>en</strong></span> <span class='ocrx_word' id='word_1_89' title='bbox 779 1002 880 1065; x_wconf 85' lang='lat' dir='ltr'><strong>subjecto</strong></span> 
     </span>
     <span class='ocr_line' id='line_1_13' title="bbox 80 1069 881 1140; baseline 0.007 -23"><span class='ocrx_word' id='word_1_90' title='bbox 80 1069 207 1134; x_wconf 85' lang='lat' dir='ltr'><strong>suscipiunt</strong></span> <span class='ocrx_word' id='word_1_91' title='bbox 221 1072 332 1122; x_wconf 87' lang='lat' dir='ltr'><strong>unitatem</strong></span> <span class='ocrx_word' id='word_1_92' title='bbox 344 1073 383 1122; x_wconf 83' lang='lat' dir='ltr'><strong>nel</strong></span> <span class='ocrx_word' id='word_1_93' title='bbox 393 1072 575 1136; x_wconf 88' lang='lat' dir='ltr'><strong>multitudinem;</strong></span> <span class='ocrx_word' id='word_1_94' title='bbox 586 1077 610 1123; x_wconf 91' lang='lat' dir='ltr'><strong>et</strong></span> <span class='ocrx_word' id='word_1_95' title='bbox 620 1072 671 1123; x_wconf 89' lang='lat' dir='ltr'><strong>ideo</strong></span> <span class='ocrx_word' id='word_1_96' title='bbox 682 1072 706 1121; x_wconf 94' lang='lat' dir='ltr'><strong>in</strong></span> <span class='ocrx_word' id='word_1_97' title='bbox 717 1073 836 1140; x_wconf 83' lang='lat' dir='ltr'><strong>adjectivis</strong></span> <span class='ocrx_word' id='word_1_98' title='bbox 847 1078 881 1123; x_wconf 90' lang='lat' dir='ltr'><strong>at·</strong></span> 
     </span>
     <span class='ocr_line' id='line_1_14' title="bbox 80 1141 882 1207; baseline 0.006 -17"><span class='ocrx_word' id='word_1_99' title='bbox 80 1141 181 1191; x_wconf 85' lang='lat' dir='ltr'><strong>tenditur</strong></span> <span class='ocrx_word' id='word_1_100' title='bbox 193 1141 340 1205; x_wconf 79' lang='lat' dir='ltr'><strong>singularitas</strong></span> <span class='ocrx_word' id='word_1_101' title='bbox 349 1146 372 1193; x_wconf 89' lang='lat' dir='ltr'><strong>et</strong></span> <span class='ocrx_word' id='word_1_102' title='bbox 381 1144 500 1207; x_wconf 82' lang='lat' dir='ltr'><strong>pluralitas</strong></span> <span class='ocrx_word' id='word_1_103' title='bbox 510 1144 634 1195; x_wconf 84' lang='lat' dir='ltr'><strong>secundino</strong></span> <span class='ocrx_word' id='word_1_104' title='bbox 647 1144 771 1207; x_wconf 88' lang='lat' dir='ltr'><strong>supposita.</strong></span> <span class='ocrx_word' id='word_1_105' title='bbox 785 1146 882 1195; x_wconf 81' lang='lat' dir='ltr'><strong>lucren-</strong></span> 
     </span>
     <span class='ocr_line' id='line_1_15' title="bbox 80 1212 882 1281; baseline 0.006 -20"><span class='ocrx_word' id='word_1_106' title='bbox 80 1212 136 1263; x_wconf 85' lang='lat' dir='ltr'><strong>turis</strong></span> <span class='ocrx_word' id='word_1_107' title='bbox 144 1217 222 1264; x_wconf 88' lang='lat' dir='ltr'><strong>antem</strong></span> <span class='ocrx_word' id='word_1_108' title='bbox 232 1227 278 1263; x_wconf 91' lang='lat' dir='ltr'><strong>uon</strong></span> <span class='ocrx_word' id='word_1_109' title='bbox 285 1214 402 1265; x_wconf 86' lang='lat' dir='ltr'><strong>invenitur</strong></span> <span class='ocrx_word' id='word_1_110' title='bbox 412 1229 458 1265; x_wconf 91' lang='lat' dir='ltr'><strong>una</strong></span> <span class='ocrx_word' id='word_1_111' title='bbox 467 1215 540 1265; x_wconf 86' lang='lat' dir='ltr'><strong>torma</strong></span> <span class='ocrx_word' id='word_1_112' title='bbox 551 1216 575 1265; x_wconf 87' lang='lat' dir='ltr'><strong>io</strong></span> <span class='ocrx_word' id='word_1_113' title='bbox 585 1215 688 1279; x_wconf 79' lang='lat' dir='ltr'><strong>pluribus</strong></span> <span class='ocrx_word' id='word_1_114' title='bbox 695 1216 830 1281; x_wconf 80' lang='lat' dir='ltr'><strong>suppositis,</strong></span> <span class='ocrx_word' id='word_1_115' title='bbox 837 1216 882 1267; x_wconf 88' lang='lat' dir='ltr'><strong>nisi</strong></span> 
     </span>
     <span class='ocr_line' id='line_1_16' title="bbox 78 1284 880 1349; baseline 0.005 -15"><span class='ocrx_word' id='word_1_116' title='bbox 78 1286 165 1335; x_wconf 87' lang='lat' dir='ltr'><strong>unitate</strong></span> <span class='ocrx_word' id='word_1_117' title='bbox 176 1284 277 1349; x_wconf 88' lang='lat' dir='ltr'><strong>ordinis,</strong></span> <span class='ocrx_word' id='word_1_118' title='bbox 288 1290 314 1336; x_wconf 94' lang='lat' dir='ltr'><strong>ut</strong></span> <span class='ocrx_word' id='word_1_119' title='bbox 325 1286 397 1337; x_wconf 85' lang='lat' dir='ltr'><strong>torma</strong></span> <span class='ocrx_word' id='word_1_120' title='bbox 411 1286 561 1337; x_wconf 91' lang='lat' dir='ltr'><strong>multitudinis</strong></span> <span class='ocrx_word' id='word_1_121' title='bbox 575 1286 698 1349; x_wconf 77' lang='lat' dir='ltr'><strong>ordinatae3</strong></span> <span class='ocrx_word' id='word_1_122' title='bbox 713 1286 774 1337; x_wconf 88' lang='lat' dir='ltr'><strong>unde</strong></span> <span class='ocrx_word' id='word_1_123' title='bbox 788 1288 880 1339; x_wconf 90' lang='lat' dir='ltr'><strong>nomina</strong></span> 
     </span>
     <span class='ocr_line' id='line_1_17' title="bbox 79 1356 880 1421; baseline 0.004 -16"><span class='ocrx_word' id='word_1_124' title='bbox 79 1356 230 1419; x_wconf 86' lang='lat' dir='ltr'><strong>significantia</strong></span> <span class='ocrx_word' id='word_1_125' title='bbox 241 1356 310 1406; x_wconf 89' lang='lat' dir='ltr'><strong>talem</strong></span> <span class='ocrx_word' id='word_1_126' title='bbox 318 1356 413 1407; x_wconf 85' lang='lat' dir='ltr'><strong>termam</strong></span> <span class='ocrx_word' id='word_1_127' title='bbox 418 1396 427 1421; x_wconf 85' lang='grc'>,</span> <span class='ocrx_word' id='word_1_128' title='bbox 437 1358 457 1407; x_wconf 90' lang='lat' dir='ltr'><strong>si</strong></span> <span class='ocrx_word' id='word_1_129' title='bbox 467 1357 514 1407; x_wconf 92' lang='lat' dir='ltr'><strong>sint</strong></span> <span class='ocrx_word' id='word_1_130' title='bbox 526 1356 680 1420; x_wconf 84' lang='lat' dir='ltr'><strong>substantiva,</strong></span> <span class='ocrx_word' id='word_1_131' title='bbox 688 1358 841 1421; x_wconf 69' lang='lat' dir='ltr'><strong>praedicantur</strong></span> <span class='ocrx_word' id='word_1_132' title='bbox 852 1359 880 1409; x_wconf 90' lang='lat' dir='ltr'><strong>de</strong></span> 
     </span>
     <span class='ocr_line' id='line_1_18' title="bbox 80 1428 915 1493; baseline 0.004 -17"><span class='ocrx_word' id='word_1_133' title='bbox 80 1428 182 1491; x_wconf 85' lang='lat' dir='ltr'><strong>pluribus</strong></span> <span class='ocrx_word' id='word_1_134' title='bbox 197 1429 223 1478; x_wconf 94' lang='lat' dir='ltr'><strong>in</strong></span> <span class='ocrx_word' id='word_1_135' title='bbox 236 1428 357 1492; x_wconf 81' lang='lat' dir='ltr'><strong>singuluri3</strong></span> <span class='ocrx_word' id='word_1_136' title='bbox 372 1443 419 1480; x_wconf 92' lang='lat' dir='ltr'><strong>non</strong></span> <span class='ocrx_word' id='word_1_137' title='bbox 434 1432 528 1493; x_wconf 90' lang='lat' dir='ltr'><strong>autem,</strong></span> <span class='ocrx_word' id='word_1_138' title='bbox 541 1428 562 1479; x_wconf 92' lang='lat' dir='ltr'><strong>si</strong></span> <span class='ocrx_word' id='word_1_139' title='bbox 571 1429 617 1480; x_wconf 91' lang='lat' dir='ltr'><strong>sint</strong></span> <span class='ocrx_word' id='word_1_140' title='bbox 633 1428 747 1493; x_wconf 84' lang='lat' dir='ltr'><strong>adjectiva</strong></span> <span class='ocrx_word' id='word_1_141' title='bbox 764 1445 769 1478; x_wconf 96' lang='lat'>:</span> <span class='ocrx_word' id='word_1_142' title='bbox 785 1428 881 1487; x_wconf 80' lang='lat' dir='ltr'><strong>dicimus</strong></span> <span class='ocrx_word' id='word_1_143' title='bbox 905 1440 915 1463; x_wconf 62' lang='lat'><em>³</em></span> 
     </span>
     <span class='ocr_line' id='line_1_19' title="bbox 82 1496 881 1564; baseline 0.003 -16"><span class='ocrx_word' id='word_1_144' title='bbox 82 1496 141 1549; x_wconf 88' lang='lat' dir='ltr'><strong>enim</strong></span> <span class='ocrx_word' id='word_1_145' title='bbox 154 1498 216 1564; x_wconf 82' lang='lat' dir='ltr'><strong>quod</strong></span> <span class='ocrx_word' id='word_1_146' title='bbox 229 1499 295 1551; x_wconf 83' lang='lat' dir='ltr'><strong>muti</strong></span> <span class='ocrx_word' id='word_1_147' title='bbox 309 1498 414 1550; x_wconf 91' lang='lat' dir='ltr'><strong>homines</strong></span> <span class='ocrx_word' id='word_1_148' title='bbox 427 1505 480 1550; x_wconf 89' lang='lat' dir='ltr'><strong>suot</strong></span> <span class='ocrx_word' id='word_1_149' title='bbox 494 1500 629 1564; x_wconf 76' lang='lat' dir='ltr'><strong>collegium,</strong></span> <span class='ocrx_word' id='word_1_150' title='bbox 642 1502 680 1551; x_wconf 81' lang='lat' dir='ltr'><strong>nel</strong></span> <span class='ocrx_word' id='word_1_151' title='bbox 698 1499 826 1563; x_wconf 86' lang='lat' dir='ltr'><strong>exercitus,</strong></span> <span class='ocrx_word' id='word_1_152' title='bbox 842 1505 881 1550; x_wconf 90' lang='lat' dir='ltr'><strong>aut</strong></span> 
     </span>
     <span class='ocr_line' id='line_1_20' title="bbox 81 1568 878 1635; baseline 0 -16"><span class='ocrx_word' id='word_1_153' title='bbox 81 1571 191 1633; x_wconf 83' lang='lat' dir='ltr'><strong>populus3</strong></span> <span class='ocrx_word' id='word_1_154' title='bbox 204 1568 298 1621; x_wconf 87' lang='lat' dir='ltr'><strong>dicimus</strong></span> <span class='ocrx_word' id='word_1_155' title='bbox 312 1574 389 1620; x_wconf 64' lang='lat' dir='ltr'><strong>emen</strong></span> <span class='ocrx_word' id='word_1_156' title='bbox 402 1568 463 1634; x_wconf 82' lang='lat' dir='ltr'><strong>quod</strong></span> <span class='ocrx_word' id='word_1_157' title='bbox 472 1571 550 1635; x_wconf 88' lang='lat' dir='ltr'><strong>plures</strong></span> <span class='ocrx_word' id='word_1_158' title='bbox 566 1570 669 1621; x_wconf 89' lang='lat' dir='ltr'><strong>homines</strong></span> <span class='ocrx_word' id='word_1_159' title='bbox 687 1574 741 1621; x_wconf 93' lang='lat' dir='ltr'><strong>sunt</strong></span> <span class='ocrx_word' id='word_1_160' title='bbox 758 1569 878 1633; x_wconf 83' lang='lat' dir='ltr'><strong>collegiati.</strong></span> 
     </span>
     <span class='ocr_line' id='line_1_21' title="bbox 83 1641 879 1707; baseline 0.001 -16"><span class='ocrx_word' id='word_1_161' title='bbox 83 1641 201 1693; x_wconf 85' lang='lat' dir='ltr'><strong>ludiuinis</strong></span> <span class='ocrx_word' id='word_1_162' title='bbox 211 1646 287 1703; x_wconf 90' lang='lat' dir='ltr'><strong>antem</strong></span> <span class='ocrx_word' id='word_1_163' title='bbox 296 1642 394 1692; x_wconf 87' lang='lat' dir='ltr'><strong>essentia</strong></span> <span class='ocrx_word' id='word_1_164' title='bbox 403 1642 481 1693; x_wconf 84' lang='lat' dir='ltr'><strong>diuina</strong></span> <span class='ocrx_word' id='word_1_165' title='bbox 490 1642 630 1707; x_wconf 82' lang='lat' dir='ltr'><strong>significatur</strong></span> <span class='ocrx_word' id='word_1_166' title='bbox 641 1656 682 1706; x_wconf 88' lang='lat' dir='ltr'><strong>per</strong></span> <span class='ocrx_word' id='word_1_167' title='bbox 692 1642 783 1693; x_wconf 90' lang='lat' dir='ltr'><strong>modum</strong></span> <span class='ocrx_word' id='word_1_168' title='bbox 792 1641 879 1705; x_wconf 81' lang='lat' dir='ltr'><strong>torma,</strong></span> 
     </span>
     <span class='ocr_line' id='line_1_22' title="bbox 82 1714 881 1779; baseline 0 -16"><span class='ocrx_word' id='word_1_169' title='bbox 82 1719 106 1763; x_wconf 90' lang='lat' dir='ltr'><strong>ut</strong></span> <span class='ocrx_word' id='word_1_170' title='bbox 119 1715 206 1765; x_wconf 88' lang='lat' dir='ltr'><strong>dictum</strong></span> <span class='ocrx_word' id='word_1_171' title='bbox 223 1718 273 1778; x_wconf 81' lang='lat' dir='ltr'><strong>est-3</strong></span> <span class='ocrx_word' id='word_1_172' title='bbox 289 1729 339 1778; x_wconf 78' lang='lat' dir='ltr'><strong>quse</strong></span> <span class='ocrx_word' id='word_1_173' title='bbox 355 1715 448 1779; x_wconf 87' lang='lat' dir='ltr'><strong>quidem</strong></span> <span class='ocrx_word' id='word_1_174' title='bbox 463 1715 560 1779; x_wconf 82' lang='lat' dir='ltr'><strong>simplex</strong></span> <span class='ocrx_word' id='word_1_175' title='bbox 579 1718 613 1766; x_wconf 92' lang='lat' dir='ltr'><strong>est</strong></span> <span class='ocrx_word' id='word_1_176' title='bbox 630 1720 654 1766; x_wconf 92' lang='lat' dir='ltr'><strong>et</strong></span> <span class='ocrx_word' id='word_1_177' title='bbox 667 1714 764 1765; x_wconf 80' lang='lat' dir='ltr'><strong>manime</strong></span> <span class='ocrx_word' id='word_1_178' title='bbox 778 1728 836 1778; x_wconf 86' lang='lat' dir='ltr'><strong>una,</strong></span> <span class='ocrx_word' id='word_1_179' title='bbox 857 1718 881 1764; x_wconf 94' lang='lat' dir='ltr'><strong>ut</strong></span> 
     </span>
     <span class='ocr_line' id='line_1_23' title="bbox 81 1785 883 1852; baseline 0 -15"><span class='ocrx_word' id='word_1_180' title='bbox 81 1786 149 1852; x_wconf 78' lang='lat' dir='ltr'><strong>sopri</strong></span> <span class='ocrx_word' id='word_1_181' title='bbox 162 1790 281 1838; x_wconf 90' lang='lat' dir='ltr'><strong>ostensum</strong></span> <span class='ocrx_word' id='word_1_182' title='bbox 292 1788 328 1837; x_wconf 90' lang='lat' dir='ltr'><strong>est</strong></span> <span class='ocrx_word' id='word_1_183' title='bbox 335 1785 370 1851; x_wconf 82' lang='lat'><strong>(1)</strong></span> <span class='ocrx_word' id='word_1_184' title='bbox 378 1802 385 1849; x_wconf 79' lang='lat'>3</span> <span class='ocrx_word' id='word_1_185' title='bbox 393 1787 454 1837; x_wconf 92' lang='lat' dir='ltr'><strong>unde</strong></span> <span class='ocrx_word' id='word_1_186' title='bbox 468 1786 561 1837; x_wconf 90' lang='lat' dir='ltr'><strong>nomina</strong></span> <span class='ocrx_word' id='word_1_187' title='bbox 570 1786 720 1849; x_wconf 82' lang='lat' dir='ltr'><strong>significantia</strong></span> <span class='ocrx_word' id='word_1_188' title='bbox 735 1785 835 1839; x_wconf 85' lang='lat' dir='ltr'><strong>divinam</strong></span> <span class='ocrx_word' id='word_1_189' title='bbox 847 1800 883 1837; x_wconf 91' lang='lat' dir='ltr'><strong>es·</strong></span> 
     </span>
     <span class='ocr_line' id='line_1_24' title="bbox 81 1856 883 1922; baseline -0.002 -14"><span class='ocrx_word' id='word_1_190' title='bbox 81 1858 178 1908; x_wconf 91' lang='lat' dir='ltr'><strong>sentiam</strong></span> <span class='ocrx_word' id='word_1_191' title='bbox 184 1856 487 1921; x_wconf 80' lang='lat' dir='ltr'><strong>substantirt‚singularitei</strong></span> <span class='ocrx_word' id='word_1_192' title='bbox 496 1862 520 1908; x_wconf 90' lang='lat' dir='ltr'><strong>et</strong></span> <span class='ocrx_word' id='word_1_193' title='bbox 527 1872 573 1908; x_wconf 89' lang='lat' dir='ltr'><strong>nou</strong></span> <span class='ocrx_word' id='word_1_194' title='bbox 582 1857 699 1922; x_wconf 86' lang='lat' dir='ltr'><strong>pluraliter</strong></span> <span class='ocrx_word' id='word_1_195' title='bbox 709 1858 736 1908; x_wconf 92' lang='lat' dir='ltr'><strong>dc</strong></span> <span class='ocrx_word' id='word_1_196' title='bbox 747 1857 819 1907; x_wconf 86' lang='lat' dir='ltr'><strong>tribus</strong></span> <span class='ocrx_word' id='word_1_197' title='bbox 829 1870 883 1921; x_wconf 89' lang='lat' dir='ltr'><strong>per·</strong></span> 
     </span>
     <span class='ocr_line' id='line_1_25' title="bbox 81 1928 882 1994; baseline -0.002 -14"><span class='ocrx_word' id='word_1_198' title='bbox 81 1930 142 1980; x_wconf 89' lang='lat' dir='ltr'><strong>sonis</strong></span> <span class='ocrx_word' id='word_1_199' title='bbox 152 1929 315 1994; x_wconf 81' lang='lat' dir='ltr'><strong>predicantur.</strong></span> <span class='ocrx_word' id='word_1_200' title='bbox 325 1930 379 1980; x_wconf 79' lang='lat' dir='ltr'><strong>lieo</strong></span> <span class='ocrx_word' id='word_1_201' title='bbox 389 1928 458 1992; x_wconf 90' lang='lat' dir='ltr'><strong>igitur</strong></span> <span class='ocrx_word' id='word_1_202' title='bbox 469 1933 504 1980; x_wconf 89' lang='lat' dir='ltr'><strong>est</strong></span> <span class='ocrx_word' id='word_1_203' title='bbox 514 1930 572 1981; x_wconf 86' lang='lat' dir='ltr'><strong>ratio</strong></span> <span class='ocrx_word' id='word_1_204' title='bbox 585 1944 654 1993; x_wconf 86' lang='lat' dir='ltr'><strong>quare</strong></span> <span class='ocrx_word' id='word_1_205' title='bbox 666 1930 781 1979; x_wconf 88' lang='lat' dir='ltr'><strong>Socratem</strong></span> <span class='ocrx_word' id='word_1_206' title='bbox 794 1932 817 1978; x_wconf 91' lang='lat' dir='ltr'><strong>et</strong></span> <span class='ocrx_word' id='word_1_207' title='bbox 830 1929 882 1979; x_wconf 88' lang='lat' dir='ltr'><strong>Pla·</strong></span> 
     </span>
     <span class='ocr_line' id='line_1_26' title="bbox 82 2000 883 2065; baseline -0.004 -13"><span class='ocrx_word' id='word_1_208' title='bbox 82 2007 159 2053; x_wconf 90' lang='lat' dir='ltr'><strong>touem</strong></span> <span class='ocrx_word' id='word_1_209' title='bbox 172 2006 197 2053; x_wconf 88' lang='lat' dir='ltr'><strong>et</strong></span> <span class='ocrx_word' id='word_1_210' title='bbox 209 2001 341 2053; x_wconf 83' lang='lat' dir='ltr'><strong>Ciceronem</strong></span> <span class='ocrx_word' id='word_1_211' title='bbox 354 2000 451 2051; x_wconf 89' lang='lat' dir='ltr'><strong>dicimus</strong></span> <span class='ocrx_word' id='word_1_212' title='bbox 465 2004 517 2051; x_wconf 82' lang='lat' dir='ltr'><strong>tres</strong></span> <span class='ocrx_word' id='word_1_213' title='bbox 531 2002 653 2065; x_wconf 59' lang='lat' dir='ltr'><strong>dormisses·</strong></span> <span class='ocrx_word' id='word_1_214' title='bbox 666 2002 756 2050; x_wconf 79' lang='lat' dir='ltr'><strong>Patrem</strong></span> <span class='ocrx_word' id='word_1_215' title='bbox 768 2004 845 2050; x_wconf 88' lang='lat' dir='ltr'><strong>autem</strong></span> <span class='ocrx_word' id='word_1_216' title='bbox 859 2004 883 2050; x_wconf 87' lang='lat' dir='ltr'><strong>et</strong></span> 
     </span>
     <span class='ocr_line' id='line_1_27' title="bbox 82 2071 880 2137; baseline -0.005 -12"><span class='ocrx_word' id='word_1_217' title='bbox 82 2075 165 2125; x_wconf 80' lang='lat' dir='ltr'><strong>Filium</strong></span> <span class='ocrx_word' id='word_1_218' title='bbox 175 2077 200 2125; x_wconf 87' lang='lat' dir='ltr'><strong>et</strong></span> <span class='ocrx_word' id='word_1_219' title='bbox 208 2072 319 2137; x_wconf 84' lang='lat' dir='ltr'><strong>Spiritum</strong></span> <span class='ocrx_word' id='word_1_220' title='bbox 327 2077 430 2123; x_wconf 88' lang='lat' dir='ltr'><strong>sanctum</strong></span> <span class='ocrx_word' id='word_1_221' title='bbox 439 2087 487 2123; x_wconf 92' lang='lat' dir='ltr'><strong>non</strong></span> <span class='ocrx_word' id='word_1_222' title='bbox 496 2073 592 2125; x_wconf 85' lang='lat' dir='ltr'><strong>dicimus</strong></span> <span class='ocrx_word' id='word_1_223' title='bbox 601 2076 652 2123; x_wconf 84' lang='lat' dir='ltr'><strong>tres</strong></span> <span class='ocrx_word' id='word_1_224' title='bbox 665 2072 738 2134; x_wconf 83' lang='lat' dir='ltr'><strong>Deos,</strong></span> <span class='ocrx_word' id='word_1_225' title='bbox 749 2071 789 2121; x_wconf 90' lang='lat' dir='ltr'><strong>sed</strong></span> <span class='ocrx_word' id='word_1_226' title='bbox 801 2086 880 2121; x_wconf 80' lang='lat' dir='ltr'><strong>unum</strong></span> 
     </span>
     <span class='ocr_line' id='line_1_28' title="bbox 83 2143 883 2210; baseline -0.006 -14"><span class='ocrx_word' id='word_1_227' title='bbox 83 2148 163 2196; x_wconf 62' lang='lat' dir='ltr'><strong>mum</strong></span> <span class='ocrx_word' id='word_1_228' title='bbox 170 2184 178 2210; x_wconf 90' lang='lat'><strong><em>,</em></strong></span> <span class='ocrx_word' id='word_1_229' title='bbox 190 2143 245 2209; x_wconf 85' lang='lat' dir='ltr'><strong>quia</strong></span> <span class='ocrx_word' id='word_1_230' title='bbox 255 2144 361 2195; x_wconf 89' lang='lat' dir='ltr'><strong>intribus</strong></span> <span class='ocrx_word' id='word_1_231' title='bbox 370 2144 493 2209; x_wconf 80' lang='lat' dir='ltr'><strong>mppositis</strong></span> <span class='ocrx_word' id='word_1_232' title='bbox 504 2146 607 2195; x_wconf 76' lang='lat' dir='ltr'><strong>humanae</strong></span> <span class='ocrx_word' id='word_1_233' title='bbox 617 2146 703 2194; x_wconf 82' lang='lat' dir='ltr'><strong>naturae</strong></span> <span class='ocrx_word' id='word_1_234' title='bbox 712 2146 766 2192; x_wconf 91' lang='lat' dir='ltr'><strong>sunt</strong></span> <span class='ocrx_word' id='word_1_235' title='bbox 779 2145 825 2192; x_wconf 90' lang='lat' dir='ltr'><strong>tres</strong></span> <span class='ocrx_word' id='word_1_236' title='bbox 839 2144 883 2192; x_wconf 89' lang='lat' dir='ltr'><strong>hu-</strong></span> 
     </span>
     <span class='ocr_line' id='line_1_29' title="bbox 84 2213 883 2281; baseline -0.004 -14"><span class='ocrx_word' id='word_1_237' title='bbox 84 2219 219 2281; x_wconf 81' lang='lat' dir='ltr'><strong>munitates,</strong></span> <span class='ocrx_word' id='word_1_238' title='bbox 227 2217 253 2265; x_wconf 93' lang='lat' dir='ltr'><strong>in</strong></span> <span class='ocrx_word' id='word_1_239' title='bbox 262 2215 336 2266; x_wconf 87' lang='lat' dir='ltr'><strong>tribus</strong></span> <span class='ocrx_word' id='word_1_240' title='bbox 346 2220 422 2266; x_wconf 88' lang='lat' dir='ltr'><strong>autem</strong></span> <span class='ocrx_word' id='word_1_241' title='bbox 429 2214 533 2280; x_wconf 90' lang='lat' dir='ltr'><strong>personis</strong></span> <span class='ocrx_word' id='word_1_242' title='bbox 544 2220 579 2266; x_wconf 91' lang='lat' dir='ltr'><strong>est</strong></span> <span class='ocrx_word' id='word_1_243' title='bbox 587 2229 633 2265; x_wconf 92' lang='lat' dir='ltr'><strong>una</strong></span> <span class='ocrx_word' id='word_1_244' title='bbox 642 2214 717 2265; x_wconf 87' lang='lat' dir='ltr'><strong>divina</strong></span> <span class='ocrx_word' id='word_1_245' title='bbox 730 2213 837 2263; x_wconf 89' lang='lat' dir='ltr'><strong>essentia.</strong></span> <span class='ocrx_word' id='word_1_246' title='bbox 851 2214 883 2264; x_wconf 86' lang='lat' dir='ltr'><strong>Ea</strong></span> 
     </span>
     <span class='ocr_line' id='line_1_30' title="bbox 49 2282 884 2355; baseline -0.001 -18"><span class='ocrx_word' id='word_1_247' title='bbox 49 2335 56 2345; x_wconf 79' lang='grc'><strong>,</strong></span> <span class='ocrx_word' id='word_1_248' title='bbox 83 2288 137 2340; x_wconf 71' lang='lat' dir='ltr'><strong>rud</strong></span> <span class='ocrx_word' id='word_1_249' title='bbox 150 2303 203 2355; x_wconf 78' lang='lat' dir='ltr'><strong>quae</strong></span> <span class='ocrx_word' id='word_1_250' title='bbox 215 2286 344 2351; x_wconf 82' lang='lat' dir='ltr'><strong>siginidcant</strong></span> <span class='ocrx_word' id='word_1_251' title='bbox 361 2287 483 2337; x_wconf 86' lang='lat' dir='ltr'><strong>essentiam</strong></span> <span class='ocrx_word' id='word_1_252' title='bbox 496 2286 625 2351; x_wconf 72' lang='lat' dir='ltr'><strong>adjectivi,</strong></span> <span class='ocrx_word' id='word_1_253' title='bbox 636 2282 789 2350; x_wconf 73' lang='lat' dir='ltr'><strong>predicantur</strong></span> <span class='ocrx_word' id='word_1_254' title='bbox 801 2287 884 2349; x_wconf 91' lang='lat' dir='ltr'><strong>plura·</strong></span> 
     </span>
     <span class='ocr_line' id='line_1_31' title="bbox 82 2356 884 2423; baseline -0.004 -13"><span class='ocrx_word' id='word_1_255' title='bbox 82 2361 133 2411; x_wconf 90' lang='lat' dir='ltr'><strong>liter</strong></span> <span class='ocrx_word' id='word_1_256' title='bbox 149 2363 178 2413; x_wconf 90' lang='lat' dir='ltr'><strong>de</strong></span> <span class='ocrx_word' id='word_1_257' title='bbox 194 2358 283 2422; x_wconf 83' lang='lat' dir='ltr'><strong>trihus,</strong></span> <span class='ocrx_word' id='word_1_258' title='bbox 298 2363 391 2423; x_wconf 89' lang='lat' dir='ltr'><strong>propter</strong></span> <span class='ocrx_word' id='word_1_259' title='bbox 407 2358 560 2423; x_wconf 87' lang='lat' dir='ltr'><strong>pluralitatem</strong></span> <span class='ocrx_word' id='word_1_260' title='bbox 582 2356 750 2422; x_wconf 90' lang='lat' dir='ltr'><strong>suppositorum</strong></span> <span class='ocrx_word' id='word_1_261' title='bbox 767 2357 884 2407; x_wconf 85' lang='lat' dir='ltr'><strong>:dicimus</strong></span> 
     </span>
     <span class='ocr_line' id='line_1_32' title="bbox 84 2431 884 2495; baseline -0.006 -13"><span class='ocrx_word' id='word_1_262' title='bbox 84 2434 145 2484; x_wconf 90' lang='lat' dir='ltr'><strong>enim</strong></span> <span class='ocrx_word' id='word_1_263' title='bbox 160 2437 212 2483; x_wconf 84' lang='lat' dir='ltr'><strong>tres</strong></span> <span class='ocrx_word' id='word_1_264' title='bbox 225 2432 374 2495; x_wconf 75' lang='lat' dir='ltr'><strong>existentes,</strong></span> <span class='ocrx_word' id='word_1_265' title='bbox 389 2431 427 2480; x_wconf 86' lang='lat' dir='ltr'><strong>vel</strong></span> <span class='ocrx_word' id='word_1_266' title='bbox 441 2433 643 2495; x_wconf 62' lang='lat' dir='ltr'><strong>immitentes,</strong></span> <span class='ocrx_word' id='word_1_267' title='bbox 663 2432 701 2479; x_wconf 85' lang='lat' dir='ltr'><strong>aut</strong></span> <span class='ocrx_word' id='word_1_268' title='bbox 717 2434 767 2479; x_wconf 76' lang='lat' dir='ltr'><strong>tres</strong></span> <span class='ocrx_word' id='word_1_269' title='bbox 779 2432 884 2478; x_wconf 76' lang='lat' dir='ltr'><strong>aeternos</strong></span> 
     </span>
     <span class='ocr_line' id='line_1_33' title="bbox 84 2498 884 2567; baseline -0.008 -10"><span class='ocrx_word' id='word_1_270' title='bbox 84 2510 107 2556; x_wconf 87' lang='lat' dir='ltr'><strong>et</strong></span> <span class='ocrx_word' id='word_1_271' title='bbox 120 2506 247 2557; x_wconf 57' lang='lat' dir='ltr'><strong>inescatos</strong></span> <span class='ocrx_word' id='word_1_272' title='bbox 258 2507 282 2553; x_wconf 91' lang='lat' dir='ltr'><strong>et</strong></span> <span class='ocrx_word' id='word_1_273' title='bbox 293 2506 435 2567; x_wconf 80' lang='lat' dir='ltr'><strong>immensos,</strong></span> <span class='ocrx_word' id='word_1_274' title='bbox 447 2503 466 2553; x_wconf 91' lang='lat' dir='ltr'><strong>si</strong></span> <span class='ocrx_word' id='word_1_275' title='bbox 482 2500 732 2567; x_wconf 78' lang='lat' dir='ltr'><strong>adJ&#39;ectivesumantur3</strong></span> <span class='ocrx_word' id='word_1_276' title='bbox 741 2500 760 2551; x_wconf 90' lang='lat' dir='ltr'><strong>si</strong></span> <span class='ocrx_word' id='word_1_277' title='bbox 769 2498 884 2551; x_wconf 81' lang='lat' dir='ltr'><strong>verosulr·</strong></span> 
     </span>
    </p>
   </div>
   <div class='ocr_carea' id='block_1_3' title="bbox 83 2618 884 2945">
    <p class='ocr_par' dir='ltr' id='par_1_4' title="bbox 83 2618 884 2810">
     <span class='ocr_line' id='line_1_34' title="bbox 83 2618 882 2684; baseline -0.01 -11"><span class='ocrx_word' id='word_1_278' title='bbox 83 2628 206 2684; x_wconf 61' lang='lat' dir='ltr'><strong>protectum</strong></span> <span class='ocrx_word' id='word_1_279' title='bbox 219 2622 311 2682; x_wconf 70' lang='lat' dir='ltr'><strong>seruati</strong></span> <span class='ocrx_word' id='word_1_280' title='bbox 327 2636 418 2679; x_wconf 85' lang='lat' dir='ltr'><strong>semper</strong></span> <span class='ocrx_word' id='word_1_281' title='bbox 432 2624 573 2679; x_wconf 84' lang='lat' dir='ltr'><strong>proprietate</strong></span> <span class='ocrx_word' id='word_1_282' title='bbox 587 2622 699 2679; x_wconf 68' lang='lat' dir='ltr'><strong>sidusque</strong></span> <span class='ocrx_word' id='word_1_283' title='bbox 712 2618 795 2679; x_wconf 78' lang='lat' dir='ltr'><strong>linguae</strong></span> <span class='ocrx_word' id='word_1_284' title='bbox 806 2620 882 2678; x_wconf 76' lang='lat' dir='ltr'><strong>quoad</strong></span> 
     </span>
     <span class='ocr_line' id='line_1_35' title="bbox 83 2684 884 2747; baseline -0.011 -11"><span class='ocrx_word' id='word_1_285' title='bbox 83 2687 239 2747; x_wconf 79' lang='lat' dir='ltr'><strong>expressionis</strong></span> <span class='ocrx_word' id='word_1_286' title='bbox 248 2686 354 2744; x_wconf 84' lang='lat' dir='ltr'><strong>modum,</strong></span> <span class='ocrx_word' id='word_1_287' title='bbox 368 2686 427 2731; x_wconf 83' lang='lat' dir='ltr'><strong>sicut</strong></span> <span class='ocrx_word' id='word_1_288' title='bbox 437 2686 605 2742; x_wconf 74' lang='lat' dir='ltr'><strong>observandum</strong></span> <span class='ocrx_word' id='word_1_289' title='bbox 620 2684 656 2745; x_wconf 86' lang='lat' dir='ltr'><strong>hic</strong></span> <span class='ocrx_word' id='word_1_290' title='bbox 670 2696 721 2735; x_wconf 82' lang='lat' dir='ltr'><strong>esse</strong></span> <span class='ocrx_word' id='word_1_291' title='bbox 735 2684 849 2731; x_wconf 88' lang='lat' dir='ltr'><strong>indicatur</strong></span> <span class='ocrx_word' id='word_1_292' title='bbox 860 2684 884 2728; x_wconf 89' lang='lat' dir='ltr'><strong>in</strong></span> 
     </span>
     <span class='ocr_line' id='line_1_36' title="bbox 84 2747 507 2810; baseline -0.014 -12"><span class='ocrx_word' id='word_1_293' title='bbox 84 2753 150 2810; x_wconf 73' lang='lat' dir='ltr'><strong>huius</strong></span> <span class='ocrx_word' id='word_1_294' title='bbox 164 2749 293 2809; x_wconf 87' lang='lat' dir='ltr'><strong>argumenti</strong></span> <span class='ocrx_word' id='word_1_295' title='bbox 308 2750 422 2794; x_wconf 86' lang='lat' dir='ltr'><strong>solutione</strong></span> <span class='ocrx_word' id='word_1_296' title='bbox 439 2747 507 2792; x_wconf 80' lang='lat' dir='ltr'><strong>intrd.</strong></span> 
     </span>
    </p>

    <p class='ocr_par' dir='ltr' id='par_1_5' title="bbox 84 2814 884 2945">
     <span class='ocr_line' id='line_1_37' title="bbox 114 2814 882 2887; baseline -0.016 -17"><span class='ocrx_word' id='word_1_297' title='bbox 114 2822 150 2887; x_wconf 86' lang='lat' dir='ltr'><strong>(t)</strong></span> <span class='ocrx_word' id='word_1_298' title='bbox 162 2822 258 2869; x_wconf 84' lang='lat' dir='ltr'><strong>scilicet</strong></span> <span class='ocrx_word' id='word_1_299' title='bbox 266 2826 349 2878; x_wconf 81' lang='lat' dir='ltr'><strong>quaest.</strong></span> <span class='ocrx_word' id='word_1_300' title='bbox 361 2820 385 2879; x_wconf 72' lang='lat'><strong>3,</strong></span> <span class='ocrx_word' id='word_1_301' title='bbox 396 2826 440 2866; x_wconf 86' lang='lat' dir='ltr'><strong>nrt.</strong></span> <span class='ocrx_word' id='word_1_302' title='bbox 451 2819 481 2863; x_wconf 80' lang='lat'><strong>3:</strong></span> <span class='ocrx_word' id='word_1_303' title='bbox 496 2820 583 2865; x_wconf 79' lang='lat' dir='ltr'><strong>Utrtem</strong></span> <span class='ocrx_word' id='word_1_304' title='bbox 593 2819 694 2865; x_wconf 78' lang='lat' dir='ltr'><strong>essentia</strong></span> <span class='ocrx_word' id='word_1_305' title='bbox 703 2819 736 2864; x_wconf 78' lang='lat' dir='ltr'><strong>eit</strong></span> <span class='ocrx_word' id='word_1_306' title='bbox 745 2816 810 2863; x_wconf 78' lang='lat' dir='ltr'><strong>idem</strong></span> <span class='ocrx_word' id='word_1_307' title='bbox 819 2814 882 2875; x_wconf 73' lang='lat' dir='ltr'><strong>qood</strong></span> 
     </span>
     <span class='ocr_line' id='line_1_38' title="bbox 84 2878 884 2945; baseline -0.01 -14"><span class='ocrx_word' id='word_1_308' title='bbox 84 2889 188 2942; x_wconf 58' lang='lat' dir='ltr'><strong>oetatem·</strong></span> <span class='ocrx_word' id='word_1_309' title='bbox 200 2892 225 2932; x_wconf 85' lang='lat' dir='ltr'><strong>et</strong></span> <span class='ocrx_word' id='word_1_310' title='bbox 236 2884 262 2930; x_wconf 89' lang='lat' dir='ltr'><strong>tn</strong></span> <span class='ocrx_word' id='word_1_311' title='bbox 272 2884 353 2931; x_wconf 84' lang='lat' dir='ltr'><strong>eadem</strong></span> <span class='ocrx_word' id='word_1_312' title='bbox 364 2890 456 2945; x_wconf 73' lang='lat' dir='ltr'><strong>quest,</strong></span> <span class='ocrx_word' id='word_1_313' title='bbox 468 2889 513 2928; x_wconf 84' lang='lat' dir='ltr'><strong>ert.</strong></span> <span class='ocrx_word' id='word_1_314' title='bbox 525 2881 539 2925; x_wconf 81' lang='grc'>7</span> <span class='ocrx_word' id='word_1_315' title='bbox 551 2898 556 2925; x_wconf 89' lang='lat'><strong>:</strong></span> <span class='ocrx_word' id='word_1_316' title='bbox 570 2878 655 2927; x_wconf 76' lang='lat' dir='ltr'><strong>Utrum</strong></span> <span class='ocrx_word' id='word_1_317' title='bbox 663 2881 727 2927; x_wconf 83' lang='lat' dir='ltr'><strong>Deus</strong></span> <span class='ocrx_word' id='word_1_318' title='bbox 735 2880 766 2928; x_wconf 78' lang='lat' dir='ltr'><strong>stt</strong></span> <span class='ocrx_word' id='word_1_319' title='bbox 777 2880 884 2925; x_wconf 70' lang='lat' dir='ltr'><strong>maxime</strong></span> 
     </span>
    </p>
   </div>
   <div class='ocr_carea' id='block_1_4' title="bbox 84 2962 669 3037">
    <p class='ocr_par' dir='ltr' id='par_1_6' title="bbox 84 2962 669 3037">
     <span class='ocr_line' id='line_1_39' title="bbox 84 2962 669 3014; baseline 0.005 -19"><span class='ocrx_word' id='word_1_320' title='bbox 84 2962 157 2997; x_wconf 55' lang='lat' dir='ltr'><strong>mm·</strong></span> <span class='ocrx_word' id='word_1_321' title='bbox 602 2974 606 3014; x_wconf 41' lang='grc' dir='ltr'>Ξ</span> <span class='ocrx_word' id='word_1_322' title='bbox 665 2988 669 3005; x_wconf 57' lang='lat' dir='ltr'>f</span> 
     </span>
     <span class='ocr_line' id='line_1_40' title="bbox 182 3010 562 3037; baseline 0 -22"><span class='ocrx_word' id='word_1_323' title='bbox 182 3010 186 3015; x_wconf 92' lang='lat'>.</span> <span class='ocrx_word' id='word_1_324' title='bbox 542 3012 550 3037; x_wconf 36' lang='grc' dir='ltr'>ἱ</span> <span class='ocrx_word' id='word_1_325' title='bbox 560 3012 562 3015; x_wconf 97' lang='grc'>.</span> 
     </span>
    </p>
   </div>
   <div class='ocr_carea' id='block_1_5' title="bbox 0 0 1009 3342">
    <p class='ocr_par' dir='ltr' id='par_1_7' title="bbox 0 0 1009 3342">
     <span class='ocr_line' id='line_1_41' title="bbox 0 0 1009 3342; baseline 0 0"><span class='ocrx_word' id='word_1_326' title='bbox 0 0 1009 3342; x_wconf 95' lang='lat' dir='ltr'><strong> </strong></span> 
     </span>
    </p>
   </div>
  </div>
 </body>
</html>
