1992 3342
153 179 200 224 288
360 184 420 221 esus
436 184 458 233 s,
473 184 566 228 oussr,
583 182 649 231 xvir,
667 182 721 218 asir.
737 183 754 217 τ.

152 263 214 313 sium
225 262 276 326 (l)‘l
291 276 305 306 τ)
317 259 377 308 sieut
391 272 432 322 per
443 258 585 323 oppositum,
606 256 708 321 operatio
726 256 841 319 murum,
857 252 931 304 serim

152 335 211 383 uitae
217 331 357 393 nominatur,
366 330 392 379 iu
402 332 514 393 quantum
527 328 630 379 subditur
642 326 715 379 ordini
729 327 801 378 divim
809 323 934 381 iutelladdss

152 404 211 455 sieut
224 401 306 453 dicitur
323 407 397 451 loon.
409 400 442 450 111
456 417 462 449 ι
479 419 493 449 u
505 401 548 461 Qui
570 400 625 450 lacit
637 400 771 463 veritatem,
784 400 847 451 uenit
867 400 892 449 ad
911 396 936 443 lu·

153 487 212 525 cem.
228 490 242 519 n

184 544 229 594 sed
239 542 395 607 perordinem
407 542 435 591 ad
448 540 591 591 intellectum
609 542 728 603 nostrum,
740 542 767 591 ad
781 554 849 605 quem
861 548 937 599 mmpa·

154 618 234 665 rantur
243 626 281 663 res
294 611 409 661 naturales
419 610 584 675 peremimus,
596 614 691 674 possunt
702 610 747 661 diei
760 610 832 674 sature
843 624 886 662 nou
897 607 938 657 sr-

155 684 255 749 pliciter,
270 684 310 732 sed
323 681 449 731 seeundum
460 680 530 747 quid,
541 686 565 731 et
579 682 622 733 hoo
633 680 762 744 dupliciter.
779 684 829 732 llus
843 680 903 731 ruodo
914 688 940 725 tl·

154 755 255 806 eundum
273 753 385 803 rationem
404 751 543 815 signiticati3
557 751 587 801 ut'
599 752 688 803 dicatur
700 752 756 803 illud
773 767 824 804 esse
837 747 940 803 insumis

155 826 239 888 rebus,
258 824 319 889 quod
330 822 472 888 sigmfioatur
486 823 524 872 rel
537 827 711 887 repraessntatur
724 824 827 875 oratioue
840 823 875 874 rel
887 817 941 870 iutel-

154 897 214 948 leotu
227 897 285 947 laiso
301 895 352 960 (ῆς
371 893 495 945 seeundum
508 907 577 957 quem
591 896 683 945 modum
701 896 810 958 quelibet
830 910 866 947 res
882 892 943 957 polest

155 967 200 1017 dioi
213 980 263 1018 esse
276 967 333 1017 laiss
349 968 460 1029 quantum
471 964 502 1015 ad
513 965 537 1015 id
550 966 611 1029 quod
628 964 651 1015 ei
666 977 713 1017 nou
725 966 785 1017 inest
799 983 804 1016 :
821 966 878 1017 sieut
889 962 906 1013 si
918 960 943 1011 di·

154 1052 233 1089 camus
244 1037 379 1088 diametrum
391 1046 440 1086 esse
451 1036 680 1087 commensurabilem
686 1073 695 1099 ,
705 1040 731 1085 ut
743 1036 798 1087 dioit
809 1033 944 1097 Philosophus

153 1109 179 1159 in
200 1110 229 1172 V,
247 1110 368 1171 heleph,
388 1112 412 1157 et
435 1106 494 1157 siout
510 1106 565 1157 dioit
579 1106 716 1167 Augustinus
731 1107 756 1157 in
774 1108 814 1159 lih.
837 1105 944 1163 Solitos,

145 1179 215 1243 'qudd
229 1193 321 1232 «uerus
333 1178 447 1241 tragedus
460 1181 495 1230 est
509 1178 579 1228 lalsus
592 1179 676 1229 lleetor
693 1194 698 1227 :
718 1194 732 1224 u
747 1178 805 1229 sieut
819 1178 833 1229 d
847 1172 945 1249 sonuerint

154 1256 231 1317 potest
244 1250 420 1313 unumquodque
434 1247 588 1311 diuisurum,
602 1248 728 1299 seouudhm
740 1248 762 1299 id
776 1251 839 1313 quod
852 1248 946 1310 eomptttl

155 1322 187 1373 ei.
208 1321 258 1373 Alio
282 1320 349 1370 modo
368 1332 411 1383 per
430 1318 522 1369 modum
545 1332 637 1382 oausae3
655 1323 679 1369 et
697 1319 730 1370 sie
747 1320 833 1375 dieitur
856 1332 892 1369 res
909 1327 948 1365 esse

155 1395 212 1445 laisa
219 1430 228 1457 ,
242 1406 292 1457 que
309 1395 363 1441 nata
376 1393 411 1440 est
428 1391 504 1440 lasere
521 1391 550 1440 de
568 1404 592 1440 se
610 1390 742 1455 opinionem
756 1391 848 1441 falsam.
863 1392 890 1441 st
904 1386 946 1450 quia

153 1465 259 1515 innatum
273 1467 308 1513 est
327 1459 393 1510 nohis
407 1473 449 1523 per
466 1473 494 1510 ea
511 1474 561 1523 quse
580 1459 679 1511 exterius
700 1466 829 1525 apparent,
848 1462 876 1513 de
893 1458 960 1531 rebus

151 1537 272 1600 judicare,
286 1533 315 1583 ed
333 1530 394 1594 quod
413 1535 490 1581 nostra
503 1529 603 1593 horstio
617 1530 630 1579 i
643 1542 713 1581 sensu
733 1536 807 1583 ortum
828 1524 960 1593 habentui

154 1604 229 1670 primd
239 1610 262 1655 et
272 1615 348 1667 perse
361 1605 396 1652 est
416 1601 555 1652 exteriorum
574 1601 742 1665 assidentium
758 1602 811 1653 ideo
832 1617 861 1654 ea
877 1596 960 1666 quelli

155 1675 305 1727 exterioribus
316 1672 471 1723 accidentibus
481 1673 567 1723 hahent
580 1672 754 1725 similitudinem
766 1674 864 1725 aliarum
875 1664 960 1728 resumi

157 1746 264 1795 dicuutur
278 1756 328 1794 esse
342 1743 412 1805 falsa
432 1742 557 1794 seeundum
572 1743 623 1793 illas
639 1758 692 1806 res,
708 1743 768 1794 simu
785 1746 818 1795 lel
835 1750 871 1796 est
881 1738 960 1803 laisuul

156 1818 212 1880 mel,
222 1820 246 1865 et
256 1818 363 1864 stannum
380 1817 414 1864 est
428 1815 511 1864 laisum
530 1818 657 1875 argentum.
670 1817 698 1865 Et
714 1800 841 1867 seeundum
855 1818 899 1866 hos
908 1808 960 1877 dieii}

157 1886 297 1951 Augustinus
312 1885 336 1934 in
352 1884 393 1934 lih.
410 1885 525 1946 Solitos„
541 1884 602 1949 quod
614 1898 652 1937 eas
668 1900 709 1935 ros
722 1886 807 1950 falsos
819 1886 960 1939 nominemus

158 1974 209 2024 qnae
218 1958 302 2009 similia
310 1956 371 2007 ueris
380 1956 576 2020 apprehendimus
592 1972 597 2006 :
613 1961 637 2007 el
654 1957 808 2023 Philosophus
824 1958 881 2009 dicit
897 1953 952 2005 inl

193 2130 224 2192 (1)
239 2130 302 2184 ouod
316 2128 349 2202 ad·
358 2129 487 2202 improbam
503 2142 595 2186 quoque
609 2131 679 2175 uitam
693 2120 741 2184 (τὸν
750 2122 772 2171 ἐν
790 2122 892 2199 πονηρίᾳ
907 2118 960 2209 βίον1

158 2194 333 2250 chrysostomus
342 2192 429 2236 rhrdem
439 2190 512 2236 relert
526 2208 532 2235 2
546 2193 586 2237 sed
598 2193 739 2249 Augustinus
751 2192 781 2237 sd
791 2204 897 2239 amorem
907 2199 960 2237 lusu-r

159 2256 273 2311 poruliunr
283 2266 331 2299 non
341 2253 446 2300 dissimili
458 2266 537 2299 seusu.
959 2236 960 2313 i

192 2322 230 2386 (Al
243 2327 326 2370 contra
350 2324 374 2369 id
396 2324 458 2381 quod
481 2324 564 2369 inscitd
585 2326 683 2381 putabat
703 2326 856 2371 Antisthenes
875 2323 953 2370 nonnis

159 2408 230 2441 unum
241 2396 356 2441 enuntiari
370 2408 438 2452 posse
448 2395 540 2453 proprie
554 2396 582 2440 ds
594 2408 618 2440 re
632 2393 677 2440 unl
694 2412 699 2439 τ
715 2409 743 2441 ex
758 2408 804 2453 quo
818 2408 953 2453 consequuti

158 2463 208 2503 erat
224 2458 263 2503 uix
280 2468 381 2513 umquam
398 2457 443 2502 diei
456 2458 539 2503 falsum
553 2463 578 2502 ut
593 2458 745 2514 Philosophus
759 2460 830 2505 infert
843 2461 889 2505 ihi.
907 2452 960 2517 Quod

159 2525 238 2565 autem
250 2520 395 2577 subjungitur
411 2532 441 2563 ex
453 2523 485 2576 V,
505 2520 620 2578 Mesopo„
632 2532 658 2565 ae
672 2522 832 2577 reponendum
849 2528 877 2567 ut
889 2520 926 2566 hir
940 2518 960 2579 rt

156 2587 216 2627 text.
229 2580 259 2625 st
274 2587 299 2625 et
310 2582 468 2637 manuscripto
478 2594 525 2626 uuo
538 2584 562 2627 S.
574 2583 675 2642 Thomas,
688 2584 733 2629 alia
747 2584 807 2630 meld
819 2586 915 2631 habeut
925 2580 960 2642 full

158 2656 214 2688 eum
227 2644 486 2697 incommomodum
499 2650 527 2688 ut
539 2650 563 2689 et
573 2645 685 2701 impressa
698 2646 786 2701 possim
800 2646 898 2705 salsum
911 2648 960 2689 conl

159 2704 334 2752 mensurabile.
350 2707 393 2751 Sed
406 2712 531 2762 sequentes
545 2706 627 2752 deinde
647 2708 787 2764 appendiees
798 2721 827 2754 ex
839 2710 907 2755 reris
927 2710 960 2771 Aul

160 2769 245 2824 gussini
256 2767 414 2824 Solilopwis's,
426 2769 468 2814 lih.
486 2770 522 2825 11,
537 2780 589 2826 esp.
605 2768 620 2813 6
633 2776 657 2814 et
667 2782 718 2826 cap.
731 2769 762 2814 10
773 2771 942 2819 desumuntur.
952 2772 960 2819 l

161 2836 223 2875 tomo
235 2825 247 2875 l
260 2831 337 2875 ridere
358 2836 402 2875 est.
421 2832 465 2875 Pro
479 2833 578 2877 smotiuo
595 2832 686 2877 deusdm
702 2831 812 2877 falsorum
831 2835 960 2895 opinioruul

162 2894 197 2937 uel
214 2894 354 2937 loeutionunr
370 2888 439 2949 pauld
455 2892 524 2939 intro.
