1992 3342
115 200 145 245 tt
321 209 381 245 rone
398 208 419 256 ι,
436 208 527 251 oumsr.
546 206 590 256 vn,
607 206 661 243 rar.
678 206 711 242 nv.

113 289 221 349 operatur
236 284 278 348 (t).
294 283 358 338 Unde
368 296 459 335 necesse
473 286 509 333 est
524 282 584 347 quod
595 282 637 335 suh
653 285 716 332 certo
729 290 826 329 numero
843 281 921 331 omnia
985 278 986 333 l

113 359 189 406 creata
207 353 441 417 comprehendantur,
460 352 599 419 impossibile
618 354 652 401 est
671 364 725 415 ergo
746 364 795 403 osse
818 350 924 401 multitu·

113 429 189 478 dinem
206 425 318 477 infinitam
329 424 356 475 ln
366 428 434 487 actu,
446 425 516 476 etiarn
525 437 566 489 per
575 422 688 474 accidens.
701 422 747 473 Sed
757 434 807 473 esse
819 422 925 472 multitu·
985 428 986 437 ¹

115 498 192 548 dinem
208 496 321 546 inlinitum
339 496 364 545 iu
382 496 483 559 potentia
502 494 609 559 possibile
627 497 678 557 est,
701 494 755 561 quia
772 496 924 559 augmentum

114 567 265 618 multitudinis
275 566 421 630 consequitur
429 566 566 617 divisionem
575 564 746 628 magnitudinis.
760 562 850 624 Quanti
863 565 925 620 euim

113 640 198 705 aliquid
205 640 257 703 plus
264 638 381 701 dividitur,
388 637 453 691 tenth
462 638 528 703 plum
536 637 660 687 secundum
669 650 789 687 numerum
798 635 923 688 resultant.

114 711 179 761 Unde
192 710 250 760 sicud
263 709 379 761 infinitum
387 709 504 761 invenitur
512 706 676 771 inpotentiam
687 706 798 757 divisione
810 706 926 771 continui,

113 781 168 845 quia
179 781 310 845 proceditur
326 781 356 831 ad
369 781 488 831 materiam
494 816 504 843 ‚
517 783 543 829 nt
556 778 625 843 suprt
642 782 760 829 ostensum
778 782 827 841 est,
843 779 927 829 eadem

114 852 204 903 ratione
216 852 285 902 ctiam
294 850 409 901 infinitum
417 851 536 903 inuenitur
549 850 722 914 inpotentiam
736 848 851 915 additione
866 851 929 903 mut-

115 922 229 975 titudinis.

146 995 181 1044 hd
191 994 290 1057 primum
301 1007 356 1058 ergo
367 993 502 1059 dicendum,
516 992 577 1057 qudd
589 992 764 1058 unumquodque
775 992 836 1055 quod
850 994 886 1045 'est
900 994 928 1045 in

116 1065 233 1129 potentia,
247 1065 362 1115 reducitur
371 1065 396 1114 'rn
412 1068 487 1115 aetum
498 1066 623 1115 secundum
636 1066 728 1118 rhodum
742 1063 779 1115 sui
791 1077 858 1114 esse:
877 1064 929 1121 dies

114 1135 177 1186 euim
187 1150 234 1186 non
244 1136 359 1186 reduc-itur
366 1136 392 1185 in
402 1140 477 1185 autum
486 1140 512 1187 ut
523 1135 553 1187 sit
567 1140 616 1186 tota
634 1135 702 1185 simul
708 1173 716 1199 ‚
727 1135 767 1187 ned
779 1135 927 1201 successivd5

115 1212 139 1257 et
151 1206 256 1258 similiter
269 1207 384 1257 inlinitum
399 1207 552 1258 multitudinis
565 1221 611 1257 non
624 1207 740 1260 reducitur
754 1206 779 1255 in
792 1210 869 1257 actum
876 1244 886 1271 ,
901 1212 929 1257 ut
985 1234 986 1259 r

115 1278 145 1327 rit
160 1281 234 1328 totum
252 1279 335 1341 simul,
355 1275 686 1347 commmittendum
705 1278 829 1343 qnandihet
846 1278 929 1332 multi-

115 1347 218 1399 tudinem
233 1353 310 1413 potest
325 1350 385 1404 sumi
398 1348 443 1402 alia
454 1348 577 1399 multitudo
588 1349 613 1398 iu
623 1349 746 1402 infinitum.

146 1422 181 1471 ld
201 1422 328 1471 secundum
347 1420 480 1483 dicendum,
504 1420 565 1485 qudd
588 1420 676 1485 speeies
697 1420 821 1485 figurarum
838 1420 929 1474 hahent

117 1491 255 1542 intinitatem
267 1506 297 1541 er
312 1491 425 1541 infinitate
439 1491 537 1541 numeri.
551 1492 608 1541 Sunt
620 1491 682 1542 eninr
691 1492 780 1556 species
790 1490 929 1556 figurarum,

116 1567 143 1613 ut
156 1562 298 1625 trilaterum,
317 1561 493 1625 quadrilaterum
501 1561 545 1627 (h),
559 1566 582 1612 et
597 1562 630 1613 sio
642 1563 705 1613 inde.
719 1563 782 1616 Unde
793 1561 853 1613 siout
868 1566 931 1615 mut-
985 1574 986 1593 ¹

116 1632 192 1687 titudo
201 1632 291 1682 infinita
304 1632 453 1686 numerabitis
472 1646 519 1683 nou
539 1634 654 1684 reducitur
667 1632 693 1683 in
709 1636 785 1686 autum
792 1670 801 1697 ‚
820 1632 882 1700 quot
897 1636 931 1687 sit

116 1706 166 1754 totu
177 1703 245 1754 simul
258 1720 264 1753 :
280 1704 312 1754 itu
324 1718 368 1755 nec
382 1705 504 1756 multitudo
517 1704 649 1769 figurarum.

151 1774 291 1825 ldtertium
311 1775 449 1842 dicendum,
469 1774 530 1841 qudd
549 1775 603 1826 lieet
625 1776 759 1841 quibusdam
780 1774 861 1841 positis
882 1776 931 1828 alin

120 1844 176 1909 poni
191 1858 239 1896 non
258 1846 345 1905 riteis
361 1847 503 1912 oppositum,
519 1853 597 1897 tamen
610 1846 699 1897 infinita
712 1846 766 1911 poni
779 1842 931 1911 opponuntur

118 1915 212 1967 crrilihet
222 1918 308 1981 speciei
318 1918 465 1969 multitudini.
478 1919 542 1969 Unde
554 1922 643 1969 nonest
654 1917 819 1983 possihileesse
827 1918 930 1983 ahqrrm

121 1987 291 2040 multitudinem
304 1993 357 2041 actu
366 1989 492 2043 infinitum.

154 2132 185 2194 (l)
200 2135 294 2187 Quando
307 2136 444 2181 naturaliter
463 2135 526 2195 ugit,
547 2148 589 2181 seu
600 2135 750 2181 conformiter
765 2133 794 2183 ad
805 2143 929 2196 naturam,

120 2196 198 2240 velud
210 2197 315 2242 ordinem
329 2199 458 2244 naturalem
469 2198 483 2243 d
496 2196 545 2245 Deo
560 2199 705 2253 institutum
726 2205 750 2243 et
762 2199 835 2244 multd
851 2198 931 2245 mlnrls

120 2260 182 2303 Uenu
199 2259 250 2315 ipre
274 2276 281 2303 ι
304 2260 360 2316 qnia
379 2266 407 2305 ut
426 2261 580 2318 Philosophus
597 2262 653 2307 dicit
670 2262 713 2307 lih.
737 2260 749 2305 i
770 2264 803 2307 lte
822 2262 881 2310 ooelo
905 2268 932 2308 et

120 2320 221 2380 mundo,
236 2328 296 2368 tort.
316 2322 367 2367 ὅθι
387 2323 454 2368 Dour
475 2328 497 2368 ct
509 2328 607 2369 nutum
622 2324 691 2369 etad
704 2324 803 2383 {ocium
819 2324 931 2383 [metra.

119 2382 185 2428 Unde
203 2384 324 2440 quodlibet
345 2397 416 2442 apeme
435 2391 546 2443 operetur
565 2392 661 2443 propter
678 2384 779 2443 ntiquom
799 2385 886 2447 finem,
909 2389 931 2433 oi

119 2446 224 2491 ordinate
238 2453 348 2503 operetur
357 2454 403 2507 ‚et
416 2449 488 2494 mnltd
502 2448 576 2507 mugio
588 2452 650 2497 Uene
661 2448 722 2505 ipse.

154 2517 184 2580 (ἢ)
197 2521 335 2567 Triluterum
351 2523 440 2569 scilicet
457 2524 520 2580 quod
538 2524 612 2577 lutere
632 2524 718 2581 triplici
729 2528 838 2583 cunstat,
853 2530 879 2569 et
891 2523 932 2571 in-

119 2584 209 2627 terdum
227 2583 298 2648 etiam
316 2583 330 2629 d
345 2586 434 2637 Latinis
455 2586 571 2650 trigonum
590 2588 656 2645 Juxta
682 2593 781 2643 grecum
801 2585 930 2663 τρίγωνον,

119 2654 186 2710 quari
210 2655 368 2713 trionpulore
391 2658 528 2715 appellatur.
552 2658 733 2713 Quodnilatoraro
753 2658 809 2703 terh
831 2666 932 2717 propter

120 2716 262 2775 quadruplex
273 2719 344 2778 tatus,
357 2720 418 2776 quod
429 2721 513 2772 iturum
526 2733 555 2765 ex
569 2732 643 2779 grunno
657 2718 803 2789 τετράγωνον
814 2720 901 2769 dieitur
916 2729 930 2774 d

120 2787 207 2833 nurture
227 2800 269 2846 per
285 2792 459 2847 usurpationem
475 2792 540 2837 noeis
560 2796 711 2850 tetrupoauum
730 2792 779 2837 rive
801 2792 930 2849 peruran-

123 2860 229 2917 qutore,
242 2860 294 2906 ohm
306 2861 382 2918 anguli
394 2855 509 2923 (γωνιαι)
534 2863 606 2911 vetuti
617 2863 689 2911 lutera
700 2862 763 2923 sint,
778 2869 827 2909 cto.
