<?xml version="1.0" encoding="UTF-8"?>
<!DOCTYPE html PUBLIC "-//W3C//DTD XHTML 1.0 Transitional//EN"
    "http://www.w3.org/TR/xhtml1/DTD/xhtml1-transitional.dtd">
<html xmlns="http://www.w3.org/1999/xhtml" xml:lang="en" lang="en">
 <head>
  <title>
</title>
<meta http-equiv="Content-Type" content="text/html;charset=utf-8" />
  <meta name='ocr-system' content='tesseract 3.04.00' />
  <meta name='ocr-capabilities' content='ocr_page ocr_carea ocr_par ocr_line ocrx_word'/>
</head>
<body>
  <div class='ocr_page' id='page_1' title='image "./summatheologica04nicogoog_0372.png"; bbox 0 0 1992 3342; ppageno 0'>
   <div class='ocr_carea' id='block_1_1' title="bbox 73 229 873 369">
    <p class='ocr_par' dir='ltr' id='par_1_1' title="bbox 73 229 873 369">
     <span class='ocr_line' id='line_1_1' title="bbox 333 229 870 276; baseline 0.022 -12"><span class='ocrx_word' id='word_1_1' title='bbox 333 229 365 266; x_wconf 84' lang='lat' dir='ltr'>us</span> <span class='ocrx_word' id='word_1_2' title='bbox 381 230 540 271; x_wconf 75' lang='lat' dir='ltr'>accumulari</span> <span class='ocrx_word' id='word_1_3' title='bbox 556 233 605 271; x_wconf 81' lang='lat' dir='ltr'>nrt.</span> <span class='ocrx_word' id='word_1_4' title='bbox 825 231 870 276; x_wconf 80' lang='lat' dir='ltr'>tub</span> 
     </span>
     <span class='ocr_line' id='line_1_2' title="bbox 73 303 873 369; baseline 0.015 -16"><span class='ocrx_word' id='word_1_5' title='bbox 73 303 149 369; x_wconf 86' lang='lat' dir='ltr'>sunt);</span> <span class='ocrx_word' id='word_1_6' title='bbox 161 313 194 354; x_wconf 89' lang='lat' dir='ltr'>cx</span> <span class='ocrx_word' id='word_1_7' title='bbox 204 314 304 367; x_wconf 80' lang='lat' dir='ltr'>quorum</span> <span class='ocrx_word' id='word_1_8' title='bbox 318 317 414 367; x_wconf 84' lang='lat' dir='ltr'>persona</span> <span class='ocrx_word' id='word_1_9' title='bbox 430 305 511 356; x_wconf 81' lang='lat' dir='ltr'>dicitm</span> <span class='ocrx_word' id='word_1_10' title='bbox 523 309 577 367; x_wconf 74' lang='lat' dir='ltr'>lot,</span> <span class='ocrx_word' id='word_1_11' title='bbox 592 307 671 360; x_wconf 88' lang='lat' dir='ltr'>llllll:</span> <span class='ocrx_word' id='word_1_12' title='bbox 692 327 706 359; x_wconf 76' lang='lat' dir='ltr'>a</span> <span class='ocrx_word' id='word_1_13' title='bbox 723 311 801 363; x_wconf 85' lang='lat' dir='ltr'>Nubes</span> <span class='ocrx_word' id='word_1_14' title='bbox 820 315 873 364; x_wconf 88' lang='lat' dir='ltr'>lati-</span> 
     </span>
    </p>
   </div>
   <div class='ocr_carea' id='block_1_2' title="bbox 69 373 873 520">
    <p class='ocr_par' dir='ltr' id='par_1_2' title="bbox 69 373 873 520">
     <span class='ocr_line' id='line_1_3' title="bbox 69 373 873 447; baseline 0.016 -24"><span class='ocrx_word' id='word_1_15' title='bbox 69 374 141 424; x_wconf 88' lang='lat' dir='ltr'>bulum</span> <span class='ocrx_word' id='word_1_16' title='bbox 154 375 222 438; x_wconf 84' lang='lat' dir='ltr'>ejus,</span> <span class='ocrx_word' id='word_1_17' title='bbox 236 377 261 423; x_wconf 85' lang='lat' dir='ltr'>ct</span> <span class='ocrx_word' id='word_1_18' title='bbox 276 373 337 425; x_wconf 84' lang='lat' dir='ltr'>circe</span> <span class='ocrx_word' id='word_1_19' title='bbox 352 377 458 427; x_wconf 79' lang='lat' dir='ltr'>cardines</span> <span class='ocrx_word' id='word_1_20' title='bbox 473 379 525 428; x_wconf 79' lang='lat' dir='ltr'>cmii</span> <span class='ocrx_word' id='word_1_21' title='bbox 538 380 692 444; x_wconf 75' lang='lat' dir='ltr'><strong>perambulat,</strong></span> <span class='ocrx_word' id='word_1_22' title='bbox 707 395 781 447; x_wconf 84' lang='lat' dir='ltr'>neque</span> <span class='ocrx_word' id='word_1_23' title='bbox 795 383 873 436; x_wconf 80' lang='lat' dir='ltr'>nostra</span> 
     </span>
     <span class='ocr_line' id='line_1_4' title="bbox 71 445 872 520; baseline 0.016 -27"><span class='ocrx_word' id='word_1_24' title='bbox 71 445 204 495; x_wconf 77' lang='lat' dir='ltr'><strong>considerat.</strong></span> <span class='ocrx_word' id='word_1_25' title='bbox 229 461 244 492; x_wconf 81' lang='lat' dir='ltr'>o</span> <span class='ocrx_word' id='word_1_26' title='bbox 267 446 286 496; x_wconf 80' lang='grc' dir='ltr'><strong>Α</strong></span> <span class='ocrx_word' id='word_1_27' title='bbox 304 447 485 511; x_wconf 87' lang='lat' dir='ltr'>corruptibilium</span> <span class='ocrx_word' id='word_1_28' title='bbox 505 453 581 500; x_wconf 82' lang='lat' dir='ltr'>autam</span> <span class='ocrx_word' id='word_1_29' title='bbox 604 452 750 513; x_wconf 75' lang='lat' dir='ltr'>generalitate</span> <span class='ocrx_word' id='word_1_30' title='bbox 782 454 872 520; x_wconf 79' lang='lat' dir='ltr'>excepit</span> 
     </span>
    </p>
   </div>
   <div class='ocr_carea' id='block_1_3' title="bbox 53 515 876 2503">
    <p class='ocr_par' dir='ltr' id='par_1_3' title="bbox 69 515 872 719">
     <span class='ocr_line' id='line_1_5' title="bbox 71 515 871 590; baseline 0.016 -26"><span class='ocrx_word' id='word_1_31' title='bbox 71 515 139 565; x_wconf 81' lang='lat' dir='ltr'>llabbi</span> <span class='ocrx_word' id='word_1_32' title='bbox 148 517 242 580; x_wconf 75' lang='lat' dir='ltr'>Moyses</span> <span class='ocrx_word' id='word_1_33' title='bbox 254 516 372 581; x_wconf 87' lang='lat' dir='ltr'>homines,</span> <span class='ocrx_word' id='word_1_34' title='bbox 383 522 476 582; x_wconf 92' lang='lat' dir='ltr'>propter</span> <span class='ocrx_word' id='word_1_35' title='bbox 488 519 632 584; x_wconf 78' lang='lat' dir='ltr'><strong>splendorem</strong></span> <span class='ocrx_word' id='word_1_36' title='bbox 644 523 789 589; x_wconf 82' lang='lat' dir='ltr'>intellectis,</span> <span class='ocrx_word' id='word_1_37' title='bbox 803 539 871 590; x_wconf 85' lang='lat' dir='ltr'>quem</span> 
     </span>
     <span class='ocr_line' id='line_1_6' title="bbox 69 585 872 658; baseline 0.017 -25"><span class='ocrx_word' id='word_1_38' title='bbox 69 585 223 650; x_wconf 80' lang='lat' dir='ltr'>participant3</span> <span class='ocrx_word' id='word_1_39' title='bbox 238 586 264 636; x_wconf 88' lang='lat' dir='ltr'>iu</span> <span class='ocrx_word' id='word_1_40' title='bbox 276 587 327 636; x_wconf 86' lang='lat' dir='ltr'>aliis</span> <span class='ocrx_word' id='word_1_41' title='bbox 341 593 418 639; x_wconf 85' lang='lat' dir='ltr'>cutem</span> <span class='ocrx_word' id='word_1_42' title='bbox 431 589 555 642; x_wconf 84' lang='lat' dir='ltr'>indiuiduis</span> <span class='ocrx_word' id='word_1_43' title='bbox 576 593 758 658; x_wconf 73' lang='lat' dir='ltr'>corruptibilibus</span> <span class='ocrx_word' id='word_1_44' title='bbox 776 596 872 647; x_wconf 89' lang='lat' dir='ltr'>aliorum</span> 
     </span>
     <span class='ocr_line' id='line_1_7' title="bbox 69 656 363 719; baseline 0.014 -15"><span class='ocrx_word' id='word_1_45' title='bbox 69 656 201 719; x_wconf 83' lang='lat' dir='ltr'>opinionem</span> <span class='ocrx_word' id='word_1_46' title='bbox 215 660 250 707; x_wconf 87' lang='lat' dir='ltr'>est</span> <span class='ocrx_word' id='word_1_47' title='bbox 264 661 363 709; x_wconf 87' lang='lat' dir='ltr'>secutus.</span> 
     </span>
    </p>

    <p class='ocr_par' dir='ltr' id='par_1_4' title="bbox 57 728 876 1932">
     <span class='ocr_line' id='line_1_8' title="bbox 98 728 873 802; baseline 0.014 -24"><span class='ocrx_word' id='word_1_48' title='bbox 98 728 142 778; x_wconf 83' lang='lat' dir='ltr'>Sed</span> <span class='ocrx_word' id='word_1_49' title='bbox 159 741 255 779; x_wconf 87' lang='lat' dir='ltr'>necesse</span> <span class='ocrx_word' id='word_1_50' title='bbox 275 734 311 780; x_wconf 88' lang='lat' dir='ltr'>cst</span> <span class='ocrx_word' id='word_1_51' title='bbox 332 730 410 781; x_wconf 84' lang='lat' dir='ltr'>licere</span> <span class='ocrx_word' id='word_1_52' title='bbox 432 731 509 782; x_wconf 90' lang='lat' dir='ltr'>omnia</span> <span class='ocrx_word' id='word_1_53' title='bbox 526 733 609 785; x_wconf 69' lang='lat' dir='ltr'>buna</span> <span class='ocrx_word' id='word_1_54' title='bbox 630 736 777 798; x_wconf 80' lang='lat' dir='ltr'>prouidentia</span> <span class='ocrx_word' id='word_1_55' title='bbox 796 737 873 802; x_wconf 83' lang='lat' dir='ltr'>subja·</span> 
     </span>
     <span class='ocr_line' id='line_1_9' title="bbox 67 799 873 870; baseline 0.016 -23"><span class='ocrx_word' id='word_1_56' title='bbox 67 811 119 850; x_wconf 84' lang='lat' dir='ltr'>cere</span> <span class='ocrx_word' id='word_1_57' title='bbox 126 837 135 862; x_wconf 91' lang='lat'><em>‚</em></span> <span class='ocrx_word' id='word_1_58' title='bbox 145 813 195 849; x_wconf 86' lang='lat' dir='ltr'>nou</span> <span class='ocrx_word' id='word_1_59' title='bbox 204 799 363 850; x_wconf 81' lang='lat' dir='ltr'>inuniversali</span> <span class='ocrx_word' id='word_1_60' title='bbox 377 801 480 864; x_wconf 63' lang='lat' dir='ltr'>mutim,</span> <span class='ocrx_word' id='word_1_61' title='bbox 496 803 536 853; x_wconf 84' lang='lat' dir='ltr'>scd</span> <span class='ocrx_word' id='word_1_62' title='bbox 550 804 619 855; x_wconf 88' lang='lat' dir='ltr'>etiam</span> <span class='ocrx_word' id='word_1_63' title='bbox 636 805 661 855; x_wconf 94' lang='lat' dir='ltr'>in</span> <span class='ocrx_word' id='word_1_64' title='bbox 675 806 792 870; x_wconf 81' lang='lat' dir='ltr'>singulari.</span> <span class='ocrx_word' id='word_1_65' title='bbox 808 810 873 868; x_wconf 80' lang='lat' dir='ltr'>Quod</span> 
     </span>
     <span class='ocr_line' id='line_1_10' title="bbox 65 869 873 941; baseline 0.014 -23"><span class='ocrx_word' id='word_1_66' title='bbox 65 869 100 918; x_wconf 86' lang='lat' dir='ltr'>sic</span> <span class='ocrx_word' id='word_1_67' title='bbox 110 874 184 933; x_wconf 87' lang='lat' dir='ltr'>patet.</span> <span class='ocrx_word' id='word_1_68' title='bbox 205 870 263 922; x_wconf 85' lang='lat' dir='ltr'>Cim</span> <span class='ocrx_word' id='word_1_69' title='bbox 276 871 339 921; x_wconf 86' lang='lat' dir='ltr'>enim</span> <span class='ocrx_word' id='word_1_70' title='bbox 351 885 418 923; x_wconf 92' lang='lat' dir='ltr'>omne</span> <span class='ocrx_word' id='word_1_71' title='bbox 432 886 504 936; x_wconf 78' lang='lat' dir='ltr'>agens</span> <span class='ocrx_word' id='word_1_72' title='bbox 514 880 567 937; x_wconf 75' lang='lat' dir='ltr'>agat</span> <span class='ocrx_word' id='word_1_73' title='bbox 579 880 673 938; x_wconf 86' lang='lat' dir='ltr'>propter</span> <span class='ocrx_word' id='word_1_74' title='bbox 686 878 755 928; x_wconf 84' lang='lat' dir='ltr'>linem</span> <span class='ocrx_word' id='word_1_75' title='bbox 762 915 770 941; x_wconf 92' lang='lat'><em>,</em></span> <span class='ocrx_word' id='word_1_76' title='bbox 782 881 873 929; x_wconf 81' lang='lat' dir='ltr'>tamum</span> 
     </span>
     <span class='ocr_line' id='line_1_11' title="bbox 65 941 873 1010; baseline 0.011 -20"><span class='ocrx_word' id='word_1_77' title='bbox 65 954 91 989; x_wconf 90' lang='lat' dir='ltr'>se</span> <span class='ocrx_word' id='word_1_78' title='bbox 101 941 205 992; x_wconf 80' lang='lat' dir='ltr'>extendit</span> <span class='ocrx_word' id='word_1_79' title='bbox 218 942 332 993; x_wconf 88' lang='lat' dir='ltr'>ordinatio</span> <span class='ocrx_word' id='word_1_80' title='bbox 342 943 464 996; x_wconf 70' lang='lat' dir='ltr'>etiamnum</span> <span class='ocrx_word' id='word_1_81' title='bbox 474 945 499 994; x_wconf 90' lang='lat' dir='ltr'>in</span> <span class='ocrx_word' id='word_1_82' title='bbox 511 946 594 1007; x_wconf 87' lang='lat' dir='ltr'>linem,</span> <span class='ocrx_word' id='word_1_83' title='bbox 606 951 716 1010; x_wconf 79' lang='lat' dir='ltr'>quautam</span> <span class='ocrx_word' id='word_1_84' title='bbox 731 963 755 999; x_wconf 89' lang='lat' dir='ltr'>se</span> <span class='ocrx_word' id='word_1_85' title='bbox 769 949 873 1000; x_wconf 85' lang='lat' dir='ltr'>extendit</span> 
     </span>
     <span class='ocr_line' id='line_1_12' title="bbox 65 1013 874 1083; baseline 0.011 -23"><span class='ocrx_word' id='word_1_86' title='bbox 65 1013 188 1062; x_wconf 72' lang='lat' dir='ltr'>ccumlitas</span> <span class='ocrx_word' id='word_1_87' title='bbox 209 1013 279 1076; x_wconf 86' lang='lat' dir='ltr'>primi</span> <span class='ocrx_word' id='word_1_88' title='bbox 298 1013 404 1077; x_wconf 70' lang='lat' dir='ltr'>agentis3</span> <span class='ocrx_word' id='word_1_89' title='bbox 422 1027 452 1064; x_wconf 82' lang='lat' dir='ltr'>ex</span> <span class='ocrx_word' id='word_1_90' title='bbox 471 1016 517 1065; x_wconf 88' lang='lat' dir='ltr'>lroc</span> <span class='ocrx_word' id='word_1_91' title='bbox 531 1016 593 1066; x_wconf 85' lang='lat' dir='ltr'>enirn</span> <span class='ocrx_word' id='word_1_92' title='bbox 605 1018 717 1080; x_wconf 77' lang='lat' dir='ltr'>contingit</span> <span class='ocrx_word' id='word_1_93' title='bbox 731 1019 755 1068; x_wconf 91' lang='lat' dir='ltr'>in</span> <span class='ocrx_word' id='word_1_94' title='bbox 766 1019 874 1083; x_wconf 83' lang='lat' dir='ltr'>operibus</span> 
     </span>
     <span class='ocr_line' id='line_1_13' title="bbox 64 1081 872 1153; baseline 0.011 -22"><span class='ocrx_word' id='word_1_95' title='bbox 64 1081 164 1147; x_wconf 86' lang='lat' dir='ltr'>alicujus</span> <span class='ocrx_word' id='word_1_96' title='bbox 180 1084 272 1147; x_wconf 70' lang='lat' dir='ltr'>agents</span> <span class='ocrx_word' id='word_1_97' title='bbox 290 1084 376 1148; x_wconf 81' lang='lat' dir='ltr'>aliquid</span> <span class='ocrx_word' id='word_1_98' title='bbox 396 1086 518 1150; x_wconf 79' lang='lat' dir='ltr'>provenire</span> <span class='ocrx_word' id='word_1_99' title='bbox 536 1101 583 1138; x_wconf 92' lang='lat' dir='ltr'>non</span> <span class='ocrx_word' id='word_1_100' title='bbox 600 1088 728 1139; x_wconf 86' lang='lat' dir='ltr'>ordinatum</span> <span class='ocrx_word' id='word_1_101' title='bbox 743 1091 771 1140; x_wconf 77' lang='lat' dir='ltr'>ael</span> <span class='ocrx_word' id='word_1_102' title='bbox 788 1091 872 1153; x_wconf 84' lang='lat' dir='ltr'>linem,</span> 
     </span>
     <span class='ocr_line' id='line_1_14' title="bbox 65 1154 873 1222; baseline 0.007 -17"><span class='ocrx_word' id='word_1_103' title='bbox 65 1154 119 1217; x_wconf 83' lang='lat' dir='ltr'>quia</span> <span class='ocrx_word' id='word_1_104' title='bbox 128 1156 226 1206; x_wconf 76' lang='lat' dir='ltr'>effectus</span> <span class='ocrx_word' id='word_1_105' title='bbox 235 1155 274 1206; x_wconf 89' lang='lat' dir='ltr'>illc</span> <span class='ocrx_word' id='word_1_106' title='bbox 287 1156 433 1220; x_wconf 77' lang='lat' dir='ltr'>consepultus</span> <span class='ocrx_word' id='word_1_107' title='bbox 442 1171 472 1208; x_wconf 82' lang='lat' dir='ltr'>cx</span> <span class='ocrx_word' id='word_1_108' title='bbox 481 1158 529 1208; x_wconf 84' lang='lat' dir='ltr'>alia</span> <span class='ocrx_word' id='word_1_109' title='bbox 543 1171 612 1209; x_wconf 89' lang='lat' dir='ltr'>causa</span> <span class='ocrx_word' id='word_1_110' title='bbox 624 1163 709 1222; x_wconf 79' lang='lat' dir='ltr'>prater</span> <span class='ocrx_word' id='word_1_111' title='bbox 721 1160 873 1212; x_wconf 80' lang='lat' dir='ltr'>intentionem</span> 
     </span>
     <span class='ocr_line' id='line_1_15' title="bbox 64 1226 873 1295; baseline 0.012 -23"><span class='ocrx_word' id='word_1_112' title='bbox 64 1226 163 1287; x_wconf 83' lang='lat' dir='ltr'>agentis.</span> <span class='ocrx_word' id='word_1_113' title='bbox 191 1226 319 1278; x_wconf 76' lang='lat' dir='ltr'>sausalitau</span> <span class='ocrx_word' id='word_1_114' title='bbox 342 1231 420 1277; x_wconf 85' lang='lat' dir='ltr'>autem</span> <span class='ocrx_word' id='word_1_115' title='bbox 437 1229 493 1292; x_wconf 81' lang='lat' dir='ltr'>liei,</span> <span class='ocrx_word' id='word_1_116' title='bbox 515 1229 556 1293; x_wconf 76' lang='lat' dir='ltr'>qui</span> <span class='ocrx_word' id='word_1_117' title='bbox 573 1233 608 1279; x_wconf 87' lang='lat' dir='ltr'>cst</span> <span class='ocrx_word' id='word_1_118' title='bbox 630 1229 729 1293; x_wconf 89' lang='lat' dir='ltr'>primum</span> <span class='ocrx_word' id='word_1_119' title='bbox 749 1244 832 1295; x_wconf 77' lang='lat' dir='ltr'>agens,</span> <span class='ocrx_word' id='word_1_120' title='bbox 848 1245 873 1282; x_wconf 87' lang='lat' dir='ltr'>sc</span> 
     </span>
     <span class='ocr_line' id='line_1_16' title="bbox 62 1297 875 1366; baseline 0.009 -21"><span class='ocrx_word' id='word_1_121' title='bbox 62 1297 167 1348; x_wconf 83' lang='lat' dir='ltr'>extendit</span> <span class='ocrx_word' id='word_1_122' title='bbox 180 1311 256 1360; x_wconf 81' lang='lat' dir='ltr'>usque</span> <span class='ocrx_word' id='word_1_123' title='bbox 272 1299 301 1348; x_wconf 86' lang='lat' dir='ltr'>ad</span> <span class='ocrx_word' id='word_1_124' title='bbox 314 1298 392 1348; x_wconf 89' lang='lat' dir='ltr'>omnia</span> <span class='ocrx_word' id='word_1_125' title='bbox 404 1299 480 1363; x_wconf 83' lang='lat' dir='ltr'>entia,</span> <span class='ocrx_word' id='word_1_126' title='bbox 492 1313 539 1350; x_wconf 91' lang='lat' dir='ltr'>non</span> <span class='ocrx_word' id='word_1_127' title='bbox 553 1299 626 1351; x_wconf 82' lang='lat' dir='ltr'>solim</span> <span class='ocrx_word' id='word_1_128' title='bbox 644 1305 755 1364; x_wconf 74' lang='lat' dir='ltr'>mantum</span> <span class='ocrx_word' id='word_1_129' title='bbox 770 1303 799 1352; x_wconf 88' lang='lat' dir='ltr'>ad</span> <span class='ocrx_word' id='word_1_130' title='bbox 810 1303 875 1366; x_wconf 90' lang='lat' dir='ltr'>prin-</span> 
     </span>
     <span class='ocr_line' id='line_1_17' title="bbox 62 1368 873 1438; baseline 0.01 -23"><span class='ocrx_word' id='word_1_131' title='bbox 62 1368 124 1431; x_wconf 86' lang='lat' dir='ltr'>cipia</span> <span class='ocrx_word' id='word_1_132' title='bbox 144 1368 254 1432; x_wconf 85' lang='lat' dir='ltr'>speciei,</span> <span class='ocrx_word' id='word_1_133' title='bbox 267 1370 307 1418; x_wconf 89' lang='lat' dir='ltr'>sed</span> <span class='ocrx_word' id='word_1_134' title='bbox 322 1369 393 1418; x_wconf 86' lang='lat' dir='ltr'>ctiam</span> <span class='ocrx_word' id='word_1_135' title='bbox 408 1375 519 1432; x_wconf 87' lang='lat' dir='ltr'>quantum</span> <span class='ocrx_word' id='word_1_136' title='bbox 539 1372 569 1421; x_wconf 87' lang='lat' dir='ltr'>ad</span> <span class='ocrx_word' id='word_1_137' title='bbox 586 1371 735 1422; x_wconf 80' lang='lat' dir='ltr'>individualia</span> <span class='ocrx_word' id='word_1_138' title='bbox 749 1372 873 1438; x_wconf 89' lang='lat' dir='ltr'>principia,</span> 
     </span>
     <span class='ocr_line' id='line_1_18' title="bbox 63 1440 874 1506; baseline 0.009 -19"><span class='ocrx_word' id='word_1_139' title='bbox 63 1453 109 1488; x_wconf 89' lang='lat' dir='ltr'>non</span> <span class='ocrx_word' id='word_1_140' title='bbox 121 1441 202 1490; x_wconf 82' lang='lat' dir='ltr'>solnm</span> <span class='ocrx_word' id='word_1_141' title='bbox 215 1440 436 1503; x_wconf 86' lang='lat' dir='ltr'>incorruptibilium,</span> <span class='ocrx_word' id='word_1_142' title='bbox 450 1441 492 1491; x_wconf 88' lang='lat' dir='ltr'>scd</span> <span class='ocrx_word' id='word_1_143' title='bbox 510 1441 580 1493; x_wconf 86' lang='lat' dir='ltr'>etiam</span> <span class='ocrx_word' id='word_1_144' title='bbox 597 1442 778 1506; x_wconf 83' lang='lat' dir='ltr'>corruptibilium</span> <span class='ocrx_word' id='word_1_145' title='bbox 794 1459 799 1492; x_wconf 93' lang='lat'>:</span> <span class='ocrx_word' id='word_1_146' title='bbox 814 1445 874 1494; x_wconf 79' lang='lat' dir='ltr'>unclc</span> 
     </span>
     <span class='ocr_line' id='line_1_19' title="bbox 63 1510 876 1577; baseline 0.01 -19"><span class='ocrx_word' id='word_1_147' title='bbox 63 1524 161 1562; x_wconf 86' lang='lat' dir='ltr'>necesse</span> <span class='ocrx_word' id='word_1_148' title='bbox 175 1516 213 1561; x_wconf 84' lang='lat' dir='ltr'>est</span> <span class='ocrx_word' id='word_1_149' title='bbox 224 1510 301 1560; x_wconf 89' lang='lat' dir='ltr'>omnia</span> <span class='ocrx_word' id='word_1_150' title='bbox 313 1524 363 1573; x_wconf 83' lang='lat' dir='ltr'>quae</span> <span class='ocrx_word' id='word_1_151' title='bbox 374 1512 461 1561; x_wconf 86' lang='lat' dir='ltr'>babent</span> <span class='ocrx_word' id='word_1_152' title='bbox 473 1525 609 1577; x_wconf 81' lang='lat' dir='ltr'>quocunque</span> <span class='ocrx_word' id='word_1_153' title='bbox 618 1515 685 1565; x_wconf 90' lang='lat' dir='ltr'>modo</span> <span class='ocrx_word' id='word_1_154' title='bbox 693 1527 742 1564; x_wconf 87' lang='lat' dir='ltr'>esse</span> <span class='ocrx_word' id='word_1_155' title='bbox 749 1551 758 1577; x_wconf 90' lang='lat'><strong><em>,</em></strong></span> <span class='ocrx_word' id='word_1_156' title='bbox 772 1515 876 1566; x_wconf 82' lang='lat' dir='ltr'>ordinata</span> 
     </span>
     <span class='ocr_line' id='line_1_20' title="bbox 63 1581 873 1648; baseline 0.002 -14"><span class='ocrx_word' id='word_1_157' title='bbox 63 1595 114 1634; x_wconf 82' lang='lat' dir='ltr'>esec</span> <span class='ocrx_word' id='word_1_158' title='bbox 129 1582 145 1633; x_wconf 70' lang='lat' dir='ltr'>a</span> <span class='ocrx_word' id='word_1_159' title='bbox 157 1585 208 1634; x_wconf 85' lang='lat' dir='ltr'>Deo</span> <span class='ocrx_word' id='word_1_160' title='bbox 221 1583 246 1632; x_wconf 90' lang='lat' dir='ltr'>in</span> <span class='ocrx_word' id='word_1_161' title='bbox 258 1581 342 1645; x_wconf 81' lang='lat' dir='ltr'>iinem3</span> <span class='ocrx_word' id='word_1_162' title='bbox 354 1583 479 1633; x_wconf 73' lang='lat' dir='ltr'>oecundiun</span> <span class='ocrx_word' id='word_1_163' title='bbox 488 1583 546 1634; x_wconf 86' lang='lat' dir='ltr'>illud</span> <span class='ocrx_word' id='word_1_164' title='bbox 556 1585 658 1648; x_wconf 74' lang='lat' dir='ltr'>Apostoli</span> <span class='ocrx_word' id='word_1_165' title='bbox 670 1585 698 1635; x_wconf 85' lang='lat' dir='ltr'>ad</span> <span class='ocrx_word' id='word_1_166' title='bbox 714 1588 795 1644; x_wconf 74' lang='lat' dir='ltr'>llcou,</span> <span class='ocrx_word' id='word_1_167' title='bbox 808 1586 873 1636; x_wconf 86' lang='lat' dir='ltr'>lllll:</span> 
     </span>
     <span class='ocr_line' id='line_1_21' title="bbox 63 1654 876 1719; baseline 0.009 -18"><span class='ocrx_word' id='word_1_168' title='bbox 63 1673 78 1701; x_wconf 79' lang='lat' dir='ltr'>a</span> <span class='ocrx_word' id='word_1_169' title='bbox 91 1657 153 1715; x_wconf 80' lang='lat' dir='ltr'>Qnae</span> <span class='ocrx_word' id='word_1_170' title='bbox 165 1655 181 1706; x_wconf 78' lang='lat' dir='ltr'>t</span> <span class='ocrx_word' id='word_1_171' title='bbox 191 1657 242 1706; x_wconf 86' lang='lat' dir='ltr'>beo</span> <span class='ocrx_word' id='word_1_172' title='bbox 255 1658 322 1716; x_wconf 90' lang='lat' dir='ltr'>suut,</span> <span class='ocrx_word' id='word_1_173' title='bbox 333 1654 437 1704; x_wconf 88' lang='lat' dir='ltr'>ordinata</span> <span class='ocrx_word' id='word_1_174' title='bbox 451 1659 513 1706; x_wconf 89' lang='lat' dir='ltr'>sunt.</span> <span class='ocrx_word' id='word_1_175' title='bbox 526 1672 539 1702; x_wconf 85' lang='lat' dir='ltr'>u</span> <span class='ocrx_word' id='word_1_176' title='bbox 561 1657 617 1707; x_wconf 80' lang='lat' dir='ltr'>Clam</span> <span class='ocrx_word' id='word_1_177' title='bbox 631 1671 685 1719; x_wconf 83' lang='lat' dir='ltr'>ergo</span> <span class='ocrx_word' id='word_1_178' title='bbox 701 1655 759 1707; x_wconf 85' lang='lat' dir='ltr'>nibil</span> <span class='ocrx_word' id='word_1_179' title='bbox 772 1657 833 1708; x_wconf 86' lang='lat' dir='ltr'>aliud</span> <span class='ocrx_word' id='word_1_180' title='bbox 846 1658 876 1708; x_wconf 91' lang='lat' dir='ltr'>sil</span> 
     </span>
     <span class='ocr_line' id='line_1_22' title="bbox 61 1725 874 1792; baseline 0.005 -16"><span class='ocrx_word' id='word_1_181' title='bbox 61 1727 104 1776; x_wconf 78' lang='lat' dir='ltr'>liei</span> <span class='ocrx_word' id='word_1_182' title='bbox 115 1727 267 1791; x_wconf 83' lang='lat' dir='ltr'>providentia</span> <span class='ocrx_word' id='word_1_183' title='bbox 280 1725 349 1788; x_wconf 86' lang='lat' dir='ltr'>quim</span> <span class='ocrx_word' id='word_1_184' title='bbox 363 1726 420 1776; x_wconf 85' lang='lat' dir='ltr'>ratio</span> <span class='ocrx_word' id='word_1_185' title='bbox 434 1727 520 1777; x_wconf 84' lang='lat' dir='ltr'>ordinis</span> <span class='ocrx_word' id='word_1_186' title='bbox 533 1741 608 1778; x_wconf 92' lang='lat' dir='ltr'>rerum</span> <span class='ocrx_word' id='word_1_187' title='bbox 621 1727 645 1778; x_wconf 90' lang='lat' dir='ltr'>iu</span> <span class='ocrx_word' id='word_1_188' title='bbox 656 1730 725 1779; x_wconf 85' lang='lat' dir='ltr'>finem</span> <span class='ocrx_word' id='word_1_189' title='bbox 735 1729 774 1792; x_wconf 85' lang='lat' dir='ltr'>(nt</span> <span class='ocrx_word' id='word_1_190' title='bbox 789 1731 874 1781; x_wconf 89' lang='lat' dir='ltr'>dictum</span> 
     </span>
     <span class='ocr_line' id='line_1_23' title="bbox 59 1797 875 1864; baseline 0.006 -17"><span class='ocrx_word' id='word_1_191' title='bbox 59 1800 119 1862; x_wconf 76' lang='lat' dir='ltr'>est),</span> <span class='ocrx_word' id='word_1_192' title='bbox 139 1811 239 1850; x_wconf 83' lang='lat' dir='ltr'>necesse</span> <span class='ocrx_word' id='word_1_193' title='bbox 258 1800 294 1847; x_wconf 88' lang='lat' dir='ltr'>est</span> <span class='ocrx_word' id='word_1_194' title='bbox 305 1797 382 1848; x_wconf 89' lang='lat' dir='ltr'>omnia</span> <span class='ocrx_word' id='word_1_195' title='bbox 393 1798 418 1847; x_wconf 91' lang='lat' dir='ltr'>in</span> <span class='ocrx_word' id='word_1_196' title='bbox 431 1803 542 1862; x_wconf 85' lang='lat' dir='ltr'>quantum</span> <span class='ocrx_word' id='word_1_197' title='bbox 555 1800 691 1864; x_wconf 87' lang='lat' dir='ltr'>participant</span> <span class='ocrx_word' id='word_1_198' title='bbox 704 1816 765 1859; x_wconf 81' lang='lat' dir='ltr'>ease,</span> <span class='ocrx_word' id='word_1_199' title='bbox 778 1803 803 1852; x_wconf 91' lang='lat' dir='ltr'>in</span> <span class='ocrx_word' id='word_1_200' title='bbox 824 1806 875 1852; x_wconf 91' lang='lat' dir='ltr'>tan-</span> 
     </span>
     <span class='ocr_line' id='line_1_24' title="bbox 57 1869 466 1932; baseline 0.002 -15"><span class='ocrx_word' id='word_1_201' title='bbox 57 1875 109 1920; x_wconf 89' lang='lat' dir='ltr'>tum</span> <span class='ocrx_word' id='word_1_202' title='bbox 122 1871 196 1921; x_wconf 82' lang='lat' dir='ltr'>subdi</span> <span class='ocrx_word' id='word_1_203' title='bbox 209 1869 295 1920; x_wconf 79' lang='lat' dir='ltr'>(lirina</span> <span class='ocrx_word' id='word_1_204' title='bbox 307 1869 466 1932; x_wconf 79' lang='lat' dir='ltr'>prouidentia.</span> 
     </span>
    </p>

    <p class='ocr_par' dir='ltr' id='par_1_5' title="bbox 53 1938 876 2277">
     <span class='ocr_line' id='line_1_25' title="bbox 88 1938 876 2004; baseline 0 -12"><span class='ocrx_word' id='word_1_205' title='bbox 88 1942 206 1992; x_wconf 74' lang='lat' dir='ltr'>Similiter</span> <span class='ocrx_word' id='word_1_206' title='bbox 222 1939 294 1990; x_wconf 85' lang='lat' dir='ltr'>ctiam</span> <span class='ocrx_word' id='word_1_207' title='bbox 309 1938 377 2004; x_wconf 72' lang='lat' dir='ltr'>supra</span> <span class='ocrx_word' id='word_1_208' title='bbox 393 1943 510 1989; x_wconf 80' lang='lat' dir='ltr'>ostcmum</span> <span class='ocrx_word' id='word_1_209' title='bbox 525 1944 560 1990; x_wconf 87' lang='lat' dir='ltr'>cst</span> <span class='ocrx_word' id='word_1_210' title='bbox 574 1939 634 2004; x_wconf 83' lang='lat' dir='ltr'>qubd</span> <span class='ocrx_word' id='word_1_211' title='bbox 649 1941 709 1992; x_wconf 84' lang='lat' dir='ltr'>Deus</span> <span class='ocrx_word' id='word_1_212' title='bbox 723 1941 799 1991; x_wconf 89' lang='lat' dir='ltr'>omnia</span> <span class='ocrx_word' id='word_1_213' title='bbox 821 1955 876 2004; x_wconf 81' lang='lat' dir='ltr'>cog·</span> 
     </span>
     <span class='ocr_line' id='line_1_26' title="bbox 56 2010 876 2076; baseline 0.002 -16"><span class='ocrx_word' id='word_1_214' title='bbox 56 2014 151 2076; x_wconf 85' lang='lat' dir='ltr'>noscit,</span> <span class='ocrx_word' id='word_1_215' title='bbox 167 2016 193 2064; x_wconf 89' lang='lat' dir='ltr'>ct</span> <span class='ocrx_word' id='word_1_216' title='bbox 209 2010 351 2061; x_wconf 72' lang='lat' dir='ltr'>universalia</span> <span class='ocrx_word' id='word_1_217' title='bbox 369 2013 394 2059; x_wconf 90' lang='lat' dir='ltr'>et</span> <span class='ocrx_word' id='word_1_218' title='bbox 408 2011 571 2074; x_wconf 81' lang='lat' dir='ltr'>particularia3</span> <span class='ocrx_word' id='word_1_219' title='bbox 587 2015 610 2062; x_wconf 88' lang='lat' dir='ltr'>et</span> <span class='ocrx_word' id='word_1_220' title='bbox 630 2012 683 2061; x_wconf 84' lang='lat' dir='ltr'>cim</span> <span class='ocrx_word' id='word_1_221' title='bbox 704 2011 804 2074; x_wconf 81' lang='lat' dir='ltr'>cognitio</span> <span class='ocrx_word' id='word_1_222' title='bbox 823 2012 876 2075; x_wconf 82' lang='lat' dir='ltr'>ejus</span> 
     </span>
     <span class='ocr_line' id='line_1_27' title="bbox 54 2081 874 2148; baseline 0.001 -17"><span class='ocrx_word' id='word_1_223' title='bbox 54 2088 210 2148; x_wconf 78' lang='lat' dir='ltr'>comparetur</span> <span class='ocrx_word' id='word_1_224' title='bbox 221 2082 252 2132; x_wconf 86' lang='lat' dir='ltr'>ad</span> <span class='ocrx_word' id='word_1_225' title='bbox 265 2094 303 2131; x_wconf 88' lang='lat' dir='ltr'>res</span> <span class='ocrx_word' id='word_1_226' title='bbox 316 2081 375 2130; x_wconf 74' lang='lat' dir='ltr'>sicam</span> <span class='ocrx_word' id='word_1_227' title='bbox 388 2081 488 2141; x_wconf 81' lang='lat' dir='ltr'>cognitio</span> <span class='ocrx_word' id='word_1_228' title='bbox 502 2081 556 2132; x_wconf 88' lang='lat' dir='ltr'>artis</span> <span class='ocrx_word' id='word_1_229' title='bbox 570 2082 598 2132; x_wconf 89' lang='lat' dir='ltr'>ad</span> <span class='ocrx_word' id='word_1_230' title='bbox 617 2081 735 2132; x_wconf 70' lang='lat' dir='ltr'>solicitis</span> <span class='ocrx_word' id='word_1_231' title='bbox 749 2082 758 2146; x_wconf 86' lang='grc'>(</span> <span class='ocrx_word' id='word_1_232' title='bbox 765 2084 790 2131; x_wconf 92' lang='lat' dir='ltr'>ut</span> <span class='ocrx_word' id='word_1_233' title='bbox 806 2094 874 2145; x_wconf 89' lang='lat' dir='ltr'>supra</span> 
     </span>
     <span class='ocr_line' id='line_1_28' title="bbox 55 2150 875 2218; baseline -0.001 -16"><span class='ocrx_word' id='word_1_234' title='bbox 55 2156 147 2204; x_wconf 88' lang='lat' dir='ltr'>dictum</span> <span class='ocrx_word' id='word_1_235' title='bbox 162 2159 200 2206; x_wconf 85' lang='lat' dir='ltr'>est</span> <span class='ocrx_word' id='word_1_236' title='bbox 207 2152 227 2218; x_wconf 75' lang='lat' dir='ltr'>l,</span> <span class='ocrx_word' id='word_1_237' title='bbox 245 2165 339 2202; x_wconf 88' lang='lat' dir='ltr'>neccsse</span> <span class='ocrx_word' id='word_1_238' title='bbox 350 2156 387 2201; x_wconf 89' lang='lat' dir='ltr'>est</span> <span class='ocrx_word' id='word_1_239' title='bbox 400 2150 461 2215; x_wconf 83' lang='lat' dir='ltr'>quob</span> <span class='ocrx_word' id='word_1_240' title='bbox 471 2152 547 2202; x_wconf 89' lang='lat' dir='ltr'>omnia</span> <span class='ocrx_word' id='word_1_241' title='bbox 558 2155 713 2216; x_wconf 85' lang='lat' dir='ltr'>supponantur</span> <span class='ocrx_word' id='word_1_242' title='bbox 726 2152 776 2216; x_wconf 86' lang='lat' dir='ltr'>ejus</span> <span class='ocrx_word' id='word_1_243' title='bbox 786 2153 860 2203; x_wconf 87' lang='lat' dir='ltr'>ordini</span> <span class='ocrx_word' id='word_1_244' title='bbox 866 2191 875 2216; x_wconf 86' lang='lat'><em>,</em></span> 
     </span>
     <span class='ocr_line' id='line_1_29' title="bbox 53 2223 660 2277; baseline 0 -3"><span class='ocrx_word' id='word_1_245' title='bbox 53 2227 119 2276; x_wconf 83' lang='lat' dir='ltr'>sicut</span> <span class='ocrx_word' id='word_1_246' title='bbox 134 2227 216 2277; x_wconf 82' lang='lat' dir='ltr'>omnic</span> <span class='ocrx_word' id='word_1_247' title='bbox 232 2223 356 2274; x_wconf 84' lang='lat' dir='ltr'>artillciata</span> <span class='ocrx_word' id='word_1_248' title='bbox 368 2224 497 2276; x_wconf 79' lang='lat' dir='ltr'>moluntur</span> <span class='ocrx_word' id='word_1_249' title='bbox 505 2223 584 2274; x_wconf 81' lang='lat' dir='ltr'>ordini</span> <span class='ocrx_word' id='word_1_250' title='bbox 596 2225 660 2274; x_wconf 87' lang='lat' dir='ltr'>artis.</span> 
     </span>
    </p>

    <p class='ocr_par' dir='ltr' id='par_1_6' title="bbox 53 2295 875 2503">
     <span class='ocr_line' id='line_1_30' title="bbox 84 2295 875 2361; baseline 0 -14"><span class='ocrx_word' id='word_1_251' title='bbox 84 2298 126 2347; x_wconf 79' lang='lat' dir='ltr'>Ad</span> <span class='ocrx_word' id='word_1_252' title='bbox 150 2295 257 2361; x_wconf 85' lang='lat' dir='ltr'>primum</span> <span class='ocrx_word' id='word_1_253' title='bbox 279 2307 335 2356; x_wconf 82' lang='lat' dir='ltr'>crgo</span> <span class='ocrx_word' id='word_1_254' title='bbox 361 2295 498 2358; x_wconf 83' lang='lat' dir='ltr'>dicendum,</span> <span class='ocrx_word' id='word_1_255' title='bbox 523 2295 583 2359; x_wconf 88' lang='lat' dir='ltr'>qubd</span> <span class='ocrx_word' id='word_1_256' title='bbox 611 2295 678 2346; x_wconf 89' lang='lat' dir='ltr'>aliter</span> <span class='ocrx_word' id='word_1_257' title='bbox 699 2299 733 2345; x_wconf 89' lang='lat' dir='ltr'>est</span> <span class='ocrx_word' id='word_1_258' title='bbox 760 2295 787 2346; x_wconf 84' lang='lat' dir='ltr'>de</span> <span class='ocrx_word' id='word_1_259' title='bbox 807 2309 875 2347; x_wconf 83' lang='lat' dir='ltr'>causa</span> 
     </span>
     <span class='ocr_line' id='line_1_31' title="bbox 53 2366 874 2429; baseline 0.001 -12"><span class='ocrx_word' id='word_1_260' title='bbox 53 2369 188 2420; x_wconf 82' lang='lat' dir='ltr'>universali</span> <span class='ocrx_word' id='word_1_261' title='bbox 210 2371 239 2419; x_wconf 83' lang='lat' dir='ltr'>et</span> <span class='ocrx_word' id='word_1_262' title='bbox 262 2367 292 2416; x_wconf 85' lang='lat' dir='ltr'>de</span> <span class='ocrx_word' id='word_1_263' title='bbox 314 2379 383 2416; x_wconf 86' lang='lat' dir='ltr'>cansa</span> <span class='ocrx_word' id='word_1_264' title='bbox 410 2367 551 2429; x_wconf 81' lang='lat' dir='ltr'>particulari.</span> <span class='ocrx_word' id='word_1_265' title='bbox 579 2367 688 2418; x_wconf 79' lang='lat' dir='ltr'>Ordinem</span> <span class='ocrx_word' id='word_1_266' title='bbox 713 2366 775 2417; x_wconf 88' lang='lat' dir='ltr'>enim</span> <span class='ocrx_word' id='word_1_267' title='bbox 801 2381 874 2418; x_wconf 85' lang='lat' dir='ltr'>causae</span> 
     </span>
     <span class='ocr_line' id='line_1_32' title="bbox 55 2437 874 2503; baseline 0.001 -14"><span class='ocrx_word' id='word_1_268' title='bbox 55 2439 211 2503; x_wconf 81' lang='lat' dir='ltr'>particularis</span> <span class='ocrx_word' id='word_1_269' title='bbox 230 2437 319 2501; x_wconf 74' lang='lat' dir='ltr'>aliqumd</span> <span class='ocrx_word' id='word_1_270' title='bbox 336 2440 412 2500; x_wconf 85' lang='lat' dir='ltr'>potest</span> <span class='ocrx_word' id='word_1_271' title='bbox 430 2437 508 2501; x_wconf 73' lang='lat' dir='ltr'>crue,</span> <span class='ocrx_word' id='word_1_272' title='bbox 526 2451 573 2486; x_wconf 90' lang='lat' dir='ltr'>uon</span> <span class='ocrx_word' id='word_1_273' title='bbox 588 2441 664 2488; x_wconf 88' lang='lat' dir='ltr'>autem</span> <span class='ocrx_word' id='word_1_274' title='bbox 682 2438 784 2488; x_wconf 87' lang='lat' dir='ltr'>ordinem</span> <span class='ocrx_word' id='word_1_275' title='bbox 801 2453 874 2490; x_wconf 76' lang='lat' dir='ltr'>causa</span> 
     </span>
    </p>
   </div>
   <div class='ocr_carea' id='block_1_4' title="bbox 53 2507 973 2573">
    <p class='ocr_par' dir='ltr' id='par_1_7' title="bbox 53 2507 973 2573">
     <span class='ocr_line' id='line_1_33' title="bbox 53 2507 973 2573; baseline 0 -13"><span class='ocrx_word' id='word_1_276' title='bbox 53 2510 210 2562; x_wconf 81' lang='lat' dir='ltr'>universalis.</span> <span class='ocrx_word' id='word_1_277' title='bbox 219 2511 273 2560; x_wconf 83' lang='lat' dir='ltr'>Non</span> <span class='ocrx_word' id='word_1_278' title='bbox 287 2507 350 2558; x_wconf 88' lang='lat' dir='ltr'>enlm</span> <span class='ocrx_word' id='word_1_279' title='bbox 365 2507 495 2558; x_wconf 86' lang='lat' dir='ltr'>subducitur</span> <span class='ocrx_word' id='word_1_280' title='bbox 508 2507 593 2571; x_wconf 82' lang='lat' dir='ltr'>aliquid</span> <span class='ocrx_word' id='word_1_281' title='bbox 604 2509 632 2558; x_wconf 90' lang='lat' dir='ltr'>ab</span> <span class='ocrx_word' id='word_1_282' title='bbox 643 2507 720 2559; x_wconf 83' lang='lat' dir='ltr'>ordine</span> <span class='ocrx_word' id='word_1_283' title='bbox 734 2523 806 2560; x_wconf 79' lang='lat' dir='ltr'>cause</span> <span class='ocrx_word' id='word_1_284' title='bbox 821 2524 874 2573; x_wconf 86' lang='lat' dir='ltr'>par-</span> <span class='ocrx_word' id='word_1_285' title='bbox 967 2561 973 2570; x_wconf 60' lang='grc'>,</span> 
     </span>
    </p>
   </div>
   <div class='ocr_carea' id='block_1_5' title="bbox 48 2579 877 3000">
    <p class='ocr_par' dir='ltr' id='par_1_8' title="bbox 48 2579 877 3000">
     <span class='ocr_line' id='line_1_34' title="bbox 51 2579 876 2646; baseline -0.001 -14"><span class='ocrx_word' id='word_1_286' title='bbox 51 2581 184 2644; x_wconf 63' lang='lat' dir='ltr'>ticulum,</span> <span class='ocrx_word' id='word_1_287' title='bbox 196 2580 243 2630; x_wconf 87' lang='lat' dir='ltr'>nisi</span> <span class='ocrx_word' id='word_1_288' title='bbox 264 2593 307 2643; x_wconf 88' lang='lat' dir='ltr'>per</span> <span class='ocrx_word' id='word_1_289' title='bbox 328 2579 427 2644; x_wconf 83' lang='lat' dir='ltr'>aliquam</span> <span class='ocrx_word' id='word_1_290' title='bbox 440 2579 509 2629; x_wconf 90' lang='lat' dir='ltr'>aliam</span> <span class='ocrx_word' id='word_1_291' title='bbox 522 2593 612 2630; x_wconf 71' lang='lat' dir='ltr'>cauom</span> <span class='ocrx_word' id='word_1_292' title='bbox 632 2581 792 2644; x_wconf 88' lang='lat' dir='ltr'>particularem</span> <span class='ocrx_word' id='word_1_293' title='bbox 803 2582 876 2646; x_wconf 87' lang='lat' dir='ltr'>impe-</span> 
     </span>
     <span class='ocr_line' id='line_1_35' title="bbox 51 2649 875 2716; baseline 0.005 -17"><span class='ocrx_word' id='word_1_294' title='bbox 51 2657 185 2715; x_wconf 64' lang='lat' dir='ltr'>2lientem‚</span> <span class='ocrx_word' id='word_1_295' title='bbox 198 2652 260 2701; x_wconf 88' lang='lat' dir='ltr'>sicut</span> <span class='ocrx_word' id='word_1_296' title='bbox 273 2651 362 2713; x_wconf 82' lang='lat' dir='ltr'>lignum</span> <span class='ocrx_word' id='word_1_297' title='bbox 375 2650 497 2715; x_wconf 87' lang='lat' dir='ltr'>impeditur</span> <span class='ocrx_word' id='word_1_298' title='bbox 513 2649 527 2700; x_wconf 79' lang='lat' dir='ltr'>i</span> <span class='ocrx_word' id='word_1_299' title='bbox 542 2651 697 2704; x_wconf 86' lang='lat' dir='ltr'>combustione</span> <span class='ocrx_word' id='word_1_300' title='bbox 710 2666 750 2716; x_wconf 88' lang='lat' dir='ltr'>per</span> <span class='ocrx_word' id='word_1_301' title='bbox 763 2653 875 2703; x_wconf 84' lang='lat' dir='ltr'>actionem</span> 
     </span>
     <span class='ocr_line' id='line_1_36' title="bbox 49 2721 875 2788; baseline -0.002 -14"><span class='ocrx_word' id='word_1_302' title='bbox 49 2739 143 2788; x_wconf 57' lang='lat' dir='ltr'>aqum</span> <span class='ocrx_word' id='word_1_303' title='bbox 158 2723 232 2786; x_wconf 83' lang='lat' dir='ltr'>unde,</span> <span class='ocrx_word' id='word_1_304' title='bbox 245 2721 299 2772; x_wconf 78' lang='lat' dir='ltr'>cim</span> <span class='ocrx_word' id='word_1_305' title='bbox 314 2734 395 2772; x_wconf 88' lang='lat' dir='ltr'>omnes</span> <span class='ocrx_word' id='word_1_306' title='bbox 408 2734 481 2772; x_wconf 81' lang='lat' dir='ltr'>cansa</span> <span class='ocrx_word' id='word_1_307' title='bbox 492 2723 641 2785; x_wconf 82' lang='lat' dir='ltr'>particulares</span> <span class='ocrx_word' id='word_1_308' title='bbox 654 2724 817 2774; x_wconf 87' lang='lat' dir='ltr'>concludantur</span> <span class='ocrx_word' id='word_1_309' title='bbox 833 2723 875 2773; x_wconf 91' lang='lat' dir='ltr'>sub</span> 
     </span>
     <span class='ocr_line' id='line_1_37' title="bbox 48 2791 876 2856; baseline -0.004 -9"><span class='ocrx_word' id='word_1_310' title='bbox 48 2793 191 2847; x_wconf 75' lang='lat' dir='ltr'>universali</span> <span class='ocrx_word' id='word_1_311' title='bbox 213 2805 298 2855; x_wconf 90' lang='lat' dir='ltr'>causa,</span> <span class='ocrx_word' id='word_1_312' title='bbox 320 2791 458 2856; x_wconf 87' lang='lat' dir='ltr'>impossibile</span> <span class='ocrx_word' id='word_1_313' title='bbox 476 2796 511 2843; x_wconf 90' lang='lat' dir='ltr'>est</span> <span class='ocrx_word' id='word_1_314' title='bbox 533 2793 631 2856; x_wconf 89' lang='lat' dir='ltr'>aliquem</span> <span class='ocrx_word' id='word_1_315' title='bbox 649 2794 755 2845; x_wconf 81' lang='lat' dir='ltr'>effectum</span> <span class='ocrx_word' id='word_1_316' title='bbox 773 2794 876 2845; x_wconf 87' lang='lat' dir='ltr'>ordinem</span> 
     </span>
     <span class='ocr_line' id='line_1_38' title="bbox 49 2862 876 2928; baseline -0.005 -10"><span class='ocrx_word' id='word_1_317' title='bbox 49 2881 135 2918; x_wconf 75' lang='lat' dir='ltr'>causae</span> <span class='ocrx_word' id='word_1_318' title='bbox 154 2862 298 2914; x_wconf 82' lang='lat' dir='ltr'>uniuersalis</span> <span class='ocrx_word' id='word_1_319' title='bbox 311 2863 421 2925; x_wconf 79' lang='lat' dir='ltr'>effugere.</span> <span class='ocrx_word' id='word_1_320' title='bbox 432 2864 459 2913; x_wconf 96' lang='lat' dir='ltr'>ln</span> <span class='ocrx_word' id='word_1_321' title='bbox 473 2868 583 2927; x_wconf 88' lang='lat' dir='ltr'>quantum</span> <span class='ocrx_word' id='word_1_322' title='bbox 597 2864 667 2927; x_wconf 75' lang='lat' dir='ltr'>igitur</span> <span class='ocrx_word' id='word_1_323' title='bbox 683 2865 763 2928; x_wconf 86' lang='lat' dir='ltr'>aliquis</span> <span class='ocrx_word' id='word_1_324' title='bbox 781 2863 876 2914; x_wconf 80' lang='lat' dir='ltr'>effectus</span> 
     </span>
     <span class='ocr_line' id='line_1_39' title="bbox 52 2931 877 3000; baseline -0.005 -16"><span class='ocrx_word' id='word_1_325' title='bbox 52 2938 177 2991; x_wconf 58' lang='lat' dir='ltr'>tudinem</span> <span class='ocrx_word' id='word_1_326' title='bbox 185 2934 287 3000; x_wconf 83' lang='lat' dir='ltr'>alicujus</span> <span class='ocrx_word' id='word_1_327' title='bbox 296 2933 518 2998; x_wconf 80' lang='lat' dir='ltr'>ccusaeparticularis</span> <span class='ocrx_word' id='word_1_328' title='bbox 527 2934 615 2998; x_wconf 82' lang='lat' dir='ltr'>ellugit,</span> <span class='ocrx_word' id='word_1_329' title='bbox 626 2935 707 2986; x_wconf 90' lang='lat' dir='ltr'>dicitur</span> <span class='ocrx_word' id='word_1_330' title='bbox 718 2949 766 2986; x_wconf 82' lang='lat' dir='ltr'>asse</span> <span class='ocrx_word' id='word_1_331' title='bbox 777 2931 877 2984; x_wconf 77' lang='lat' dir='ltr'>coaucta</span> 
     </span>
    </p>
   </div>
   <div class='ocr_carea' id='block_1_6' title="bbox 0 0 1000 3342">
    <p class='ocr_par' dir='ltr' id='par_1_9' title="bbox 0 0 1000 3342">
     <span class='ocr_line' id='line_1_40' title="bbox 0 0 1000 3342; baseline 0 3"><span class='ocrx_word' id='word_1_332' title='bbox 0 0 1000 3342; x_wconf 95' lang='lat' dir='ltr'> </span> 
     </span>
    </p>
   </div>
  </div>
 </body>
</html>
