1992 3342
130 240 175 285 att
321 246 382 282 snas
398 248 421 295 r,
437 247 528 290 ponsa.
548 248 596 295 nrt,
612 246 665 283 aar.
684 248 738 283 xrrr.

161 326 207 375 Sed
227 328 306 373 contra
321 325 365 384 est,
381 322 442 385 quoti
461 322 517 372 dicit
531 322 652 387 Apostolus
665 323 683 371 l.
699 323 758 371 Cor.
778 322 798 370 ll
814 338 819 370 :
835 338 850 368 u
864 323 938 373 Nobis

130 395 240 447 revelavit
251 396 312 444 heus
327 406 370 455 per
382 393 487 456 spiritum
497 406 579 455 snum,
594 408 608 439 u
621 393 661 442 itta
672 392 758 443 soilioet
772 406 823 456 qnae
835 410 850 441 a
865 406 938 445 nemo

130 465 272 528 Principium
284 463 355 527 hujus
367 465 445 514 saeculi
457 464 539 527 nouit,
554 480 568 510 n
582 464 605 515 id
623 469 671 527 est,
690 463 895 529 philosophorum,
911 472 938 516 ut

131 537 227 600 exponit
240 537 328 587 Glossa.

163 609 329 672 (Coactusro.
343 633 374 643 -
391 606 516 657 Perleetior
539 607 639 669 cognitio
656 608 686 656 cle
706 608 753 656 lteo
773 606 798 657 in
820 608 865 657 hae
889 608 939 660 uita
990 642 991 651 κ

132 682 229 729 trahetur
238 678 399 743 pergratiam,
411 691 480 741 quam
491 690 533 741 per
543 679 670 729 naturalem
682 677 816 741 rationem.)

164 750 299 814 Respondeo
312 748 444 811 dicendum,
456 747 518 811 qubd
533 763 574 811 per
588 750 684 811 gratiam
700 749 823 813 perfectior
835 750 939 813 cognitio

133 825 161 872 ale
173 824 221 871 beo
236 821 334 870 habetur
347 817 361 869 h
380 818 446 869 nobis
458 832 527 882 mam
542 820 707 882 perustionem
722 820 859 870 naturalem.
872 822 940 880 Quod

134 893 167 943 sic
181 895 254 957 patet.
266 890 372 954 (arguitio
386 890 448 940 enim
462 903 530 953 quam
548 902 589 953 per
604 891 731 941 naturalem
741 890 855 940 rationem
867 892 941 942 hahe-

133 964 246 1027 mus,duo
256 962 363 1026 mquuirit:
373 962 460 1012 scilieet
472 962 633 1023 phantasmata
641 975 670 1011 ex
680 962 825 1013 sensibilibus
831 968 941 1027 accepta,

134 1038 159 1087 et
168 1036 247 1084 lnmen
258 1035 362 1083 naturale
371 1032 525 1095 intelligibile,
537 1032 604 1095 eujuas
616 1032 701 1081 virtute
714 1030 873 1094 intelligibiles
884 1046 942 1084 oon-

134 1104 330 1170 eeptionesabeis
337 1104 498 1154 abstrahimus.
510 1104 537 1153 ltt
545 1106 656 1167 quantum
666 1104 696 1153 at
704 1106 836 1167 utrumque,
845 1102 944 1167 juratur

134 1179 236 1227 humana
248 1175 349 1239 oognitio
359 1189 401 1239 per
410 1174 575 1225 revelationem
582 1174 668 1237 gratiae.
683 1174 740 1225 Nam
751 1174 864 1225 etlumen
874 1180 944 1226 natu·

132 1250 180 1299 rale
190 1248 319 1299 intellectus
330 1248 474 1297 contortatnr
484 1260 526 1310 per
540 1246 679 1297 inlusionem
690 1246 783 1296 luurinis
796 1246 907 1311 gratniti;
920 1254 944 1298 et

134 1320 248 1375 interdum
270 1319 341 1371 etiam
362 1320 521 1383 phantasmata
540 1318 565 1367 in
588 1316 751 1381 imaginatione
772 1316 874 1369 hominis
895 1321 945 1370 lor-

135 1396 226 1444 mantur
237 1390 361 1454 tirimtm,
371 1389 444 1451 mapa
453 1387 604 1452 exprimentia
616 1400 654 1438 res
663 1388 752 1439 bimas
760 1386 879 1452 quantes,
890 1404 943 1455 qua

135 1464 269 1514 naturaliter
289 1460 462 1512 utensibilibus
482 1459 620 1523 accipimus,
639 1459 698 1509 sicut
715 1464 810 1523 apparet
829 1459 853 1508 in
872 1461 945 1511 visio

135 1535 202 1584 uibus
214 1532 394 1596 prophetalibus.
409 1532 437 1579 nt
453 1530 569 1581 interdum
585 1530 655 1580 etiam
668 1530 750 1595 alique
764 1544 802 1581 res
820 1531 945 1583 sensibiles

135 1606 261 1653 lormantur
266 1600 386 1662 divinitis,
397 1605 436 1650 aut
447 1601 518 1651 etiam
526 1614 608 1664 uoces,
620 1601 649 1651 ad
656 1600 741 1665 aliquid
751 1600 855 1652 bunum
866 1606 947 1667 expri-

136 1674 258 1734 mendum3
271 1672 330 1721 ment
338 1672 364 1721 in
373 1672 490 1735 Baptismo
501 1672 564 1723 risus
573 1676 608 1723 est
618 1671 714 1735 Spiritus
727 1676 820 1723 sanetus
830 1672 855 1722 in
865 1676 946 1739 specie

138 1744 247 1793 columbae
259 1742 303 1807 (l),
319 1747 343 1792 et
361 1756 405 1793 uox
419 1743 492 1793 Patris
506 1744 583 1795 audita
596 1748 639 1806 est,
658 1761 672 1791 a
687 1744 729 1797 ilio
741 1748 777 1795 est
791 1744 863 1797 Filius
878 1760 948 1797 meus

138 1815 241 1865 dilectus.
256 1831 270 1860 u

170 1874 317 1949 ltprimum
336 1898 390 1949 ergo
408 1886 545 1950 allocutum,
565 1884 625 1950 qubel
645 1885 699 1935 lieet
719 1898 760 1949 per
775 1886 948 1938 revelationem
989 1846 990 1900 ¹

138 1958 215 2017 gratiae
230 1958 254 2007 in
266 1960 310 2008 hae
322 1957 371 2007 vita
383 1971 429 2007 non
442 1972 605 2020 cognoscamus
621 1958 649 2009 de
670 1960 716 2009 lieo
734 1958 853 2023 quidest,
869 1963 896 2009 et
911 1960 946 2011 sic

137 2031 160 2079 ei
170 2030 322 2095 qnasiignoto
334 2029 499 2093 conjungamur
514 2034 609 2080 :tanim
625 2029 715 2093 plenius
732 2030 808 2095 ipsum
824 2032 950 2094 cognosci-

139 2114 189 2150 mus
204 2102 229 2150 in
244 2105 355 2164 quantum
370 2101 447 2164 plures
467 2105 490 2150 et
510 2101 683 2151 excellentiores
700 2101 797 2151 effeetus
811 2101 864 2165 ejus
877 2102 951 2152 nobis
988 2108 989 2165 j

138 2172 330 2235 demonstrantur,
344 2175 367 2222 et
380 2172 405 2221 in
421 2174 532 2235 quantum
549 2172 570 2223 ei
585 2172 661 2237 aliqua
678 2172 822 2227 attribuimus
833 2186 864 2223 ex
878 2188 950 2225 neve·
988 2168 989 2172 ’

139 2326 216 2370 ridere
225 2331 261 2369 est
271 2338 340 2382 super
350 2326 405 2371 illud
417 2328 502 2375 Jooo„
512 2328 552 2371 llll
561 2328 591 2370 t«
599 2328 664 2382 Quia
672 2326 761 2372 vidisti
776 2340 823 2378 me,
842 2328 952 2379 Thomas,

139 2388 276 2433 credidisti.
295 2385 467 2444 AEquivalenter
486 2396 563 2433 tamen
581 2401 623 2445 pro
642 2390 725 2435 eodem
746 2390 846 2435 habetur
865 2395 955 2448 quoad
987 2398 988 2442 i

140 2462 242 2495 sensum.
256 2450 385 2505 Explicatio
405 2456 482 2495 antem
503 2462 603 2507 sequens
617 2452 716 2509 mosem,
736 2452 837 2499 habetur
851 2459 903 2498 tum
924 2456 954 2501 in

140 2512 212 2556 ueteri
222 2513 377 2568 manuscripta
388 2525 440 2568 que
451 2513 480 2556 tle
494 2514 600 2570 malignis
613 2514 683 2558 etiam
694 2514 813 2569 spiritibus
825 2518 955 2570 praemittit
978 2546 982 2570 1

140 2574 195 2618 illud
206 2574 315 2632 intelllgi,
330 2581 377 2619 tum
391 2576 415 2619 in
429 2576 541 2631 impressa
552 2587 612 2621 nova
622 2576 722 2621 interlin.
731 2588 783 2632 puae
794 2576 933 2625 daemonem
980 2585 987 2639 t

137 2636 340 2694 pbilosophorum
349 2641 370 2682 et
381 2636 506 2681 doctorum
518 2638 670 2694 ignorantiam
683 2638 749 2685 simul
760 2594 977 2757 jungitw

173 2704 204 2765 (l)
219 2708 270 2751 Non
285 2718 340 2764 ergo
358 2708 504 2763 phantastica
522 2714 545 2753 et
566 2709 701 2766 imaginaria
724 2709 812 2755 tanthm
833 2722 850 2761 a
875 2725 890 2757 u
918 2715 958 2759 tra
986 2684 987 2713 ἢ

140 2768 183 2812 luit
199 2780 250 2824 que
265 2769 290 2813 in
302 2766 417 2825 baptismo
430 2770 512 2815 Christi
527 2770 588 2826 apuul
601 2771 759 2829 Evangelistas
773 2769 847 2816 omn*
873 2786 962 2832 appu-

140 2830 214 2875 ruisse
220 2828 347 2883 indicatum
359 2831 399 2876 sed
411 2842 490 2876 verum
503 2832 546 2876 luit
555 2838 579 2876 et
587 2834 650 2879 reale
662 2834 746 2879 animal
758 2712 964 3073 sma-

826 2900 838 2944 1

140 2893 322 2998 tomggvlnitusl,
341 2899 366 2937 ut
384 2906 412 2939 ex
430 2893 535 2949 prolesso
553 2895 620 2940 docet
635 2900 657 2941 s.
676 2896 788 2957 Thomas,
849 2933 855 2959 ,
872 2908 962 2957 part..
985 2922 986 2986 p

140 2966 179 3008 qr.
227 2969 259 3013 ,a
285 2988 289 2999 .
320 2987 326 2998 .

596 3078 600 3084 -
701 3010 837 3179 aa
