1992 3342
116 206 161 251 itt
328 215 388 250 ms
405 216 428 260 r,
445 214 539 257 onmes.
557 214 616 263 xiv,
634 214 691 250 uer.
708 216 750 253 xv.

117 293 172 342 dcet
182 292 207 341 in
216 290 333 341 intedectu
344 290 396 353 eius
405 291 435 340 sit
443 290 579 353 compositio
588 291 626 340 rel
636 290 719 341 divisio
731 291 920 349 enuntialsilrum

117 363 158 414 sed
169 361 344 425 unumquodque
361 362 479 422 cognoscit
493 374 536 425 ner
549 360 675 425 simplicem
687 362 874 427 intelligentiam,
885 364 922 414 tn-
977 390 978 395 κ

117 434 240 497 telligendo
253 431 375 483 essentiam
384 432 563 498 uniuscujusque
575 448 581 482 ε
594 433 653 484 sieut
664 433 684 483 si
695 447 736 484 uos
748 436 792 485 troo
803 435 854 499 ipso
864 436 925 500 qudd

116 504 266 567 intelligimus
278 503 333 567 quid
350 508 385 553 est
401 504 484 567 homo,
496 504 677 567 intelligeremus
688 504 765 555 omnia
781 520 834 569 quae
845 506 875 557 de
885 508 925 557 lto-

117 582 179 631 mine
192 578 311 645 predicari
320 582 423 642 possum.
436 580 501 639 Quod
511 579 604 644 quidem
618 579 644 629 iu
657 580 775 635 intellectu
790 584 869 633 nostro
880 595 927 633 uari

117 651 246 715 contingit,
262 650 302 714 qui
316 652 344 701 de
357 663 404 700 uuo
420 650 445 699 iu
462 650 525 701 aliud
543 651 668 715 discurrit,
683 655 777 715 propter
797 652 841 702 troc
861 652 925 719 quod

116 724 204 788 species
217 721 370 785 intelligibilis
387 722 420 772 sic
436 727 585 785 mpraesenlat
600 736 689 784 uuum,
703 723 822 785 quodum
838 737 929 788 repra·
978 703 979 783 l

117 798 193 845 sentat
205 794 266 844 aliud
280 808 285 842 ε
301 793 363 842 unde
376 792 535 855 intelligendo,
547 793 602 856 quid
614 797 649 843 eat
662 794 739 856 horno,
754 807 802 843 uon
815 796 860 845 lroc
874 796 926 859 ipso

118 865 162 915 alia
177 879 228 929 quae
242 864 265 915 ei
277 863 369 927 insunt,
380 862 544 927 intelligimus,
556 864 597 914 sed
605 864 729 915 secuudum
744 866 860 929 quandam
874 881 927 919 suo

119 938 256 987 cessionem.
269 935 574 998 signatorumque
587 934 682 985 seorsim
695 939 718 985 et
731 936 823 987 divisim
835 936 927 989 intelli-

120 1010 210 1073 gimus,
224 1012 315 1073 oportet
335 1021 377 1058 uos
390 1008 415 1057 in
430 1021 502 1057 uuum
518 1008 621 1071 redigere
640 1022 681 1073 per
701 1009 793 1059 randum
810 1012 928 1076 composi-

122 1081 191 1131 donis
207 1081 245 1130 vel
265 1079 398 1142 divisionis,
415 1079 598 1130 enuntiationem
619 1080 746 1131 tornando.
768 1080 815 1131 Sed
834 1083 931 1146 speeies
979 1124 980 1127 ,

119 1153 249 1203 intellectus
258 1150 344 1214 dirim,
353 1150 440 1201 sedicet
449 1150 608 1213 ejusessentia
616 1187 624 1213 ,
633 1150 719 1201 suflicit
728 1152 757 1202 ad
768 1152 931 1205 demonstran-

120 1224 175 1273 dum
192 1223 269 1275 emnia
288 1239 294 1274 :
314 1223 376 1273 uude
397 1221 547 1284 intelligendo
564 1222 688 1273 essentiam
709 1235 788 1285 suam,
808 1223 930 1287 cognoscit

121 1295 232 1346 aasentias
240 1295 352 1358 ominium,
365 1298 389 1345 et
398 1304 547 1357 quecumque
560 1292 595 1343 eis
608 1294 712 1345 accidere
726 1299 822 1359 possam
835 1295 883 1361 (t).

151 1368 186 1418 Ad
202 1367 302 1431 primurn
317 1380 372 1429 ergo
386 1365 525 1427 dicendum,
541 1363 602 1429 quod
615 1365 673 1416 ratio
688 1364 727 1415 illa
741 1367 899 1434 procederet,
912 1370 931 1419 si
980 1341 981 1427 l

121 1441 182 1491 lleus
201 1441 348 1502 cognosceret
360 1436 508 1489 enuntiabilia
523 1450 565 1500 per
575 1438 667 1488 modum
679 1437 866 1489 emundabilium.

152 1510 319 1560 odmundum
330 1508 467 1571 moendum,
475 1506 537 1571 quod
547 1509 681 1572 compositio
694 1508 844 1561 enuntiabilis
857 1512 931 1577 signi·

121 1582 174 1632 duat
188 1580 273 1645 aliquid
287 1594 340 1629 esee
354 1581 407 1643 rei3
425 1585 449 1631 et
464 1579 498 1630 sic
510 1581 570 1630 Deus
587 1594 628 1644 per
646 1594 712 1632 suum
729 1594 783 1631 erse
795 1614 802 1640 ‚
816 1585 882 1646 quod
897 1591 932 1636 est

121 1653 173 1716 ejus
186 1652 299 1714 essentia,
312 1655 347 1702 est
362 1652 488 1703 similitudo
501 1651 603 1703 omnium
616 1664 713 1714 eorum,
728 1666 780 1715 qum
796 1666 839 1716 par
852 1668 934 1705 enuu·
981 1659 982 1705 l

121 1724 209 1775 tiabilia
226 1724 392 1787 significantur.

415 1870 572 1920 inuentos
587 1870 636 1920 XV.

314 1992 400 2038 Uirium
409 1993 509 2039 scientio
519 1992 564 2040 Dei
573 1994 605 2039 sit
613 1994 745 2039 variabilis.

155 2124 190 2173 td
195 2122 307 2173 decimum
316 2120 422 2185 quintum
428 2120 462 2171 sic
470 2120 600 2185 proceditur
606 2120 649 2185 (s).
657 2120 751 2173 Videtur
758 2120 824 2185 qudd
831 2124 934 2177 scientia

124 2193 166 2244 llsi
176 2194 206 2243 sit
214 2193 339 2244 namabilis.
348 2192 518 2244 Scisntiuenim
529 2192 622 2243 relativi
637 2192 718 2243 dicitur
732 2193 760 2243 ad
771 2194 867 2249 scibile.
885 2199 933 2249 Sed

123 2277 151 2315 sa
167 2278 219 2329 quae
239 2264 363 2328 important
375 2264 508 2316 relationem
521 2264 550 2313 ad
560 2266 688 2315 ereaturam
695 2300 703 2327 ,
715 2262 823 2315 donatur
838 2268 870 2319 de
888 2270 938 2323 lieo

123 2346 153 2386 ex
164 2340 277 2399 tempore,
290 2339 315 2385 et
324 2335 441 2387 variantur
453 2335 577 2385 sociandum
587 2334 738 2385 variationem
754 2340 937 2404 ereaturarum,

123 2410 149 2457 at
166 2406 302 2463 Donetuue,
321 2412 425 2457 creator
443 2409 467 2457 et
483 2405 622 2470 hujusmodi.
640 2406 700 2469 lirgo
715 2405 813 2456 udentia
836 2410 884 2461 liei
903 2416 940 2463 est

122 2476 240 2528 vadabilis
253 2478 376 2529 secuudum
388 2477 538 2529 variationem
552 2480 714 2527 creaturarum.

156 2604 188 2668 (l)
204 2606 255 2652 Stre
270 2618 326 2652 casu
341 2607 377 2653 uel
395 2606 498 2665 tortuitd,
513 2611 538 2651 ut
554 2611 607 2651 suut
622 2611 719 2652 eventus
732 2606 937 2670 qualescuuqne;

123 2668 331 2777 :zeotffiilribffiw’
348 2676 374 2714 ut
387 2676 440 2715 suut
455 2669 619 2737 cogitationes,
643 2668 796 2729 affectiones,
822 2676 941 2722 actiones

242 2766 247 2790 ,
299 2766 304 2776 .

158 2802 190 2864 (ἓ)
203 2806 235 2848 Ile
253 2804 289 2848 liis
299 2804 369 2849 etiarn
384 2801 452 2859 inira,
471 2802 598 2861 questus,
614 2808 657 2848 art.
668 2802 699 2857 ⁷;
715 2808 739 2847 et
757 2802 830 2850 eoos.
853 2809 945 2863 Geni„

124 2866 166 2912 lib.
181 2870 201 2920 Ι,
211 2879 263 2923 cap.
274 2866 316 2917 82;
326 2868 413 2923 utetl,
424 2865 501 2913 Secu,
512 2864 614 2924 distes,
627 2872 709 2924 quaest.
724 2864 747 2925 t,
761 2872 805 2911 art.
821 2868 848 2927 3,
865 2874 899 2918 ad
913 2875 942 2927 5ἱ

126 2938 148 2975 et
158 2936 241 2986 qrrmst..
254 2929 277 2989 ἲ,
290 2928 318 2971 dr
329 2929 407 2980 irretit.y
423 2933 465 2972 art.
479 2926 503 2971 5.
