1992 3342
351 205 383 240 nn
401 206 509 243 susurru
526 208 573 243 ner.
820 200 867 245 itt

60 280 145 346 propria
161 280 221 330 ratio
235 279 435 343 uniuscujusque,
454 274 578 333 secuudum
592 281 653 345 quod
666 282 818 333 diversimode
833 288 869 333 eet

60 349 289 415 participabilis,'rel
299 349 419 400 imitabilis
423 388 432 413 ,
447 350 461 400 t
476 352 570 403 divorsis
585 352 703 405 creaturis.

353 492 513 543 concoctis
525 494 575 543 vll.

236 607 325 651 Uirium
334 606 437 650 mutio
446 606 492 651 Dei
507 608 539 651 rii
553 608 692 653 dixerdea.

88 728 120 775 rld
131 725 261 789 septimum
277 724 313 773 sic
326 722 458 786 proceditur
469 721 512 786 (l).
527 725 620 775 Videtur
639 722 701 789 quod
717 726 813 777 scientie
827 728 870 777 llei

59 797 88 845 sit
99 795 235 846 moira.
252 793 356 845 Soientin
373 794 436 843 eninr
449 794 492 845 liei
507 810 552 847 non
568 799 603 849 est
621 796 746 847 secrodunt
763 799 828 847 sciro
843 798 869 847 in

60 867 154 930 noun,
171 866 215 916 sod
233 863 363 915 secundum
384 865 530 928 interrepere
548 868 573 915 in
593 870 654 917 actu.
680 867 723 917 Sed
743 868 869 919 secundum

61 937 222 1000 Philosophum
231 936 258 985 in
270 935 303 985 ll.
323 936 420 998 coptu,
437 953 451 984 r
466 936 526 987 scire
544 938 568 985 in
582 938 662 992 habitu
677 938 788 1000 contingit
799 938 869 989 multe

61 1008 144 1069 simul,
156 1008 198 1057 sed
209 1006 343 1067 intelligere
350 1010 425 1069 netu,
438 1022 509 1057 unum
525 1012 622 1059 lentum.
636 1025 650 1054 u
666 1008 722 1061 ctn
742 1022 796 1071 ergo
811 1010 870 1059 oeus

62 1076 134 1125 multo
144 1081 279 1139 eognoscat,
291 1077 347 1139 quie
360 1080 421 1127 etse
434 1078 524 1141 etalio,
537 1082 562 1127 ut
577 1082 693 1129 oeoensnm
709 1082 761 1141 est,
780 1080 871 1129 videtin

64 1145 127 1208 quod
137 1147 257 1197 nonsimul
266 1148 347 1198 omnia
359 1148 482 1210 intelligat,
492 1150 534 1202 sed
545 1150 572 1201 de
586 1164 632 1201 uuo
642 1150 667 1199 in
678 1150 742 1201 eliud
750 1149 868 1201 discurrat.

96 1222 120 1265 2.
135 1218 260 1280 muron,
282 1232 421 1281 cognoscere
438 1218 547 1269 ellectum
561 1234 602 1283 per
616 1234 707 1277 eausam
720 1226 755 1271 ost
768 1220 870 1271 scientio

61 1288 215 1337 dufflnentu.
227 1289 276 1339 Sed
290 1290 352 1337 Deus
364 1290 480 1349 cognoscit
490 1290 535 1339 aliu
548 1303 589 1353 per
603 1290 710 1353 seipsum,
725 1290 783 1341 sicut
800 1290 871 1340 elioc-

61 1363 108 1408 tunr
118 1374 161 1423 per
177 1373 281 1409 ornam.
298 1361 359 1421 Ergo
371 1360 472 1421 cognitio
484 1375 525 1411 suu
539 1366 574 1411 ost
588 1360 720 1411 decom

89 1435 113 1479 3.
129 1432 262 1492 Proicere,
281 1429 408 1493 perfectior
418 1431 532 1481 lteusscit
547 1444 729 1494 unamquamque
745 1436 870 1483 creaturan

60 1498 125 1561 quim
143 1515 188 1550 uos
207 1500 318 1549 sciamus.
343 1501 390 1550 Sed
411 1515 453 1551 nos
469 1502 495 1551 in
519 1503 594 1553 causis
615 1502 697 1553 creatio
715 1503 871 1564 cognoscimus

60 1584 135 1621 earnm
145 1571 264 1633 edoctus,
278 1575 305 1620 et
317 1571 351 1621 sic
367 1572 396 1621 de
410 1573 484 1623 causis
499 1574 528 1625 nd
539 1577 631 1623 causatu
643 1572 797 1623 discurrimutr.
813 1575 871 1635 llrgo

60 1641 147 1691 uidetur
159 1641 270 1691 similiter
283 1654 338 1691 esse
350 1642 376 1690 in
391 1644 447 1691 lleo.
469 1669 472 1673 ·

88 1712 133 1762 Sed
153 1716 237 1762 contre
257 1716 312 1774 est,
334 1713 395 1775 quod
416 1713 556 1775 Augustinus
576 1714 631 1771 dicit
650 1714 673 1765 in
692 1716 741 1777 lltt,
755 1718 784 1764 de
803 1716 869 1765 Trio.

61 1783 124 1845 (cop.
139 1783 187 1845 lt)
207 1798 213 1831 :
233 1782 301 1841 Quod
323 1785 385 1833 Deos
403 1800 418 1831 r
437 1796 484 1833 non
501 1784 666 1847 particulatim,
685 1787 725 1835 rel
741 1785 872 1847 singillatim

60 1853 136 1903 ornnir
146 1854 229 1915 ridet,
243 1853 310 1903 uelut
326 1854 456 1905 ulternuute
471 1858 583 1918 conceptu
594 1855 648 1903 lrlnc
662 1855 730 1917 illoc,
745 1856 799 1907 iude
814 1857 871 1915 nuo,

61 1925 97 1973 sed
111 1924 192 1974 omnio
203 1923 270 1973 videt
283 1923 360 1973 simul.
375 1940 391 1969 »

89 1995 249 2058 (Concucsro.
261 2020 293 2030 —
305 1993 407 2043 Scientiu
419 1994 460 2043 llei
473 1996 535 2044 nullo
549 1996 616 2044 modo
634 1996 758 2053 discursive
768 2000 817 2056 est,
835 1996 872 2047 sed

61 2066 135 2115 omnia
148 2064 222 2117 simul
233 2063 340 2128 perfecti
352 2062 486 2128 intelligit.)

88 2135 231 2200 Respondeo
249 2134 389 2196 dicendum,
412 2136 471 2197 quod
489 2136 514 2185 in
540 2134 637 2187 scientia
654 2133 731 2183 diuina
749 2133 824 2183 nullus
841 2138 875 2185 eut

61 2207 175 2259 donnons
190 2221 197 2255 :
217 2205 281 2269 quod
293 2205 327 2255 sic
340 2209 413 2269 putet.
434 2206 461 2254 ln
473 2206 567 2255 scientio
583 2204 645 2255 enirn
656 2209 734 2255 nostre
747 2204 830 2267 duplex
841 2209 876 2259 est

62 2277 189 2327 dscursus:
211 2290 273 2325 nnus
298 2276 424 2326 scwndurn
438 2276 602 2327 nonnionem
624 2280 725 2338 tantum,
747 2275 805 2327 suut
824 2276 875 2327 cirre

63 2353 183 2411 postquam
196 2345 352 2408 intelligimus
366 2347 452 2409 aliquid
462 2347 487 2395 in
501 2351 566 2409 ectu,
580 2348 734 2399 convertimus
747 2361 788 2397 nos
797 2349 825 2397 ed
842 2352 876 2399 ln·

62 2419 212 2481 elligendum
227 2416 292 2467 aliud
304 2415 340 2480 (ἲ)
351 2432 358 2479 ;
370 2417 429 2466 alius
442 2417 554 2467 discursus
571 2421 605 2466 est
617 2419 741 2467 secundum
758 2418 877 2467 causalite-

93 2535 124 2596 (it
135 2541 170 2583 Be
181 2536 223 2581 leis
235 2535 310 2581 elium
321 2536 342 2590 Ι,
355 2534 426 2579 Coot.
439 2535 521 2585 Geor„
532 2547 584 2591 cop.
599 2535 638 2591 55,
652 2535 690 2593 56,
702 2536 745 2587 57;
758 2542 783 2581 ot
793 2542 875 2591 quest.

64 2598 86 2654 o,
99 2599 128 2644 de
139 2604 248 2657 potent„
264 2603 311 2642 ert.
326 2596 354 2650 ἲ,
368 2596 397 2641 ed
411 2596 456 2649 ro;
468 2604 493 2643 et
504 2597 598 2654 orodi„
612 2596 650 2653 ll,
667 2604 709 2643 ort.
726 2598 750 2652 ἢ,
766 2598 794 2643 ed
808 2598 838 2648 ὓς
853 2604 878 2641 ot

67 2659 312 2732 ‘’P“ffi’fflffl:
491 2721 495 2730 .
548 2721 553 2731 .
843 2720 847 2729 .

96 2722 125 2781 til
135 2724 182 2770 Vol
191 2729 271 2769 etum
283 2722 360 2774 aliter,
370 2720 464 2777 quondo
475 2732 538 2767 error
548 2720 609 2767 uelem
618 2720 735 2775 obtectum
747 2719 878 2769 successive

70 2795 190 2843 tumr,
207 2788 283 2842 prora
300 2782 358 2827 illud
379 2794 428 2828 non
448 2795 493 2831 uno
504 2783 590 2833 intuitu
603 2782 797 2837 apprehendimus
810 2780 878 2837 plone

71 2856 96 2887 ee
110 2848 228 2902 perlecti,
242 2845 289 2892 sed
306 2857 350 2901 per
368 2844 531 2893 continuatum
545 2850 621 2895 utrm
635 2842 879 2901 ‚mollirendttllnus

71 2912 141 2952 tamen
151 2910 256 2967 pertinet
268 2907 299 2953 ed
314 2906 460 2967 propositum
472 2906 521 2950 ltrec
536 2904 664 2963 successio,
677 2906 713 2951 vel
724 2904 839 2949 reducitur
851 2904 879 2947 ed
