1992 3342
295 254 331 298 nn,
343 251 485 298 recurrere
499 252 653 295 maucnnn.
827 245 872 293 801

378 411 534 462 ›llillCULllS
545 413 574 462 it.

158 513 244 572 Utrtem
254 529 280 573 tn
289 502 381 584 capelia
394 529 506 572 voluntas
515 529 609 586 differat
618 529 648 573 ad
663 515 793 576 intellectu.

108 648 143 698 nd
165 647 289 698 seeundum
307 646 339 697 dc
361 645 490 712 proceditur
503 645 547 712 (i).
561 644 656 697 llidetnr
671 647 732 711 qndd
749 648 772 698 in
790 649 877 713 angelis

78 717 226 786 npndiilerat
237 719 342 768 voluntas
354 719 381 769 ab
392 717 509 770 intellectu
519 722 543 769 et
556 722 645 769 natura.
656 721 754 784 Angelus
767 721 828 771 enim
843 725 877 781 est

77 789 201 856 simplicior
210 789 277 856 qrrtm
292 803 372 856 corpus
382 787 492 842 naturaie.
500 791 546 841 Sed
559 803 640 855 cerpus
650 794 750 843 naturaie
760 807 800 858 per
811 787 876 843 suanr

76 867 173 916 leimam
186 858 308 913 inclinatur
322 863 346 912 in
360 862 519 924 snrrnrdnem,
534 862 573 926 qni
584 864 618 913 est
632 862 683 926 ejas
695 864 781 914 bonum
797 881 803 911 ε
822 878 876 928 erge

78 935 149 988 rnnltd
162 935 236 1000 magis
249 935 349 998 angelus.
358 935 446 984 ‘Forma
460 937 537 985 autem
552 933 625 998 angeli
638 935 719 985 estrei
732 928 811 995 natata
825 935 874 1002 ipsa

76 1008 102 1058 in
117 1019 162 1071 qua
180 1005 297 1066 subsistit,
308 1007 346 1056 vel
360 1004 447 1070 species
459 1020 509 1069 qna
524 1012 560 1058 est
569 1006 594 1055 in
608 1005 724 1055 intellectu
735 1007 786 1070 ejus
802 1023 808 1056 :
825 1021 878 1070 erge

78 1079 172 1143 angelus
181 1077 301 1128 inclinatur
311 1077 335 1126 in
344 1077 428 1128 benum
439 1091 481 1141 per
488 1082 590 1128 naturam
600 1091 673 1142 suam,
682 1078 718 1127 vei
724 1093 769 1140 per
778 1078 877 1143 speciem

77 1225 190 1274 luntatern
211 1221 337 1272 :veluntas
358 1221 427 1286 igitur
444 1222 519 1285 angeli
539 1235 585 1272 nen
606 1225 641 1272 est
658 1221 718 1272 alind
739 1221 807 1285 qu'arn
826 1223 878 1286 ejus

79 1298 160 1346 natrrra
175 1293 212 1344 vei
225 1294 376 1345 intellectus

110 1371 134 1416 t.
151 1367 270 1427 Praeterea,
280 1366 395 1431 objectum
407 1364 534 1416 intellectis
543 1367 578 1414 est
592 1377 691 1425 cerum,
702 1364 826 1414 veluntatis
840 1378 880 1414 au-

80 1441 143 1502 tem,
157 1437 257 1488 donem.
274 1439 362 1489 Bonum
376 1442 453 1488 antem
466 1440 490 1488 et
503 1451 583 1488 renim
595 1451 641 1488 non
654 1434 760 1501 diiierunt
772 1437 878 1500 realiter,

81 1509 121 1560 sed
129 1508 253 1560 secrrnddm
265 1510 375 1559 rationem
385 1508 474 1558 tantirm
483 1509 523 1570 (i).
533 1510 591 1572 Ergo
599 1509 706 1559 voluntas
716 1511 739 1559 et
747 1509 880 1559 intellectus

82 1593 130 1631 nen
144 1579 252 1630 differunt
264 1581 364 1630 realiter.
803 1642 806 1647 ἱ

112 1653 137 1700 3.
147 1653 270 1718 Praeterea
277 1651 391 1702 distinctio
399 1654 541 1702 communie
549 1653 682 1718 et'propm't'
690 1666 736 1703 nen
744 1653 882 1704 diversificat

82 1723 208 1788 potentias3
220 1724 299 1774 eadem
313 1723 373 1784 enim
384 1724 485 1788 potentia
498 1724 571 1774 visita
579 1729 618 1775 est
628 1725 709 1776 coleris
726 1729 750 1776 et
761 1725 880 1791 albedinis.

82 1795 127 1846 Sed
142 1793 231 1844 bonum
248 1797 369 1846 etverann
388 1794 494 1846 virlentnr
512 1797 633 1846 rehabere
650 1795 710 1846 sicut
724 1810 842 1848 conrnune
859 1799 883 1847 et

82 1865 208 1934 proprirrrn3
216 1879 268 1916 nam
278 1881 365 1916 verum
375 1870 411 1938 est
419 1865 621 1931 quoddam-leonum
630 1861 727 1933 (icilicet
734 1868 881 1929 intellectis).

82 1939 144 2004 Ergo
154 1937 268 2002 veluntas,
284 1937 348 2003 cujas
361 1937 474 2002 objectum
487 1941 524 2006 est
534 1939 633 2002 benum,
648 1935 695 1989 rien
709 1936 784 1990 differt
803 1940 831 1990 ab
847 1941 884 1988 in-

82 2011 192 2073 tellectu,
207 2011 273 2074 cujus
287 2011 400 2074 objectura
412 2013 447 2062 est
463 2005 561 2060 verum.

115 2083 161 2133 Sed
173 2085 264 2133 contra:
282 2080 386 2133 voluntas
396 2083 420 2132 in
433 2083 520 2147 angelis
531 2087 567 2134 est
578 2084 689 2134 honorum
702 2081 804 2146 tantdnr3
817 2083 884 2133 intel-

83 2156 158 2207 lectus
167 2158 244 2205 autern
254 2157 289 2204 est
297 2155 408 2205 nonerunt
418 2156 573 2218 etmalorum,
582 2157 719 2218 cognorunt
729 2154 790 2202 eninr
799 2157 885 2204 utrum·

83 2237 138 2294 qne.
158 2227 216 2290 llige
231 2226 336 2277 voluntas
349 2225 373 2275 in
387 2227 472 2290 angelis
483 2229 518 2276 εει
531 2225 592 2276 aliud
605 2225 672 2292 quim
684 2224 821 2275 intellectus.

119 2297 279 2362 (corausto.
296 2323 327 2336 ·-
340 2299 450 2349 Voluntas
464 2299 596 2362 angelorum
610 2310 683 2362 neque
701 2301 736 2346 est
748 2296 884 2362 intellectus,

84 2381 161 2432 neque
175 2382 253 2419 eorum
266 2369 381 2433 nature)
522 2374 525 2378 ’
544 2364 546 2367 ’

117 2441 253 2506 Respondes
267 2442 400 2506 dicendum,
410 2441 469 2506 qudd
482 2442 586 2492 veluntas
596 2439 620 2490 in
633 2439 721 2505 angelis
734 2443 770 2490 εει
782 2439 886 2504 quedam

84 2511 161 2563 virtrn
172 2513 208 2562 rel
216 2509 331 2577 potentia,
341 2521 390 2578 que
404 2527 447 2564 nec
457 2516 493 2564 est
505 2508 554 2577 ip‘sa
566 2525 645 2563 eorum
655 2515 746 2576 natura,
757 2525 799 2562 nec
808 2525 885 2562 eornm

85 2585 227 2637 intellectus.
243 2582 274 2634 Et
288 2584 346 2648 qudd
364 2585 411 2636 neri
430 2585 555 2636 silentum
573 2587 667 2647 natura,
681 2587 776 2649 apparet
795 2597 824 2634 ex
842 2584 886 2633 hec

84 2657 149 2724 qudd
165 2659 245 2708 natura
253 2659 291 2708 rel
306 2657 406 2708 essentia
417 2657 514 2721 alicujus
526 2657 563 2708 rei
569 2658 629 2708 intra
642 2656 715 2722 ipsam
727 2670 775 2706 rem
784 2667 887 2719 ccrnpre·

85 2728 197 2782 henditnr
208 2745 213 2778 :
226 2729 330 2794 quiequid
341 2743 394 2793 erge
405 2743 430 2780 se
444 2726 548 2780 extendit
560 2729 589 2779 ad
602 2729 625 2778 id
636 2729 697 2792 qued
708 2732 743 2779 est
757 2730 885 2790 eximent,

122 2846 155 2911 (1)
171 2852 203 2895 De
215 2849 251 2894 his
260 2850 330 2907 etiarn
342 2851 367 2906 1,
381 2849 460 2898 Sene,
472 2849 527 2897 dise.
541 2847 582 2907 11,
595 2861 637 2905 qu.
653 2847 677 2907 1,
689 2854 735 2894 art.
749 2849 766 2893 2
778 2847 846 2908 adil,
863 2854 887 2894 et

88 2927 130 2973 qu.
143 2912 186 2971 12,
202 2913 230 2956 de
242 2912 318 2969 verit,
333 2919 375 2958 art.
391 2911 430 2958 10.

123 2983 156 3047 (Ξ)
172 2987 202 3032 Ut
215 2996 255 3042 qu.
271 2979 313 3046 re,
324 2990 367 3031 art.
378 2983 409 3046 1,
421 2997 451 3029 en
464 2986 570 3042 protense
583 2985 670 3032 diem
684 2991 729 3031 est.
