1992 3342
108 203 154 248 too
296 209 356 248 anns
369 211 394 259 1,
411 208 503 256 opnor.
518 208 604 259 xxxin,
619 206 674 247 har.
689 210 716 247 tr.

107 288 233 340 subsistens
242 300 354 351 porsona3
365 289 389 337 et
400 285 452 337 ideo
465 287 511 336 hoc
523 299 608 337 nomeu
613 322 622 349 ‚
632 288 720 349 pater,
730 286 792 349 apud
805 298 848 337 nos
858 300 904 339 nou

107 359 218 422 significat
232 371 365 422 personam,
380 358 422 407 scd
438 356 573 407 relationem
586 368 699 421 personas.
719 358 771 409 Non
781 361 860 409 autem
874 362 909 409 est

107 431 140 480 ita
152 431 177 481 in
187 431 279 493 diuinis,
291 432 316 479 ut
325 429 417 494 quidam
425 428 483 479 falso
492 428 579 493 opinati
590 433 659 479 sunt:
673 444 727 485 uam
738 430 829 493 relatio,
842 444 909 494 quam

107 503 220 567 significat
230 505 274 553 hoc
289 516 384 566 nomen,
395 506 479 566 puter,
493 505 528 553 est
538 502 663 553 subsistens
676 510 787 565 persona3
798 502 860 555 unde
873 517 910 553 su·

106 574 242 638 pradictum
260 573 301 633 est]
315 572 376 639 quod
391 576 436 624 hoc
449 586 545 635 nornen,
564 588 681 637 persona,
698 573 724 623 in
741 572 827 623 divinis
840 574 910 637 sigui-

108 645 162 694 fieu
174 644 307 695 relationem
319 648 344 694 ut
359 644 519 694 subsistentem
530 645 555 693 in
568 642 644 693 diuina
661 647 751 695 natura.

140 718 174 767 ild
186 718 311 767 secundum
333 716 470 780 dicendum,
482 715 542 780 qudd
561 715 686 765 secundino
702 716 870 780 Philosophum
887 717 911 767 iu

107 790 138 838 ll.
150 789 182 837 de
195 790 303 844 Animo,
320 787 475 838 denominatio
489 788 524 837 rei
539 786 637 837 maximt
656 788 724 837 dehet
738 786 789 837 lieri
799 801 813 839 a
822 788 911 852 perlec-

108 857 170 911 tionc
178 849 204 911 'et
214 860 259 911 line
269 861 312 927 (ι).
326 860 446 913 Generatio
455 863 532 911 autem
545 857 694 923 significatui
703 859 728 909 in
739 860 863 923 derb-scd
874 874 912 923 pa-

108 933 203 983 ternitas
215 933 328 996 signillcat
339 933 533 997 complementum
547 931 701 995 generationis
720 948 725 979 :
742 936 765 981 ει
774 931 829 983 idco
838 932 913 995 pollis

109 1008 145 1057 εει
154 1019 238 1056 nomen
247 1004 330 1055 divinar
342 1018 445 1068 persone
454 1006 536 1068 puter,
547 1002 614 1067 quam
623 1018 742 1069 pecorosus
752 1004 790 1053 rel
799 1006 861 1068 pond
863 1007 911 1055 tor.

141 1078 175 1127 nd
184 1078 278 1128 tortium
291 1078 427 1140 dicendum,
437 1074 497 1140 qubd
508 1076 603 1127 verbum
613 1090 660 1127 non
672 1079 707 1127 εει
720 1074 774 1139 quid
785 1076 913 1127 subsistens

109 1150 134 1200 in
146 1154 228 1199 natura
241 1152 342 1200 bumana
357 1166 363 1198 ;
376 1150 436 1199 unde
451 1162 496 1199 non
509 1146 598 1213 propris
610 1150 686 1213 potest
699 1147 745 1201 dici
757 1146 865 1209 genitum
877 1150 913 1199 uel

109 1221 177 1272 lilius.
197 1222 242 1273 Sed
259 1223 358 1273 Verbum
373 1220 475 1271 dirinurn
492 1224 529 1271 εει
545 1220 630 1288 aliquid
646 1220 770 1286 subsistens
788 1218 813 1269 in
829 1224 912 1272 natura

111 1291 188 1343 divina
205 1294 283 1343 :unde
302 1292 393 1358 proprie
409 1297 433 1342 et
447 1291 663 1356 nonpmetaphorird
684 1290 766 1341 dicitur
784 1288 875 1354 filius,
891 1295 913 1343 ει

110 1365 161 1429 ejus
174 1364 328 1430 principium,
340 1372 420 1428 pater.

143 1438 176 1487 ad
186 1440 292 1500 quartum
302 1436 432 1499 dicendum,
446 1434 507 1500 qubd
517 1449 601 1486 nomeu
612 1433 765 1498 generationis
776 1437 800 1485 ει
812 1436 915 1499 paterni-

110 1509 173 1572 tatis,
185 1508 244 1557 sicut
255 1512 279 1557 et
291 1508 336 1558 alia
348 1508 442 1558 nomina
451 1522 502 1571 quar
514 1507 604 1573 proprie
616 1508 720 1558 dicuntur
729 1506 755 1555 in
767 1505 862 1571 diuinis,
873 1522 914 1571 per

110 1580 288 1647 priusdicnntur
297 1581 325 1630 de
333 1582 379 1631 Deo
389 1580 456 1644 quam
464 1580 492 1631 dc
501 1574 619 1643 creaturis,
627 1583 737 1643 quantum
746 1578 833 1629 adrem
843 1578 914 1642 signi-

111 1652 216 1711 ficatam,
231 1649 346 1721 licdt'non
362 1656 472 1714 quantum
488 1654 518 1703 ad
534 1652 626 1703 modum
638 1649 789 1715 significandi.
804 1652 873 1703 Unde
893 1654 916 1702 et

110 1721 231 1786 Apostolus
242 1720 296 1771 dicit
307 1722 336 1771 ad
346 1722 436 1785 Epiros.
450 1717 483 1773 ul
498 1739 504 1771 :
518 1741 532 1771 «
542 1724 620 1773 Flecto
632 1714 770 1785 genua‘mea
781 1722 810 1772 ad
821 1724 916 1774 Patrem

111 1792 201 1843 homini
216 1792 262 1842 mei
273 1794 325 1843 lesu
340 1793 438 1854 Christi,
452 1810 482 1845 en
495 1808 540 1859 quo
552 1794 625 1845 omnis
638 1794 763 1859 paternitas
775 1793 801 1843 in
813 1796 875 1845 coelo
893 1798 917 1846 ει

111 1865 208 1915 interra
225 1860 388 1913 nominatur.»
401 1866 466 1925 Quod
476 1864 612 1929 sicapparet
626 1881 632 1915 :
645 1866 793 1919 manilestum
807 1870 843 1919 cst
854 1867 915 1918 enim

113 1936 175 2002 quod
187 1935 303 1999 generatio
314 1936 400 2000 accipit
410 1936 511 2001 speciem
522 1937 651 2001 htermino,
663 1936 704 2001 qui
715 1942 750 1987 εει
759 1938 834 1987 forma
847 1951 917 2001 geue·

113 2010 169 2072 rati;
182 2013 205 2059 et
218 2006 303 2072 quantit
312 2006 351 2057 hic
366 2008 435 2058 luerit
448 2010 596 2075 propinquior
607 2010 685 2059 lormae
698 2008 839 2072 generantis,
852 2009 917 2063 tautb

114 2082 190 2131 verior
203 2085 227 2131 ει
240 2079 365 2143 perfectior
377 2085 412 2131 est
423 2082 540 2144 generatio
553 2098 558 2130 :
571 2082 631 2131 sicut
644 2077 762 2145 generatio
772 2080 873 2131 univoca
883 2085 917 2132 εει

115 2154 238 2219 perfectior
250 2151 318 2215 quium
331 2166 377 2203 non
387 2153 483 2203 univoca
492 2169 499 2216 ;
509 2168 562 2203 nam
574 2154 602 2205 dc
616 2153 704 2203 ratione
722 2152 855 2216 generantis
868 2158 915 2217 εει,

114 2224 174 2289 ‹prhd
188 2228 283 2287 generet
295 2223 340 2273 sihi
352 2224 426 2275 similo
442 2226 568 2276 secundum
585 2228 689 2276 lormam.
705 2226 768 2275 Unde
782 2228 828 2276 hoc
842 2225 916 2289 ipsum

115 2294 176 2358 qubd
187 2297 210 2346 in
220 2296 366 2360 generatione
376 2297 454 2348 divina
461 2302 496 2347 est
503 2298 583 2352 eadem
594 2312 690 2349 numero
700 2298 773 2349 lorma
785 2298 917 2360 generantis

115 2370 139 2417 et
151 2368 235 2429 geniti,
247 2368 272 2417 in
285 2370 353 2418 rebus
366 2373 444 2419 autem
456 2369 539 2421 creatis
553 2384 599 2420 non
616 2374 651 2421 est
664 2372 744 2421 eadem
759 2383 868 2433 numero,
878 2370 917 2421 sed

115 2439 191 2503 specie
201 2440 306 2503 tanthm3
316 2439 415 2491 ostendit
426 2440 487 2505 quod
495 2441 614 2503 genoratio
622 2441 661 2507 (ot
670 2454 711 2505 per
725 2454 869 2505 consequens
877 2455 918 2506 pa-

148 2592 179 2654 (1l
199 2596 236 2639 sic
251 2596 313 2649 apim
333 2602 391 2643 text.
405 2596 451 2657 49,
466 2612 519 2655 cap.
538 2597 607 2645 tel
623 2602 672 2659 pice
687 2599 814 2657 appellare
833 2601 918 2645 emoto

109 2658 208 2715 justum
219 2661 252 2703 eat
265 2654 327 2718 (sire
339 2660 488 2709 denominare
499 2659 703 2733 (προσαγορεύειν).
717 2662 780 2707 llinis
792 2668 871 2709 nutem
884 2668 919 2707 εει

114 2730 227 2785 perfectio
234 2727 268 2773 rei
279 2731 354 2777 :unde
362 2734 425 2790 τῇες
436 2734 520 2779 dicitur
531 2734 603 2791 groecd
615 2736 684 2793 pirric·
692 2735 791 2790 indeque
802 2733 918 2790 τελείωσις

114 2804 150 2847 vel
167 2802 280 2857 versorum
295 2805 428 2865 perfectio,
442 2811 466 2851 et
478 2806 561 2857 τέλειον
579 2807 722 2865 perfeetum.
739 2805 797 2851 Hinc
813 2816 862 2849 non
874 2804 918 2850 nnl-

113 2890 163 2919 tum
177 2874 239 2931 (1⁰0d
250 2877 273 2925 S.
287 2881 386 2925 Thomas
398 2883 520 2936 utrumque
529 2878 623 2936 jungat,
635 2878 682 2924 siue
695 2876 862 2935 perlectionem
878 2876 918 2921 ud-

112 2940 194 2996 jungat
205 2936 258 2995 dni,
272 2943 364 2989 tametsi
377 2942 444 2987 linem
456 2942 530 2989 solum
544 2940 657 2999 exprimat
667 2938 828 2997 Philosophus.
