1992 3342
348 156 354 165 ’
398 176 429 212 os
445 176 516 212 rosis.
813 170 857 213 163

58 268 126 303 uuum
144 256 218 315 sunt,
242 255 324 315 preter
338 251 553 315 ingenerationem,
573 254 745 315 generationem
768 256 792 302 ct
806 268 859 317 pro·

56 324 191 375 cessionem.
214 339 229 368 o
250 321 288 371 Sic
303 321 375 384 igitur
388 335 435 371 non
447 326 501 372 sunt
514 324 591 386 plures
604 324 669 375 iden.

84 396 130 445 Sed
149 397 232 444 contra
251 396 287 443 est
295 430 305 456 ‚
324 394 386 456 quod
407 392 463 442 dicit
483 394 623 455 Augustinus
640 394 664 444 iu
677 394 717 445 lib.
733 396 859 460 Llllilllll,

56 481 92 529 qn.
112 470 153 528 16,
177 463 240 529 qudd
252 464 310 515 ideae
322 468 377 514 sunl
390 482 405 512 u
418 464 555 528 principales
579 466 683 529 quudm
700 466 800 531 formo,
823 468 860 518 rel

56 538 154 587 rationes
176 549 254 586 reram
265 536 360 586 strides
379 539 448 599 alque
466 536 663 587 incommutabiles
681 552 731 601 quc
745 538 801 602 ipso
812 540 860 590 lor-

56 614 120 661 nalae
133 623 183 659 non
193 611 263 670 sunl3
276 622 303 657 ac
311 622 354 672 per
364 610 409 658 hoc
419 611 507 659 aeterua
520 622 546 658 ac
558 622 650 674 semper
658 611 737 660 codem
751 611 819 663 modo
833 626 858 662 se

56 681 184 743 labem,
199 692 253 743 qna
268 678 346 728 dirinl
354 678 508 742 intelligendi
518 680 665 731 continentur
676 696 681 731 :
692 683 733 731 sed
742 682 792 732 ciras
804 683 859 747 ipsae

57 764 127 815 neque
135 752 259 813 oriantur,
268 764 344 814 neque
356 751 481 814 intereant,
491 750 617 802 secuudum
627 766 667 803 eas
678 756 756 803 tamen
766 754 860 806 formari

58 822 136 873 dicitur
159 836 231 873 omne
249 822 312 885 quod
327 822 382 871 oriri
399 826 425 873 el
444 822 540 873 interire
562 826 649 887 polesl,
668 828 692 874 cl
712 838 779 875 omne
798 826 859 890 quod

58 894 124 945 oritur
136 898 162 945 el
175 892 266 944 inierit.
275 910 291 939 u

85 967 287 1029 (Goumusro.-
300 964 358 1016 Cdm
375 965 401 1014 iu
419 971 496 1016 menie
514 965 592 1017 diviua
604 968 650 1017 sint
668 968 769 1019 omnium
782 982 858 1019 rerum

60 1037 151 1099 propria
160 1036 275 1099 rationes,
288 1037 366 1099 plures
376 1036 439 1087 ideas
448 1037 474 1087 iu
484 1037 535 1101 ejus
550 1042 627 1087 menie
643 1052 692 1088 esse
706 1051 799 1090 necesse
814 1045 858 1103 est,

61 1110 85 1154 ut
97 1106 220 1159 intelam
230 1106 331 1171 nmen.)

90 1179 222 1243 Respondeo
233 1179 437 1243 dicendumqudd
449 1193 542 1231 necesse
553 1184 589 1230 esi
603 1192 688 1243 ponere
701 1182 779 1244 plures
787 1182 858 1234 ideas.

59 1252 90 1300 ,11
110 1254 177 1316 cnjus
199 1238 342 1302 evidentiam
364 1251 553 1302 conadcrandum
576 1254 612 1301 est
633 1250 694 1314 qudd
716 1251 741 1300 in
760 1254 861 1317 quolibet

57 1322 136 1373 edecta
152 1324 211 1374 illud
232 1323 295 1386 qnod
314 1326 350 1372 esi
369 1322 461 1372 ultimus
482 1323 547 1385 linis,
562 1320 654 1385 proprid
668 1325 703 1371 esi
717 1322 831 1373 intentum
848 1324 861 1374 d

55 1395 173 1459 principali
192 1397 297 1457 agente3
311 1393 371 1443 sicul
388 1394 444 1443 ordo
465 1392 608 1443 exercildsd
627 1394 692 1443 duce.
708 1392 765 1442 lllud
784 1398 860 1445 aulem

55 1467 157 1525 quodest
171 1465 290 1530 optimum
307 1464 333 1513 in
352 1465 420 1515 rebus
437 1465 551 1527 existens,
566 1468 601 1515 est
613 1464 699 1515 bouum
712 1462 799 1514 ordinis
809 1466 861 1515 uui-

54 1537 123 1601 rersi,
143 1543 171 1588 ut
192 1540 263 1601 palei
281 1548 324 1599 per
343 1534 506 1599 Philosophum
529 1536 571 1586 llll
596 1536 706 1600 Melani.
731 1534 774 1601 (l).
800 1536 859 1587 Ordo

53 1606 119 1667 lgitm
128 1608 238 1659 urrinnai
253 1611 290 1657 esi
303 1606 395 1671 pmprid
412 1606 426 1656 d
442 1610 489 1657 lieo
507 1608 625 1670 intentus,
644 1613 668 1657 et
689 1622 735 1658 nou
748 1620 789 1671 per
800 1609 860 1659 acci-

54 1679 108 1730 dens
126 1678 274 1745 proveniens
296 1678 421 1728 secundnm
444 1679 611 1729 successionem
634 1680 768 1743 ageuiiuni3
794 1686 860 1744 proni

54 1750 142 1810 quidm
154 1752 270 1802 mserum
282 1748 345 1813 qudd
354 1750 416 1800 neus
432 1748 518 1799 crearit
535 1750 634 1814 primurn
645 1754 745 1801 creatum
760 1750 859 1815 tantum,

52 1823 110 1881 quod
122 1827 230 1873 creatum
240 1820 328 1871 crearit
337 1821 463 1870 secundnm
471 1824 583 1883 creatum,
593 1825 617 1871 el
627 1821 659 1871 sic
669 1820 732 1883 inde,
742 1834 861 1885 quousque

52 1895 161 1951 producta
176 1898 213 1944 esi
226 1896 294 1943 tana
310 1906 387 1941 rerum
403 1893 538 1956 multiiud03
552 1892 677 1943 secundum
691 1906 759 1956 mam
771 1892 862 1955 opinio·

52 1977 103 2013 nem
119 1967 187 2016 Deus
200 1978 251 2015 non
264 1964 362 2013 nannet
374 1962 420 2012 nisi
433 1962 510 2014 ideam
523 1963 592 2027 primi
610 1964 688 2013 creati.
710 1964 764 2025 Sed,
779 1963 799 2013 si
811 1963 860 2026 ipso

51 2037 104 2087 ordo
122 2036 232 2087 umversi
245 2040 282 2086 cst
297 2049 338 2099 per
351 2048 376 2085 se
389 2038 479 2085 creatus
492 2036 521 2086 ab
533 2039 577 2099 co,
596 2039 620 2084 el
634 2034 736 2085 intentus
751 2035 779 2083 alr
792 2034 860 2099 ipso,

52 2120 143 2159 necesse
159 2111 200 2158 est
215 2105 278 2171 qndd
295 2107 381 2157 nalem
397 2106 473 2156 ideam
488 2106 574 2157 ordinis
584 2106 694 2155 universi.
707 2105 773 2155 Rullo
784 2110 860 2156 aulem

49 2178 147 2244 alicuius
164 2180 241 2229 totius
263 2178 346 2227 haberi
366 2192 414 2227 non
438 2181 529 2241 polest,
552 2177 596 2227 nisi
617 2177 745 2227 habeamur
764 2178 861 2241 proprie

50 2251 151 2301 rationes
171 2262 256 2300 eorum
266 2262 296 2298 cx
309 2249 392 2312 quibus
404 2252 477 2299 tolum
488 2248 647 2311 consiilniiar3
665 2248 723 2298 sicut
741 2247 861 2300 udillcator

50 2322 151 2381 speciem
165 2321 253 2370 domos
272 2320 394 2383 concipere
410 2333 457 2370 non
475 2320 568 2383 possed,
581 2318 625 2368 nisi
638 2319 699 2382 apud
716 2318 790 2382 ipsum
801 2324 862 2370 essel

49 2394 141 2456 propria
162 2391 225 2441 radio
243 2389 368 2454 cujuslibet
381 2390 480 2455 parcium
491 2390 550 2453 ejus.
566 2390 603 2439 Sic
616 2388 685 2453 igilur
698 2393 788 2453 oporiet
801 2388 861 2453 qubd

49 2463 72 2510 iu
83 2469 162 2515 mente
177 2462 261 2513 divina
282 2463 329 2513 nul
347 2461 438 2531 proprie
458 2462 559 2512 rationes
580 2460 682 2511 omnium
700 2474 784 2510 rerum.
797 2460 861 2510 Unde

81 2584 115 2644 (1)
131 2582 256 2639 uolngicor
269 2594 298 2626 ex
309 2588 367 2627 text.
380 2580 428 2638 51,
446 2582 482 2625 rel
493 2594 545 2637 cap.
563 2579 605 2636 1'8,
620 2580 660 2625 nbi
673 2580 861 2637 perscrutandum

49 2648 160 2704 proponis
176 2645 293 2701 quoniam
311 2644 381 2688 modo
399 2648 481 2689 natura
501 2644 601 2689 uniuersi
624 2644 709 2687 habeat
728 2644 813 2687 bonurn
839 2648 862 2687 ci

51 2721 162 2774 optimam
173 2710 218 2777 (τὸ
234 2706 324 2777 ἀγαθὸν
335 2703 376 2755 καὶ
391 2706 416 2755 τὸ
428 2704 517 2774 ἄρτον)
539 2721 633 2771 propler
643 2713 809 2758 ordinationem
833 2712 861 2755 ad

49 2780 167 2834 quoddam
179 2791 256 2829 unum
273 2778 421 2835 prestantius
444 2776 566 2830 omnibus3
581 2775 771 2833 quemadmodum
792 2774 861 2819 ctiam

48 2844 169 2891 exercilus
181 2849 194 2892 ξι
210 2844 272 2888 duce
290 2841 378 2885 honum
397 2841 515 2896 proprium
532 2840 603 2885 habet
613 2840 677 2896 quasi
690 2839 717 2903 ad
730 2838 792 2883 illum
803 2834 863 2879 ordi-

48 2912 138 2950 nalus.
149 2910 214 2963 jussa
232 2904 365 2960 exemplum
379 2902 441 2961 quod
459 2902 545 2948 ibidem
559 2907 661 2959 usurpat.
