1992 3342
136 243 181 291 tos
324 254 387 290 raas
401 253 423 301 a,
440 250 533 297 conor.
549 249 639 301 narn,
658 249 713 289 aar.
730 252 748 289 r.

133 329 269 395 simpliciter
279 328 350 392 idean
364 328 418 392 qnia
433 327 564 391 huiusmodi
574 328 655 379 relatio
668 340 714 379 non
727 328 804 392 potest
815 326 923 380 madalene

134 402 181 453 nisi
190 403 215 451 in
226 402 325 465 quodni
339 400 419 450 ordine
425 437 434 464 ,
448 412 518 464 qoem
528 400 586 449 ratio
601 400 719 451 adinvenit
729 400 827 465 adcajoa
836 402 863 451 ad
876 402 927 465 scip

134 486 204 537 sum,
222 470 348 523 wcandirnr
371 472 459 536 aliqon
479 472 531 535 ejus
552 472 609 521 duas
629 472 826 523 considerationes
847 474 927 525 :secia

135 548 213 595 auem
223 547 276 606 est,
294 542 348 593 cdnr
359 542 466 593 (dcam
479 542 557 607 dona
571 544 651 593 eadem
664 556 715 594 asse
729 556 777 593 non
790 544 815 593 tn
830 558 927 606 namen,

135 615 210 666 sedin
223 619 305 665 natura
315 615 407 677 generis
415 616 454 665 rel
463 614 557 679 amedei.
570 614 662 665 Boetius
671 616 741 679 ianr
751 616 875 668 relationes
888 630 928 681 qne

135 691 188 738 sont
205 687 231 737 in
248 686 333 737 divinis
345 687 453 737 assimilat
466 686 572 737 rehdcni
592 674 749 753 lidentitaiis,
764 701 813 739 non
830 690 928 753 scantin

135 759 167 809 ad
179 759 270 823 onds,
281 760 323 810 sed
336 760 447 824 qmntdm
459 760 542 809 adhoc
552 758 626 809 aoldm
633 758 697 823 *qaod
706 772 748 823 per
761 758 891 825 hujusmodi
901 775 931 811 re-

135 830 233 881 lationes
240 844 288 881 non
299 831 466 885 diversificatur
473 830 600 881 micantia
610 866 618 894 ,
629 830 687 881 sicin
697 842 741 881 nec
754 840 798 895 per
807 832 931 884 relationem

137 900 275 952 identitatis.

169 972 204 1022 td
217 971 311 1022 mian
328 972 463 1035 dicendnn‚
477 971 539 1036 prod
552 972 605 1022 edm
624 975 729 1025 creatora
745 974 880 1038 praecone
894 976 933 1025 lieo

136 1043 163 1093 in
175 1042 308 1093 dirndtate
320 1046 409 1095 natura
420 1043 464 1108 (1),
477 1044 538 1094 oens
551 1046 587 1093 est
596 1047 661 1093 extre
679 1044 785 1095 ordinem
797 1046 869 1096 totins
879 1058 934 1096 crea-

138 1118 213 1178 tricen,
226 1127 271 1164 nec
279 1129 309 1165 ex
322 1115 373 1179 ejas
381 1119 464 1165 natine
474 1119 510 1165 est
524 1115 577 1180 ejas
586 1114 696 1165 habitudo
710 1116 740 1165 ad
749 1120 878 1180 contunsa
896 1129 935 1166 non

138 1186 200 1236 enim
214 1186 319 1250 producit
339 1190 456 1237 creaturas
470 1199 501 1235 ex
515 1186 651 1237 necessitate
664 1198 712 1237 son
726 1191 814 1237 natnae
821 1225 830 1251 ,
845 1188 885 1237 scd
901 1200 936 1251 per

137 1256 281 1309 intedectum
292 1264 315 1309 ct
323 1272 366 1321 per
374 1258 526 1321 calcantem,
535 1261 562 1307 ut
572 1269 641 1323 supra
651 1258 740 1309 dictum
749 1260 842 1321 estid).
852 1261 881 1309 to
891 1259 935 1307 ideo

138 1326 165 1378 in
178 1330 224 1380 lieo
235 1343 283 1380 non
294 1332 331 1380 est
340 1329 410 1379 realn
417 1329 499 1379 relatio
508 1330 537 1379 ed
551 1334 680 1391 maturae,
694 1329 771 1379 sedin
785 1330 897 1381 creatoris
908 1334 937 1378 est

139 1400 207 1451 malis
221 1401 302 1451 relatio
312 1401 342 1450 ad
353 1402 443 1463 deom3
459 1400 513 1465 quir
528 1403 636 1451 crcawre
648 1400 798 1451 continentur
809 1402 851 1451 sno
865 1402 937 1451 ordine

140 1470 236 1535 divino,
247 1476 271 1522 et
285 1472 310 1521 in
323 1476 496 1521 earamrnatura
510 1475 558 1534 cst,
572 1471 633 1536 qrrdd
642 1473 787 1537 dependeant
797 1471 813 1521 d
823 1474 882 1523 lico.
900 1472 938 1521 Sed

139 1544 297 1606 processiones
310 1542 394 1593 divine
404 1542 500 1593 santia
513 1544 594 1595 eadem
610 1546 708 1593 natura:
725 1543 788 1593 unde
801 1556 850 1594 non
864 1548 900 1594 est
914 1544 940 1592 si·

140 1614 202 1665 milis
215 1613 282 1664 ratio.

172 1687 319 1750 ddquartanr
325 1686 446 1737 dicendum
454 1690 503 1752 est,
514 1686 576 1752 qrrdd
585 1687 708 1739 relationes
714 1700 766 1751 qne
775 1692 944 1753 consequantur

141 1756 213 1807 solam
229 1757 388 1821 operationem
401 1758 532 1809 intedcctds
543 1760 570 1809 in
582 1758 641 1822 ipsis
657 1759 726 1808 redas
738 1758 879 1823 intellectis,
893 1766 944 1809 sunt

141 1828 263 1879 mistiones
280 1829 376 1880 rationis
392 1830 496 1894 tantiam,
511 1830 565 1897 qnia
580 1830 669 1881 scilicet
687 1842 728 1881 eas
744 1831 803 1881 ratic
826 1830 944 1881 adinvenit

142 1900 204 1952 inter
222 1901 280 1952 duas
292 1915 329 1952 res
345 1902 475 1953 intelms
494 1903 560 1952 :sed
573 1902 696 1952 relationes
708 1914 760 1965 que
774 1909 948 1965 consequentia

142 1972 299 2036 opentionenr
309 1973 440 2025 delectis
448 1988 500 2038 quoa
511 1978 566 2027 aunt
574 1973 639 2023 inter
650 1973 747 2023 sertum
760 1970 949 2024 intellectualiter·

142 2046 278 2108 procedens,
294 2048 317 2095 et
327 2044 460 2108 illnddquo
477 2044 838 2110 procedit,nonsnntreiationes
849 2046 951 2095 ratione

142 2116 247 2180 tantdm,
259 2117 300 2167 sed
312 2116 347 2166 rei
358 2132 366 2180 3
377 2116 431 2181 qnia
444 2120 468 2168 et
480 2118 530 2181 ipse
541 2114 671 2168 intellectus
679 2119 704 2183 et
718 2114 776 2165 relic
788 2118 825 2165 est
838 2118 951 2178 praedare

143 2200 195 2250 res,
208 2192 233 2239 et
246 2192 390 2253 conparatur
397 2188 489 2241 realiter
499 2190 530 2239 ad
541 2188 565 2237 id
574 2188 635 2251 qnod
646 2186 748 2251 procedit
758 2186 950 2249 intelligibiliter.

143 2256 203 2307 sicat
217 2272 255 2310 res
273 2259 397 2323 corponds
416 2260 446 2310 ad
459 2259 484 2309 id
498 2260 559 2323 qnod
573 2258 675 2323 procedit
693 2258 842 2321 corporaliter
855 2274 861 2307 :
877 2263 902 2309 et
921 2258 949 2307 si¹

144 2329 269 2390 paternitas
281 2334 305 2381 et
321 2327 400 2381 filiatio
411 2335 465 2381 sunt
474 2330 597 2381 relationes
605 2330 678 2379 reales
690 2328 716 2377 in
725 2328 819 2379 divinis.

161 2481 208 2559 ,(1)
225 2487 270 2530 Seu
286 2487 316 2532 to
334 2486 595 2545 diversitatemque&
615 2486 741 2533 terminum
759 2486 836 2543 ipsum
853 2498 949 2543 proces

146 2558 341 2678 wladimirum
358 2626 442 2676 quest
456 2619 502 2676 et,
521 2626 565 2667 art.
582 2620 611 2677 1,
629 2618 741 2678 qnantdm
757 2619 785 2665 etl
804 2619 952 2665 inteltecrur

144 2681 182 2726 rel
196 2681 332 2737 scientiam
344 2689 369 2728 et
382 2689 465 2739 quaest.
480 2682 525 2741 19,
541 2690 585 2729 ort.
598 2684 627 2744 8,
642 2683 720 2741 quoad
733 2683 896 2729 exclusionem
913 2697 951 2728 ne

145 2743 276 2797 cessitatis;
291 2751 315 2789 ct
331 2751 375 2792 art.
393 2745 419 2805 i,
432 2746 507 2802 quoad
521 2746 615 2797 moduni
634 2746 716 2805 agendi
729 2758 772 2802 par
786 2746 946 2793 volantatem

146 2817 193 2850 nou
206 2817 249 2862 per
261 2813 347 2853 naturae
361 2809 538 2869 necessitatem,
551 2814 597 2855 etc.
