1992 3342
119 217 166 265 tto
312 226 385 263 ‘rans
398 226 420 275 r,
433 225 526 270 oumsr.
541 225 606 275 m,
621 224 675 262 aar.
691 221 718 261 rr.

121 302 186 353 uenit
203 301 245 351 uni
262 300 351 352 mntdm
367 314 487 365 persone3
508 314 581 364 neque
598 300 679 351 relatio
690 298 831 363 personalis,
845 298 923 351 idest
994 348 995 359 ,

120 373 262 423 constituens
278 386 406 435 personam.
432 373 478 423 Sed
499 374 536 423 hc
556 376 605 423 tres
625 370 762 433 relationes,
781 371 922 434 paternitas,
994 396 995 437 l

120 444 199 495 tiliatio
220 447 244 493 et
263 444 390 507 processio,
406 444 513 493 dicuntur
532 443 683 506 proprietates
700 442 845 505 personales,
859 445 926 505 quasi
994 438 995 445 '

119 528 228 577 personas
238 514 753 578 constituentes:nampaternitasestpersona
761 512 851 575 Patris,
868 512 927 563 lilia-
994 530 995 535 ¹

119 586 152 635 tio
162 599 260 649 persona
268 586 329 649 mlii,
340 586 454 651 processio
465 599 562 650 persona
576 586 675 651 Spiritus
687 584 759 635 sandi
768 585 926 647 procedentis.

151 658 185 706 nd
198 659 324 709 secundum
337 658 458 708 dicendum
464 695 473 722 ,
482 657 543 721 qudd
556 657 580 708 id
592 658 653 722 quod
665 656 767 722 procedit
778 670 820 719 per
833 657 929 707 modurn

119 726 251 781 intellectis
269 733 296 779 ut
309 730 421 793 verbum,
434 728 537 793 procedit
551 728 675 781 seomddm
689 728 801 779 rationem
820 728 930 778 similitu-

119 799 197 863 dinis,
215 800 274 851 sicut
290 800 360 853 etiam
377 801 401 851 id
414 800 475 863 quod
491 799 594 863 procedit
613 812 655 863 per
668 800 760 851 modum
776 803 884 862 nature,
906 803 931 849 et

119 872 172 923 idco
188 872 351 937 supradictum
361 877 397 923 est
406 873 454 937 (qu.
466 872 507 937 at)
513 910 521 935 ‚
532 870 593 935 qudd
601 872 715 936 processio
726 871 791 921 reniti
804 870 880 923 divini
893 875 930 923 est

119 943 171 1007 ipsa
187 944 305 1007 generatio
323 956 365 1009 per
375 945 468 995 modum
479 947 577 993 uaturae.
592 946 660 993 Amor
671 946 762 1006 autem,
777 942 802 991 'rn
814 948 931 1006 quantum

121 1014 255 1077 hujusmodi
259 1054 268 1079 ,
282 1028 328 1066 non
335 1013 443 1079 procedit
461 1017 488 1068 ut
503 1013 628 1064 similitudo
647 1013 709 1063 illius
724 1012 795 1077 dquo
808 1014 930 1078 procedit,

120 1085 175 1136 licet
187 1086 213 1136 in
225 1086 308 1138 divinis
321 1100 385 1137 amor
394 1086 425 1137 sit
439 1086 604 1150 coessentialis,
614 1085 640 1135 iu
648 1088 757 1149 quantum
768 1088 803 1135 est
816 1085 929 1150 divinus;
994 1106 995 1119 r

121 1162 146 1209 et
157 1158 211 1210 ideo
225 1159 341 1224 processio
354 1159 439 1212 amoris
452 1170 498 1208 oon
514 1156 597 1208 dicitur
613 1157 730 1221 generatio
742 1158 767 1206 ln
778 1156 873 1209 diuinis.

153 1230 189 1281 ld
205 1230 298 1281 tertium
310 1228 447 1292 decadum,
462 1228 524 1293 qudd
538 1230 606 1279 homo
622 1228 689 1294 (edm
700 1228 730 1279 sit
743 1229 868 1295 perfectior
879 1229 932 1281 aliis

121 1300 274 1365 animalibus)
292 1302 362 1351 nabet
378 1300 457 1364 plures
473 1300 618 1364 operationes
634 1300 782 1363 intrinsecas,
796 1299 869 1363 quam·
886 1300 932 1351 alia
994 1344 995 1349 ,

121 1373 243 1436 animalia,
257 1373 311 1436 quio
323 1373 374 1437 ejm
392 1370 504 1435 perfectio
519 1374 556 1438 vest
568 1385 610 1435 per
623 1372 716 1421 modum
730 1370 929 1434 compositionis:
994 1382 995 1385 ¹

122 1445 183 1495 rmde
201 1445 227 1495 in
243 1444 330 1506 angelis
341 1442 389 1507 „qui
408 1446 462 1493 sunt
481 1443 629 1507 perfectiores
647 1446 671 1493 et
689 1441 854 1506 simpliciores,
876 1446 932 1493 sunt

122 1515 244 1580 pauciores
254 1514 401 1580 operationes
417 1514 546 1565 intrinseca
560 1514 628 1579 quim
638 1514 664 1565 in
674 1514 780 1579 homine,
789 1514 843 1577 quia
855 1515 883 1565 iu
896 1515 931 1566 eis

121 1590 216 1639 nonest
230 1587 384 1650 tmcpinurr',
395 1587 490 1636 sentire
502 1590 526 1637 ot
538 1586 679 1650 hujusmodi.
691 1586 737 1636 Sed
748 1586 773 1636 iu
786 1588 833 1637 lieo
845 1600 932 1637 secun-

122 1658 177 1709 ddm
187 1670 236 1709 rem
250 1668 296 1707 noa
308 1656 398 1707 estnisi
410 1671 457 1707 una
467 1658 585 1721 operatio,
593 1672 644 1725 quc
654 1660 688 1709 est
698 1670 739 1708 sua
752 1657 872 1722 essentia;
886 1660 930 1711 sed

121 1729 235 1793 quomodo
248 1728 298 1779 duae
313 1728 361 1778 sint
379 1728 550 1793 processiones,
564 1727 633 1793 suprd
650 1732 765 1781 ostonem
779 1732 814 1779 est
829 1729 862 1794 (q.
878 1730 932 1794 27).

155 1799 191 1851 lld
205 1802 311 1863 quartem
324 1799 461 1861 dicendum,
474 1798 536 1863 qudd
550 1799 608 1851 ratio
624 1800 664 1849 illa
679 1800 812 1863 procederet
819 1837 828 1863 ,
842 1800 863 1850 si
879 1800 936 1865 Spi-

122 1870 181 1921 ritus
200 1874 292 1921 sauctus
304 1871 400 1921 habuet
412 1869 481 1921 aliam
494 1884 589 1921 numero
605 1870 730 1921 bonitatem
744 1869 758 1920 a
769 1870 875 1921 bonitate
889 1878 934 1923 Pa-

124 1942 167 1993 tris
183 1944 318 2007 :oporteret
335 1940 398 1992 enim
414 1940 486 2005 qudd·
496 1940 555 1992 sicut
575 1944 643 1993 Pater
660 1956 702 2007 per
720 1954 783 1992 suam
801 1940 933 1994 bonitatem

127 2016 232 2080 producit
243 2028 365 2079 personam
378 2015 493 2079 dioimm,
508 2016 577 2067 itaet
590 2015 690 2079 Spiritus
700 2017 800 2066 sanctus.
820 2016 868 2067 Sed
886 2030 934 2067 una

124 2091 149 2138 et
163 2088 244 2139 eadem
262 2086 352 2137 bouitas
370 2086 444 2137 Patris
460 2090 533 2137 estet
549 2086 647 2151 Spiritus
664 2086 754 2151 sancti;
768 2100 844 2150 neque
862 2086 933 2139 etiam

123 2163 160 2209 est
172 2157 286 2210 distinctio
293 2195 302 2222 ,
316 2156 362 2209 nisi
374 2172 416 2222 per
433 2158 557 2209 relationes
576 2168 748 2222 personarum:
766 2159 827 2209 unde
842 2160 933 2211 bouics

125 2229 231 2280 conuenit
241 2228 337 2283 Soiritui
344 2229 496 2294 sanctoquasi
509 2230 587 2281 habim
599 2230 627 2279 ab
636 2229 696 2293 alio;
708 2229 771 2280 Patri
777 2233 865 2295 autem,
874 2231 934 2281 siout

125 2298 197 2363 inquo
214 2300 396 2351 communicatur
415 2301 489 2352 alteri.
509 2300 628 2365 oppositio
650 2304 726 2351 autem
746 2302 865 2352 relationis
885 2316 932 2353 non

124 2372 238 2434 permittit
250 2376 277 2426 ut
290 2386 344 2423 cum
356 2371 466 2424 relatione
478 2373 578 2435 Spiritus
590 2372 666 2423 stracti¹
680 2373 709 2423 sit
725 2372 806 2424 relatio
824 2372 933 2437 principii

126 2448 231 2506 respectu
244 2443 329 2494 divine
339 2458 457 2508 persone,
472 2444 526 2508 quia
540 2444 590 2509 ipse
602 2445 706 2508 procedit
718 2446 747 2495 ab
764 2444 816 2495 aliis
828 2446 933 2509 personis
994 2444 995 2453 ’

127 2528 177 2577 quae
196 2514 221 2564 in
234 2515 318 2565 divinis
329 2528 380 2568 este
393 2518 495 2579 meunt.
574 2532 577 2539 ·

158 2586 193 2635 ad
202 2585 307 2649 quintum
318 2585 449 2649 dicendum,
461 2585 522 2649 ‹prdd
532 2600 642 2637 uumerus
652 2586 831 2649 determinatus,
842 2587 863 2637 si
873 2588 933 2637 acci-

127 2656 204 2720 piatur
218 2670 327 2707 aumerus
342 2656 453 2721 simplex,
472 2656 513 2720 qui
524 2662 559 2707 est
571 2656 660 2709 tantdm
673 2658 699 2707 in
715 2656 847 2720 acceptione
864 2657 934 2708 iutel-

128 2728 341 2792 leetds‚perunum
352 2728 933 2793 mensuratur3siverdaceipiatornumerusrerum
994 2726 995 2757 ³

128 2798 153 2849 in
166 2799 249 2851 ticinis
260 2799 381 2864 pemonm,
392 2799 425 2850 sic
434 2813 482 2850 non
492 2800 602 2864 competit
611 2800 645 2851 ibi
655 2799 713 2851 ratio
723 2799 849 2850 mensurati
859 2816 867 2863 ;
878 2799 932 2864 quia

128 2870 208 2921 eadem
227 2874 263 2922 est
287 2871 419 2933 magnitudo
436 2870 507 2923 trium
531 2885 695 2936 personarum,
715 2874 741 2922 ut
762 2868 823 2921 inlrt
843 2870 932 2934 patebit

130 2943 183 3007 (qu.
197 2943 254 3009 ta),
268 2942 329 2995 idem
342 2946 420 2995 autem
432 2956 480 2996 non
492 2948 637 2997 mensuratur
647 2958 689 3010 per
703 2944 773 2997 idom.
