1992 3342
156 209 201 258 tad
358 219 419 257 rana
431 220 456 269 r,
471 218 563 264 oussr.
577 218 651 268 nur,
668 217 724 255 aar.
743 218 771 253 u.

186 302 212 346 2.
223 297 349 358 Preterea,
365 293 482 345 beatitudo
501 294 571 344 babet
588 293 700 344 rationem
721 291 783 343 finis.
802 288 861 343 linis
878 288 940 337 auum

156 372 191 417 est
204 367 320 430 objectum
330 365 463 429 uolunmtis,
473 364 532 416 dont
544 370 568 415 et
579 366 674 417 boum
685 366 743 428 Ergo
752 363 865 415 beatitudo
874 360 941 410 dicitur

155 435 181 491 in
198 442 244 490 beo
259 439 387 490 secundbm
400 440 560 502 uoluntatem,
574 442 597 489 et
608 452 653 488 uon
671 437 796 489 secuudum
809 433 939 486 intellectum.

186 512 231 561 Sed
251 514 330 561 contra
343 514 394 573 est,
409 510 470 574 quod
488 509 610 571 Gregorius
626 508 681 559 dicit
694 509 778 559 xxxid
794 504 922 558 Moralium
930 515 941 579 ¹:

157 600 171 629 a
184 584 234 647 lpse
249 582 360 645 gloriosus
380 586 428 644 est,
451 581 492 645 qui
511 582 564 631 duro
585 581 659 645 seipso
674 580 814 644 perfruitur,
833 577 942 629 nocemur

154 653 228 704 laudis
238 653 344 716 indigens
356 657 455 705 nonest
465 670 479 699 u
493 654 548 703 Esse
560 657 636 703 autem
647 653 769 715 gloriosum
780 652 893 715 significat
907 656 941 724 esst

155 726 257 777 beatum.
272 726 329 779 Cdm
343 727 413 790 igitur
428 728 475 777 beo
487 725 590 775 fruamur
602 724 724 777 secundbm
738 724 883 775 intellectum
893 761 899 785 ,
908 730 943 783 qun

158 798 245 849 crisio
258 802 293 849 est
306 803 355 851 tota
369 812 455 849 merces
466 815 480 845 u
496 796 536 862 (ut
554 797 609 847 dicit
627 795 785 861 Augustinus)
802 796 852 861 (l),
873 794 944 843 videtu

156 868 218 934 qubd
230 870 348 922 beatitudo
365 871 454 921 dicatur
466 869 493 919 in
506 870 552 921 Deo
564 868 688 921 secundbm
700 868 857 919 intellectum.

187 942 436 1007 (coadunare-Cium
442 940 559 993 beatitudo
567 941 597 993 sit
606 942 692 992 bonum
698 940 828 1005 perlectum
840 936 944 991 secundia

157 1012 318 1079 intellectum,
334 1014 384 1079 ipsa
397 1013 527 1065 intellectis
543 1013 674 1078 operatione
689 1014 748 1063 bens
761 1013 846 1063 beatus
856 1004 944 1063 dcitur.)

188 1088 323 1150 Respondeo
339 1087 470 1149 dicendum,
487 1085 548 1150 qrrdd
560 1085 677 1136 beatitudo
690 1084 759 1151 (sicut
771 1084 806 1151 (t)
819 1085 905 1137 motum
918 1080 946 1130 al

157 1155 270 1219 significat
282 1158 367 1208 bonum
383 1156 512 1221 perlectum
523 1155 682 1207 intellectualis
695 1159 792 1206 maturae.
811 1158 844 1206 Et
860 1156 911 1205 inde
925 1154 946 1198 rit

158 1226 232 1291 qubd,
247 1228 306 1279 sicut
324 1242 466 1293 unaquaeque
476 1240 514 1277 res
525 1226 612 1291 appetit
623 1240 687 1279 suam
699 1226 889 1291 perfectionem,
899 1224 947 1274 itaet

157 1298 318 1351 intellectualis
330 1303 411 1350 natura
426 1298 559 1349 manualiter
581 1298 667 1364 appetit
680 1313 729 1349 esse
746 1300 823 1351 beata.
841 1301 867 1351 ld
887 1302 947 1347 aulen

158 1373 219 1437 quod
233 1376 268 1422 est
285 1370 475 1436 perfectissimum
493 1371 519 1421 in
537 1370 638 1435 qualibet
648 1371 801 1425 intellectuali
815 1375 911 1432 natura,
925 1368 947 1414 til

157 1442 318 1493 intellectualis
339 1441 462 1506 operatio,
482 1441 609 1493 secundior
631 1454 698 1506 quam
716 1442 778 1506 capit
797 1436 952 1506 quodammodo

60 1520 68 1535 ·
158 1514 243 1565 omnia.
264 1514 328 1567 Unde
341 1513 464 1578 cujuslibet
479 1513 639 1565 intellectualis
653 1518 840 1566 naturaecreatae
851 1510 963 1565 beatilubl

159 1587 262 1637 consistit
271 1586 296 1635 in
305 1585 463 1649 intelligendo.
481 1586 509 1637 ln
528 1587 574 1637 beo
587 1590 663 1637 autern
680 1599 727 1637 non
740 1588 776 1637 est
795 1586 921 1637 aliudesse
936 1586 951 1627 u

161 1658 303 1721 intellipere
327 1657 450 1707 secundbm
473 1672 539 1722 rem,
562 1660 602 1709 sod
623 1657 864 1711 lentium-secundbm
884 1655 956 1709 intelli·

160 1728 243 1790 gentie
259 1729 380 1780 rationem.
397 1730 548 1781 attribuenda
563 1742 617 1793 crgo
633 1734 668 1781 est
685 1730 731 1781 beo
748 1730 872 1783 beatitudo
886 1740 955 1781 secun

161 1799 215 1849 dium
224 1800 375 1864 intellectum,
384 1800 444 1851 sicut
453 1805 478 1852 et
488 1801 627 1867 obsecutis,
638 1802 677 1867 qui
687 1815 729 1866 per
738 1802 928 1857 assimilationem
936 1796 955 1847 ol

162 1868 325 1922 beatitudinem
336 1872 408 1937 ipsius
419 1873 486 1923 tecti
495 1872 609 1925 dicuntur.

194 1946 227 1995 td
239 1944 339 2008 primum
359 1958 413 2008 ergo
426 1944 562 2009 dicordiam,
573 1945 633 2011 qudd
646 1958 674 1996 ex
693 1943 733 1997 illa
751 1944 842 1997 ratione
861 1944 956 2012 probatu

162 2016 223 2081 qubd
235 2019 294 2068 bens
307 2017 337 2067 sit
352 2018 434 2069 beatus
452 2016 576 2069 secundbm
590 2030 655 2069 snam
668 2017 806 2082 essentiam
824 2032 876 2071 non
895 2022 961 2069 aulon

162 2087 223 2152 qubd
236 2089 352 2140 beatitudo
365 2088 388 2139 ei
401 2090 522 2139 conueniat
535 2089 662 2139 secundbm
671 2090 783 2141 rationem
795 2092 920 2154 essentia,
930 2104 949 2138 se

162 2160 235 2223 magis
247 2160 372 2212 secundbm
385 2160 498 2212 rationem
510 2161 649 2211 intellectis.

194 2233 228 2282 Ad
241 2232 366 2284 secundbm
380 2230 501 2282 dicendum
509 2270 519 2297 ‚
536 2231 595 2297 qudd
605 2232 737 2297 beatitudo,
755 2230 808 2283 cium
820 2234 851 2285 sit
868 2236 952 2287 bonum

162 2308 198 2355 est
210 2304 323 2369 objectum
335 2304 459 2356 uoluntatis
469 2321 476 2369 3
491 2304 608 2369 objectum
620 2308 696 2356 antem
707 2304 897 2371 praeintelligitur
910 2310 957 2356 acti

163 2433 236 2492 prima
247 2434 361 2481 rerbaDe
370 2432 557 2480 bebdomadibus
570 2434 664 2480 inscribi
679 2435 757 2481 solet:
771 2436 887 2482 Poetotoa
903 2442 931 2481 att
943 2451 958 2479 r.

164 2497 365 2549 bebdomadiboa,
378 2502 425 2543 ete.

198 2567 228 2629 (ll
243 2569 356 2629 capulo,
372 2570 396 2613 in
408 2568 718 2625 modernls'exomplarlbnS,
738 2570 773 2616 vel
788 2571 813 2615 ln
829 2568 961 2627 antiqulsi

165 2644 236 2689 super
251 2632 307 2677 illud
319 2632 373 2685 lod,
386 2634 422 2679 XL
437 2632 512 2678 adlato
527 2632 665 2689 ptorioaua,
676 2636 724 2677 etc.

199 2700 229 2763 (2)
244 2704 280 2748 Ex
290 2704 459 2750 commentario
470 2714 541 2759 super
552 2703 618 2748 Ptol.
630 2705 676 2761 XG,
688 2703 718 2748 ad
728 2704 766 2751 illo
779 2706 850 2751 rerba
860 2717 933 2749 vers.
950 2706 956 2745 l

164 2766 202 2811 ael
212 2765 255 2810 ult.
270 2781 275 2809 ε
289 2766 418 2812 Ostendam
426 2767 470 2812 atla·
478 2766 587 2811 salutare
595 2778 683 2811 mcum.
695 2768 725 2812 Et
737 2768 777 2813 lib.
791 2766 811 2824 1,
824 2767 852 2813 de
864 2766 947 2813 Triari

166 2840 218 2884 oap.
235 2827 250 2871 a
269 2843 275 2871 ι
291 2829 322 2873 lo
331 2830 427 2875 oiaiooe
437 2841 526 2875 mercen
540 2832 588 2875 toto
596 2830 755 2887 promittitur
768 2830 949 2876 delectationis

166 2890 286 2934 deciderat
302 2893 395 2952 nostri,
409 2899 456 2939 etc.
473 2893 560 2938 Praetor
575 2892 620 2939 alia
633 2893 685 2939 loca
697 2904 749 2953 quaa
762 2893 807 2941 boo
820 2893 902 2951 iprum
919 2895 959 2937 in:

166 2957 221 2996 cant
235 2951 332 3008 possim.
786 2990 789 2997 ,
