1992 3342
306 235 337 272 ΒΕ
352 235 428 274 ΡΟΕΝΑ
444 235 580 274 ΜΙΟΝΠΙ.
797 230 843 276 873

51 321 133 367 uaiuuae
152 327 198 365 unu
218 313 335 378 prefertur
357 313 421 364 alieri
443 312 542 376 animm,
556 313 615 364 sicui
631 315 746 366 daemones
764 317 843 368 ordine

50 391 130 439 naturas
141 385 293 450 preferuntur
308 384 456 436 homiuibus:
471 386 531 435 unde
545 399 592 436 uon
602 390 638 436 esi
655 385 735 437 similis
743 387 810 438 ratim

80 460 111 509 ud
121 457 211 510 inuium
227 457 358 522 meandum,
373 457 432 522 qubd
445 457 515 521 aliqui
525 457 769 523 dixeruui‚usep1ead
784 459 843 510 diem

48 529 125 596 judieii
134 529 219 579 differri
232 541 323 592 poenam
336 527 465 580 sensibilem
480 531 527 579 iam
538 529 665 582 damonum
674 529 743 594 quam
756 530 844 581 auima-

51 617 112 665 rum3
130 603 153 651 et
172 599 275 650 similiter
295 599 458 650 beatitudiuem
478 603 608 650 sauciorum
621 601 708 652 differri
723 614 796 667 usqne
815 605 843 653 ad

49 674 108 724 diem
120 671 199 736 judieii
214 687 219 720 ι
237 671 297 735 quud
314 674 349 721 esi
363 685 481 721 erroneum
495 674 519 721 ei
532 685 660 735 repugnans
673 672 777 737 bpusisli
793 686 844 724 sen-

51 745 139 806 tentie,
157 742 196 807 qui
211 742 277 806 dicii,
293 743 321 792 ΙΙ.
339 746 409 800 Cor„
424 744 443 792 V
458 759 465 794 ι
482 761 495 790 u
509 742 533 793 Si
545 744 660 794 terrestris
673 745 754 796 dumus
767 749 844 796 uestra

51 818 117 882 hujus
133 814 278 867 habitationis
299 814 447 878 dissolvatur,
463 816 555 866 domum
572 815 682 868 babemus
698 817 722 867 iu
743 818 808 868 uoelu.
828 834 842 864 n

50 889 92 940 ilii
100 888 153 940 verb
160 887 215 938 lieet
222 888 265 937 hue
275 899 321 937 unu
328 887 486 938 eoueedanide
493 887 621 950 animabus,
632 889 758 941 concedunt
766 892 843 940 tamea

50 964 77 1013 de
93 959 241 1012 daemonibus.
256 959 299 1010 Sed
311 958 393 1008 melius
406 961 441 1010 est
454 957 574 1009 dicendum
586 957 648 1024 qubui
659 959 719 1010 idem
732 960 843 1026 judicium

8 1069 9 1072 ,
48 1033 79 1084 sia
87 1034 114 1082 de
124 1031 188 1082 malis
198 1030 316 1082 animabus
325 1033 349 1080 ei
360 1030 387 1080 de
400 1029 466 1080 malis
475 1030 575 1094 angelis,
588 1030 647 1081 sinui
655 1031 717 1082 idem
727 1031 842 1096 judicium

48 1108 84 1156 est
94 1105 121 1154 de
134 1103 198 1153 bouis
209 1101 326 1153 animabus
336 1105 360 1152 ei
369 1103 397 1152 de
412 1100 478 1153 bouis
493 1101 587 1165 augelis.
600 1102 665 1153 Unde
675 1101 797 1154 meandum
808 1108 845 1155 est

49 1175 106 1240 qubd
115 1174 172 1226 sicui
181 1175 245 1226 inens
256 1175 355 1224 eoelestis
364 1173 463 1238 pertines
471 1175 499 1224 ad
513 1173 606 1237 gloriam
618 1175 758 1237 angelnmm,
768 1178 844 1226 tamen

47 1248 118 1313 gloria
130 1260 207 1298 eurum
218 1260 264 1296 unu
278 1246 388 1296 minuitur
397 1245 449 1296 cium
460 1247 489 1296 ad
498 1261 542 1297 nus
556 1246 664 1310 veniunt,
678 1247 732 1310 quia
741 1249 845 1299 muside·

45 1323 97 1372 rani
111 1318 174 1368 iilum
191 1319 267 1368 lecum
281 1331 332 1368 esse
346 1331 425 1378 suum3
441 1331 467 1369 eo
483 1319 551 1369 mndn
563 1332 609 1382 que
624 1318 721 1369 dicimus
734 1320 845 1369 bonorem

46 1389 151 1456 Episcopi
161 1403 207 1440 nun
219 1389 305 1454 minui,
316 1389 370 1438 dum
381 1392 432 1440 astu
443 1403 489 1440 uon
501 1391 566 1441 sedet
575 1390 600 1440 iu
609 1390 716 1440 cathedra
725 1405 732 1440 :
742 1389 846 1441 similiter

46 1463 166 1515 dicendum
181 1465 217 1512 esi
227 1461 287 1527 qubal
299 1463 413 1512 daemoues
425 1460 478 1511 iicet
492 1475 539 1513 unu
556 1466 607 1512 aeta
621 1462 742 1525 alligentur
760 1463 845 1526 gehen-

45 1535 93 1586 uali
105 1533 165 1598 igni,
176 1534 229 1583 dum
241 1537 294 1584 sunt
305 1533 330 1583 iu
339 1545 390 1583 aene
400 1533 444 1584 istu
455 1534 594 1597 caliginoso3
606 1537 683 1584 tamen
694 1547 724 1585 es
734 1535 779 1584 hee
790 1533 844 1598 ipsu

44 1606 106 1673 qubd
120 1604 193 1656 sciunt
211 1604 273 1656 illam
287 1605 439 1668 alligationem
452 1605 496 1655 sibi
514 1605 604 1670 deberi,
625 1617 703 1655 eurum
716 1619 786 1669 poeua
799 1619 845 1656 uun

44 1677 187 1730 diminuitur.
209 1677 273 1727 Unde
292 1675 373 1726 dicitur
387 1676 412 1727 iu
431 1677 528 1740 quadam
547 1676 625 1726 Glossa
641 1677 707 1732 iae,
725 1677 770 1737 ΙΙΙ,
784 1676 845 1740 quaid

46 1770 61 1800 (ι
75 1752 166 1816 puniant
180 1762 256 1800 seeum
266 1749 341 1812 ignem
352 1747 603 1814 gehennaequbcunque
617 1749 708 1798 vadant.
722 1765 735 1795 n
749 1749 797 1800 Nec
811 1752 847 1800 est

44 1825 124 1874 eontra
138 1823 190 1882 hue,
201 1819 261 1884 qubd
272 1837 285 1868 u
299 1825 434 1884 rogaverunt
449 1820 570 1871 bominum
583 1822 608 1871 ui
624 1834 670 1871 nun
683 1819 787 1872 mitteres
804 1834 844 1872 ens

44 1897 71 1948 iu
82 1895 188 1958 abyssum
198 1909 211 1939 n
220 1892 255 1958 (ui
266 1891 347 1942 dieitur
359 1893 427 1949 Lac„
439 1893 507 1955 viu),
520 1892 575 1956 qiua
584 1893 629 1942 buu
642 1891 771 1956 petierunt,
780 1906 846 1958 repu-

44 1971 120 2018 iauies
138 1963 182 2014 sibi
196 1977 301 2030 pmuam,
316 1965 336 2013 si
355 1964 528 2014 excluderemur
544 1962 559 2014 a
575 1965 625 2015 leun
646 1963 671 2013 iu
687 1977 731 2026 qun
751 1968 846 2028 pussant

44 2035 177 2089 homiuibus
191 2048 282 2086 uocare.
298 2034 362 2085 Unde
377 2033 481 2093 Mutii„
498 2033 557 2098 ulli,
573 2032 654 2084 dieitur
664 2033 723 2096 qubd
737 2049 752 2081 u
766 2034 846 2098 depre-

44 2108 156 2159 cabantur
170 2119 221 2158 esum
235 2119 263 2157 ue
275 2106 399 2170 expelleret
413 2119 453 2157 ees
467 2109 531 2156 extra
548 2104 698 2169 reponem.»

329 2415 396 2456 riuis
409 2415 470 2452 noan
485 2415 566 2453 Palm.
