1992 3342
133 240 180 297 tib
336 252 397 287 rans
410 252 434 299 1,
448 252 541 295 oumsr.
556 250 611 297 ιιι,
629 250 683 286 aur.
703 251 744 285 xri.

166 328 194 378 ut
204 328 257 376 licet
266 326 361 377 scientia
372 326 475 390 visionis,
486 340 537 389 quae
548 331 583 376 est
596 330 686 376 tantum
699 338 777 376 eorum
793 340 845 389 quas
864 331 937 389 snut,

134 402 172 450 vel
189 403 269 460 erunt,
291 398 328 448 vel
345 397 453 461 luerunt,
469 412 516 449 non
531 397 561 448 sit
576 397 735 459 inlicitorum,
753 400 779 447 ut
795 398 887 460 quidam
903 402 940 449 di-

134 474 198 532 cunt,
209 468 262 519 cbm
270 483 318 521 nou
330 483 441 533 ponamus
450 470 561 519 mundum
574 469 603 521 ab
613 473 701 519 aterno
714 468 794 532 luisse,
809 482 852 519 nec
865 483 940 530 qene-

133 541 261 605 rationem,
281 547 304 591 et
325 545 410 592 motum
426 541 451 591 in
469 545 580 592 eternum
596 554 719 602 mansura,
737 544 764 589 ut
779 539 899 591 indiuidua
913 545 939 593 iu

133 612 249 663 inlinitum
261 612 442 677 multiplicentur
454 629 461 663 ι
475 617 566 675 tamen,
578 612 598 662 si
609 612 740 675 diligentiis
752 612 939 678 consideamus,

135 697 228 735 noceme
241 688 276 734 ost
287 684 363 735 dicere
375 683 436 749 qubd
449 685 509 735 bens
521 683 591 733 etiam
600 683 695 733 scientia
704 682 799 734 visionis
810 683 867 733 sciat
886 685 941 736 inli-

134 755 190 805 nita.
203 756 261 814 Quia
271 758 331 806 lleus
341 756 384 808 scit
394 756 463 807 eliam
475 755 625 818 cogitationes
635 758 659 804 et
670 754 801 805 affectiones
814 755 940 820 cordium,

136 840 186 889 quae
197 827 224 875 in
241 827 357 878 inlinitum
371 828 584 892 multiplicabuntur
597 826 707 877 creaturis
719 826 868 879 rationalibus
885 843 942 893 per-

135 897 279 955 manentibus
291 899 375 963 absque
387 900 442 950 tine.

168 968 216 1019 Hoc
226 973 302 1019 autem
313 969 366 1021 ideo
379 976 429 1034 est,
443 970 498 1035 qaia
510 970 609 1034 cognitio
622 970 743 1035 cujuslibet
756 971 941 1034 cognoscentis,

136 1052 161 1091 ae
179 1041 282 1090 exlendit
301 1043 425 1092 secundum
445 1044 537 1093 niodum
555 1042 647 1105 lormae,
667 1056 717 1105 quaa
738 1046 772 1091 est
795 1042 941 1106 principium

137 1111 280 1174 cognitionis.
289 1114 382 1177 Species
390 1113 450 1164 enim
461 1113 584 1177 sensibilis,
596 1128 646 1178 quaa
657 1112 726 1169 estin
737 1126 815 1176 sensu,
828 1117 864 1164 est
874 1116 945 1165 simi-

136 1181 207 1232 litudo
224 1185 297 1234 solum
318 1185 387 1235 unius
405 1184 532 1248 individui,
553 1185 614 1237 unde
634 1198 676 1248 per
697 1197 748 1234 cam
770 1186 844 1235 solum
864 1200 944 1237 aunum

136 1253 278 1311 individmm
292 1257 397 1321 cognosci
413 1261 496 1321 potest.
511 1256 603 1321 Species
616 1260 693 1307 autam
705 1256 857 1319 intelligibilis
870 1257 944 1309 intel-

136 1327 211 1378 lectus
227 1328 298 1379 nostri
305 1366 313 1392 ,
331 1334 366 1380 est
377 1330 499 1380 similitudo
513 1328 547 1379 rei
559 1332 670 1393 quantum
680 1328 708 1379 ad
720 1331 824 1379 naturam
835 1331 943 1393 speciei,

137 1412 189 1459 qum
197 1403 232 1450 est
240 1400 403 1465 participabilis
410 1400 423 1451 i
431 1400 605 1464 particularibus
615 1398 723 1463 infinitis3
734 1399 794 1449 uude
806 1399 945 1451 intellectus

136 1475 214 1525 noster
223 1485 265 1534 per
276 1472 376 1534 speciem
388 1472 556 1535 intelligibilem
567 1470 680 1533 bominis,
693 1470 809 1533 cognoscit
828 1473 946 1534 quodum-

137 1542 204 1592 modo
217 1542 321 1591 homines
335 1543 448 1606 indultos,
462 1544 503 1602 sed
522 1546 599 1594 lamen
621 1556 667 1593 non
684 1542 709 1595 iu
728 1546 839 1605 quantum
858 1544 947 1594 distin-

138 1617 237 1675 guuntur
249 1613 402 1677 abinvicem,
415 1617 456 1665 sed
466 1616 591 1667 secundum
602 1614 663 1679 quid
675 1614 847 1666 communicant
857 1614 884 1665 in
903 1630 947 1665 ua-

138 1690 190 1734 tura
208 1685 309 1749 speciei,
323 1691 418 1749 propter
426 1688 470 1737 boc
478 1686 539 1751 qubd
550 1687 638 1750 species
650 1685 800 1747 intelligibilis
806 1685 951 1736 intellectus

140 1756 212 1807 nostri
223 1770 269 1806 non
279 1761 314 1806 est
323 1758 447 1808 similitudo
459 1759 579 1809 bominum
592 1762 702 1821 quantum
714 1758 742 1807 ad
753 1756 867 1821 principia
882 1757 952 1809 incli-

139 1827 252 1891 vidualia,
273 1830 313 1879 sed
331 1829 403 1879 solum
420 1835 530 1894 quantum
548 1831 576 1881 ad
592 1830 703 1895 principia
719 1828 814 1893 speciei.
836 1830 954 1883 Essentia
982 1866 983 1911 p

140 1904 216 1951 autem
238 1901 333 1965 diuina,
352 1915 393 1965 per
416 1917 484 1965 quam
507 1903 636 1953 intellectus
654 1902 744 1953 divinus
761 1901 890 1967 inlelligit,
916 1910 953 1954 est

139 1973 262 2024 similitudo
273 1974 389 2023 sulliciens
400 1975 515 2037 omnium,
528 1988 578 2037 quae
590 1978 651 2037 scrut,
664 1975 701 2023 vel
712 1986 760 2023 esse
773 1980 885 2038 possunt,
901 1992 953 2026 nou

139 2045 212 2112 solum
225 2049 336 2111 quantum
352 2046 380 2095 ad
394 2044 505 2109 principia
523 2046 651 2095 communia
659 2084 668 2109 ‚
687 2046 727 2095 sed
744 2044 813 2095 etiam
829 2052 956 2110 quantum
981 2080 982 2083 =

140 2117 169 2166 ad
186 2117 298 2181 principia
316 2116 407 2181 propria
427 2115 618 2181 uniuscujusque,
637 2120 663 2166 ut
677 2120 793 2167 ostensum
810 2120 859 2167 est.
881 2120 956 2170 Unde

138 2188 241 2251 sequitur
261 2188 321 2252 qubd
344 2187 439 2251 scientia
460 2188 501 2238 liei
521 2201 545 2238 se
567 2189 674 2239 extendat
694 2188 723 2239 ad
741 2186 851 2252 infinita,
875 2192 958 2253 etiarn

139 2260 265 2310 secundum
277 2260 337 2322 quod
346 2264 401 2309 sunt
411 2260 440 2309 ab
451 2260 550 2323 invicem
563 2259 678 2310 distincta.

172 2332 205 2381 ld
221 2330 320 2393 primum
341 2344 395 2392 crgo
416 2329 555 2393 dicandum,
575 2329 636 2393 qubd
653 2328 738 2389 infiniti
756 2328 817 2379 ratio
837 2336 962 2397 congruit
980 2300 981 2339 ἶ

140 2401 262 2466 quantitati
273 2400 316 2466 (t),
329 2402 454 2452 secundum
467 2400 630 2465 Philosophum
641 2401 665 2451 in
677 2402 697 2465 1,
712 2402 786 2463 enus.
805 2400 846 2453 De.
857 2406 965 2459 ratione

173 2518 206 2582 (tl
216 2521 268 2567 Siva
274 2523 357 2568 utetur
363 2525 462 2580 quanto
469 2530 496 2570 ut
503 2522 638 2569 modernus
632 2527 745 2579 interpres
753 2520 833 2567 reddit
845 2537 980 2581 gruem

141 2591 192 2651 Τῳν
205 2602 272 2633 mauu
285 2597 443 2654 προσχῃηται.
458 2595 537 2640 sicut
531 2606 554 2639 rn
564 2592 694 2650 Exemplum
708 2602 792 2650 manco
782 2593 841 2640 iat
851 2608 923 2657 cap,
939 2602 969 2657 2

140 2640 218 2700 videre
227 2661 272 2712 est,
284 2656 344 2701 sed
337 2668 362 2701 rn
375 2656 478 2713 antiquis
490 2663 547 2703 text.
563 2656 602 2702 15.
616 2657 703 2702 Dicitur
712 2654 789 2701 aulem
801 2658 847 2703 uta·
857 2671 972 2717 quma

145 2716 194 2772 (vel
205 2718 349 2774 quantum,
359 2721 490 2775 usurpando
499 2726 632 2765 concretum
643 2730 685 2776 pro
697 2718 825 2774 abstracto,
837 2726 868 2766 ut
879 2728 970 2773 Graeri

141 2778 232 2839 solent)
247 2781 301 2835 quia
320 2781 430 2836 supponit
444 2784 596 2838 quintianum
612 2786 638 2826 ut
649 2780 767 2827 mammam
785 2781 849 2826 sui.
868 2788 979 2843 ρῃωῃὶ

138 2849 209 2895 etlam
228 2840 324 2895 verbum
336 2850 391 2895 illud
404 2860 552 2912 προσχρητιιι
566 2854 623 2899 vorti
638 2852 712 2909 possit
725 2854 829 2909 optutus·
844 2867 976 2915 quami,

139 2913 174 2956 vel
188 2913 331 2970 applicatus·
348 2911 380 2955 ud
400 2926 472 2958 usum
485 2915 590 2973 quanti?
601 2916 663 2968 Quod
675 2914 735 2959 idem
751 2919 787 2957 est
798 2924 860 2961 cnm
885 2936 959 2971 sens
946 2942 976 2975 ῃ

139 2975 264 3021 &Thomas
271 2975 558 3037 ,onqruthuoelstoaq
569 2984 611 3022 eto.
