1992 3342
173 262 205 300 nn
220 261 381 300 rnomssnonn
396 262 571 301 mancinus
588 264 603 299 t
620 264 679 314 nno,
697 264 750 301 nnc.
813 252 858 298 ott

64 338 194 402 tissimum,
204 342 230 388 nt
246 338 302 389 dicit
317 338 449 390 Aristoteles
462 339 485 389 in
497 340 548 391 llll.
563 339 701 405 Metapbyc.
714 339 783 405 (text.
799 338 856 401 to).

96 411 132 461 td
140 410 233 461 tertium
243 410 376 471 dicendum,
390 409 451 473 qnbd
461 411 517 460 ratio
527 410 564 460 illa
574 424 619 461 non
632 410 729 461 ostendit
740 409 799 473 qubd
809 422 857 459 rna-

64 483 122 532 teria
134 494 182 531 non
194 481 226 531 sit
235 485 323 544 creata,
336 483 376 532 sed
384 480 445 545 quod
455 496 501 533 non
514 482 544 533 sit
557 485 632 532 creata
643 481 691 533 sine
704 480 858 533 tormentati

65 552 126 602 enim
138 566 206 601 omne
219 556 318 602 creatum
332 553 362 602 sit
371 553 396 601 in
413 556 478 614 actu,
490 557 623 605 nontamen
642 557 678 605 est
693 557 754 603 actus
767 566 855 617 purus:

65 624 126 674 unde
139 627 229 688 oportet
239 622 299 686 qubd
309 623 377 674 etiam
387 624 443 674 illnd
451 626 510 687 quod
521 638 546 675 se
559 624 661 675 babetex
671 624 857 688 partepotentiae‚

66 693 97 744 ait
108 700 211 746 creatum
216 732 226 758 ,
237 694 336 745 sitotum
347 695 408 759 qnod
416 695 445 744 ad
452 710 502 745 erae
511 695 581 759 ipsius
589 695 695 759 pertinet,
705 700 805 746 creatum
814 698 856 744 est.

356 838 516 889 tenentos
531 838 571 888 111.

135 952 223 997 Utadm
235 965 306 997 conso
316 953 458 1009 exemplaris
471 953 503 998 eit
513 954 604 1011 aliquid
611 954 696 1011 prester
706 954 789 999 Deum.

96 1062 130 1111 dd
139 1060 233 1111 tertium
245 1060 278 1111 sic
288 1060 416 1125 proceditur
423 1060 467 1125 (l).
478 1061 570 1111 Videtur
578 1060 638 1125 qubd
647 1074 714 1111 causa
724 1061 859 1125 exemplaris

66 1132 97 1182 sit
108 1132 192 1197 aliquid
203 1138 285 1195 preter
296 1134 379 1183 Deum.
394 1133 551 1196 Exemplatum
567 1134 627 1183 enirn
640 1134 708 1183 habet
723 1132 855 1183 similitudi-

64 1217 119 1254 nem
132 1204 278 1268 exemplaris.
295 1204 341 1254 Sed
356 1208 462 1254 creature
480 1202 548 1267 longe
566 1204 644 1255 sunit
658 1204 734 1254 divina
754 1203 859 1253 similitu-

64 1275 119 1325 dine
133 1290 139 1324 ι
157 1288 205 1324 non
218 1288 272 1338 ergo
285 1275 345 1325 bens
361 1278 396 1324 est
405 1288 471 1325 causa
488 1276 623 1339 exemplaris
636 1288 722 1326 earum.

96 1351 120 1396 t.
136 1347 249 1395 Praeterea
256 1382 265 1408 ,
278 1359 345 1397 omne
356 1347 415 1409 qnod
427 1350 463 1396 est
475 1360 517 1409 per
526 1346 736 1411 participationem,
746 1346 860 1395 reducitur

66 1417 96 1466 ad
104 1416 190 1480 aliquid
199 1430 273 1480 perse
283 1416 396 1480 existens,
407 1421 433 1467 ut
443 1418 540 1480 ignitum
548 1420 576 1469 ad
583 1418 672 1481 ignem,
684 1416 796 1481 sicutjam
809 1415 858 1465 dic·

67 1492 118 1537 tom
130 1492 175 1538 est.
190 1488 235 1538 Sed
244 1502 382 1552 quecunque
391 1493 444 1539 sunt
454 1489 634 1550 insensibilibus
641 1490 715 1551 rebus,
725 1492 778 1538 sunt
788 1488 861 1539 solim

67 1573 108 1623 per
124 1558 321 1623 participationem
333 1559 427 1624 alicujus
441 1560 525 1625 speciei
539 1560 571 1625 (t)
587 1575 593 1610 :
612 1560 672 1623 quod
684 1573 712 1610 ex
725 1561 768 1609 boc
784 1562 859 1622 patet,

66 1631 127 1694 qnbd
140 1632 164 1679 in
178 1631 240 1681 nullo
255 1631 396 1681 sensibilium
408 1632 525 1682 invenitur
535 1632 607 1683 solbm
620 1632 644 1681 id
655 1632 715 1695 quod
728 1632 756 1681 ad
770 1631 861 1681 relatio·

66 1716 120 1754 neni
132 1702 219 1765 speciei
229 1702 343 1766 pertinet,
357 1705 397 1754 sed
408 1705 562 1768 adjunguntur
573 1704 691 1769 principiis
704 1702 788 1767 speciei
798 1706 862 1767 prin-

16 1813 17 1846 ,
66 1773 127 1838 cipia
140 1773 314 1826 individuantia.
332 1777 427 1838 Oportet
439 1790 492 1839 ergo
505 1788 589 1839 ponere
602 1776 663 1840 ipsas
677 1772 765 1840 species
783 1788 823 1838 per
836 1788 861 1825 re

16 1849 17 1931 l
66 1846 192 1895 existentes
203 1849 245 1905 ,nt
255 1857 301 1909 per
311 1860 337 1895 ce
346 1848 484 1903 lomim,
497 1850 521 1897 et
531 1861 577 1910 per
586 1862 612 1895 ae
625 1862 734 1911 equom,
745 1849 769 1895 et
779 1844 862 1909 bajus·

63 1917 136 1967 modi,
149 1918 178 1967 nt
192 1918 241 1967 bec
257 1918 362 1967 dicuntur
369 1918 506 1982 exemplaria
516 1934 521 1967 :
532 1923 585 1969 sunt
601 1918 670 1981 igitur
681 1916 815 1981 exemplaria
826 1928 862 1966 res

66 1989 170 2052 quedam
184 1991 249 2038 entra
264 1989 344 2040 llenm.

98 2064 121 2109 t.
132 2060 254 2121 maereo,
262 2058 362 2110 scientie
372 2063 396 2109 et
404 2059 552 2110 diffinitiones
564 2062 617 2109 sunt
626 2060 653 2109 de
665 2057 721 2121 ipsis
733 2057 861 2121 speciebus,

66 2142 113 2180 non
128 2128 255 2180 secundbm
265 2129 327 2193 qnod
337 2135 391 2181 sunt
402 2130 428 2180 in
439 2129 619 2195 particularibus,
630 2130 682 2193 quia
694 2128 862 2192 particularium

65 2215 113 2252 non
128 2205 165 2251 est
172 2200 268 2251 scientia
275 2214 319 2251 nec
330 2201 435 2251 diffinitio
446 2200 489 2266 (3).
499 2204 559 2265 Ergo
569 2205 620 2251 sunt
630 2201 730 2264 quedam
742 2199 802 2249 entia
813 2212 863 2263 que

66 2275 122 2322 sunt
135 2272 199 2321 entia
214 2272 253 2321 rel
271 2273 360 2335 species
378 2271 461 2322 nonin
480 2272 643 2336 singularibus,
661 2274 685 2321 et
697 2272 745 2321 bec
759 2270 864 2321 dicuntur

66 2342 206 2407 exemplaria
221 2357 228 2390 ι
241 2356 294 2405 ergo
307 2342 369 2393 idem
382 2342 443 2407 qubd
453 2343 526 2407 priis.

101 2457 134 2522 (i)
150 2463 183 2507 lte
197 2461 234 2506 bis
246 2462 316 2509 etiam
329 2468 411 2518 quest.
431 2461 459 2520 7,
472 2462 500 2507 de
513 2468 616 2521 potent,
628 2466 671 2507 nrt.
685 2459 696 2505 1
713 2459 741 2507 ad
760 2460 786 2515 35
802 2466 827 2506 ut
840 2466 863 2506 et

66 2526 98 2570 11.
113 2522 146 2569 ud
162 2523 218 2568 Cor.
233 2525 273 2569 ΧΙ.

101 2591 134 2655 (ἢ)
152 2597 220 2640 Juxta
238 2594 330 2651 vulgare
346 2595 401 2640 illud
417 2608 446 2640 en
461 2594 586 2653 Porpbprio
600 2600 712 2651 sumptum
728 2594 751 2639 in
767 2596 863 2651 Isagoge

67 2670 123 2716 sua,
139 2669 192 2714 cap,
208 2656 236 2701 de
249 2658 325 2713 specie
337 2674 343 2700 ε
355 2659 441 2703 Omcco
451 2658 559 2704 dominer
572 2658 764 2715 participatione
775 2656 865 2714 speciei

67 2724 125 2765 me
138 2732 206 2763 unus
219 2719 288 2764 bocio
295 2736 304 2772 ,·
314 2720 396 2764 aiente
407 2720 523 2765 contrario
535 2721 578 2778 poi
589 2731 654 2763 cnut
667 2722 718 2764 erat
727 2722 750 2764 ct
759 2728 864 2763 commo-

67 2784 126 2831 nit,
140 2784 168 2841 fit
178 2784 208 2827 in
220 2782 362 2827 individuis
371 2783 471 2839 ploret,
484 2788 510 2828 ut
523 2783 609 2829 ibidem
624 2782 721 2827 additur.

101 2841 134 2904 (3)
149 2846 180 2889 nt
192 2844 271 2889 ridere
286 2850 322 2889 est
343 2845 386 2894 lib.
401 2848 413 2890 Ι
429 2846 531 2905 Postea„
550 2842 607 2891 tent.¹
625 2844 670 2905 to,
685 2844 734 2891 siro
752 2856 805 2900 cap.
819 2840 863 2899 25,

69 2912 182 2962 quamum
193 2906 223 2951 ad
236 2906 370 2959 scientiam
385 2913 448 2953 utet
464 2908 506 2953 lib.
526 2908 549 2954 11
562 2910 667 2959 Potior„
679 2912 736 2953 text.
758 2906 788 2951 td
795 2938 802 2965 ,
814 2903 863 2951 sito

16 2959 17 3026 3
69 2981 122 3027 cap.
132 2968 176 3031 tt,
191 2975 304 3027 qnantum
318 2969 346 3017 ed
357 2968 523 3017 dedmnoucrn.
