1992 3342
133 186 178 230 3⁰8
333 183 393 230 irus
409 195 433 240 r,
451 193 542 238 pomer.
560 194 615 242 ιιι,
640 193 693 228 uur.
713 193 731 231 1.

130 269 156 318 iu
174 271 221 320 ileo
232 269 262 320 eit
272 269 386 319 voluutas.
396 274 424 318 Ι*
440 269 521 319 Utrum
533 269 592 318 [leus
605 267 661 318 uelit
674 267 718 317 aliu
732 266 746 316 l
759 281 793 318 se.
810 273 836 316 3⁰
850 268 920 320 Utrim
962 287 963 294 ¹

130 338 239 404 quicquid
253 342 314 391 [leus
325 341 388 402 uult,
404 353 433 390 ex
450 339 584 390 ueoeeeitute
598 339 662 389 uelit.
684 342 709 388 4⁰
728 337 810 388 Utrdrm
826 340 925 390 uoluntas

132 411 174 461 llei
183 410 213 460 eil
223 423 292 460 causa
302 425 389 461 rerum.
405 416 432 460 5⁰
444 410 524 462 Utrum
538 410 661 462 voluntatis
672 410 756 460 diuino
773 411 924 474 praesignare

132 481 231 544 aliquam
244 495 344 532 caueam
365 488 392 532 6⁰
410 482 491 533 Utrdm
511 483 617 533 voluutas
635 481 713 532 dirim
729 495 820 546 semper
837 482 925 548 impler-

131 555 178 600 tur.
195 556 222 600 ΙΙ
237 552 317 602 Utrdm
329 553 436 606 uolumus
451 553 493 602 llei
505 553 534 603 sit
552 553 678 604 mutabilis.
696 558 722 602 8⁰
736 551 818 604 Utulm
827 554 926 604 uoluntas

130 621 172 671 Ilei
184 623 344 674 necomitatem
360 625 429 674 rebus
444 624 523 674 volitis
536 624 646 688 imponat.
665 629 691 673 90
706 623 787 674 Utrdm
805 624 830 672 in
844 627 892 676 beo
904 624 927 674 sil

130 692 236 744 uoluntas
248 694 367 744 mulorum.
377 699 418 744 1⁰⁰
430 694 511 746 Utrbm
522 697 582 746 lleus
595 696 678 745 hebeat
693 695 793 744 liberum
805 695 927 746 arbitrium.

132 767 174 812 11⁰
188 764 268 814 Uirium
281 764 312 814 sit
324 765 484 826 distinguenda
496 766 522 816 in
535 767 582 816 Deo
595 766 701 816 voluutas
713 764 782 828 sigui.
798 769 840 816 12⁰
852 767 927 817 Utrum

133 837 297 888 conuenienter
305 838 366 890 circu
373 839 472 890 diuinum
480 839 621 890 veluntatem
628 841 742 904 ponuntur
747 838 848 902 quinque
858 839 927 903 sigua.

433 981 592 1033 ARTlCULUS
612 984 631 1032 1.

369 1097 455 1141 Utrdm
468 1097 519 1140 Deo
533 1097 565 1140 sit
578 1097 696 1142 voluutas.

167 1213 201 1263 ld
213 1213 311 1277 primum
324 1212 357 1262 sio
368 1213 499 1276 proceditur
509 1212 552 1278 (Ι).
562 1213 657 1263 Videtur
668 1213 730 1276 qubd
740 1213 765 1262 in
778 1213 825 1264 lleo
841 1225 889 1266 nou
905 1213 931 1264 sit

135 1284 249 1334 voluutas.
264 1285 386 1348 objectum
398 1283 460 1333 euim
476 1285 599 1334 uoluntatis
613 1287 649 1334 est
664 1284 716 1334 buis
737 1288 760 1334 et
773 1285 874 1348 bouum;
895 1285 932 1335 sed

135 1354 177 1404 llei
188 1369 235 1406 uon
247 1359 283 1406 est
295 1354 409 1418 assignare
424 1354 524 1417 aliquem
539 1354 609 1404 finem
624 1370 629 1403 z
649 1367 703 1417 ergo
720 1354 830 1406 uoluntas
841 1358 932 1408 nonest

136 1427 162 1476 iu
177 1429 233 1478 lleo.

166 1504 190 1548 2.
197 1498 433 1560 murmuramus
443 1500 478 1546 est
486 1495 603 1559 appetitus
614 1495 720 1560 puidam3
733 1497 850 1560 appetitus
858 1501 932 1546 autem

136 1570 204 1634 (edm
214 1570 244 1618 sit
255 1569 289 1618 rei
302 1581 349 1618 uon
362 1566 459 1631 bubitae)
471 1567 669 1630 imperfectionem
681 1567 787 1629 designat
794 1605 802 1630 ‚
817 1582 869 1632 quae
887 1570 932 1618 Deo

136 1655 184 1692 uon
194 1640 318 1702 competit:
329 1652 384 1701 ergo
392 1638 499 1688 uoluntas
509 1651 556 1688 uon
568 1642 603 1688 est
613 1639 638 1688 in
648 1640 703 1689 lieo.

169 1717 192 1760 3.
207 1713 338 1774 Proterea,
356 1711 483 1760 secuuddm
501 1709 666 1774 Philosophum
684 1710 709 1759 'm
726 1711 778 1774 ΙΙΙ,
793 1711 826 1760 de
842 1712 936 1760 Anima

137 1784 203 1847 (text.
216 1782 266 1846 bt),
284 1783 390 1832 voluutas
400 1786 437 1832 est
448 1797 548 1831 moveor
558 1787 664 1832 motum.
681 1783 726 1832 Sed
742 1783 804 1832 oeus
818 1787 852 1834 est
867 1782 936 1846 upri-

137 1869 201 1904 mum
213 1867 308 1904 morene
324 1853 449 1917 immobile,
458 1871 471 1900 u
483 1857 509 1903 ut
521 1855 629 1918 pmbatur
640 1854 701 1917 Vlli,
717 1855 791 1914 Plus.
806 1855 872 1920 (text.
888 1854 937 1916 te).

139 1929 199 1991 Ersso
214 1928 239 1977 iu
252 1929 299 1978 lleo
312 1940 359 1976 non
371 1929 406 1975 est
418 1925 533 1976 voruntas.

169 2001 213 2051 Sed
224 2004 302 2050 eontra
315 2002 360 2061 est,
369 1998 431 2062 quod
444 1997 501 2047 dioit
512 1998 631 2062 Apostolus
647 1999 728 2052 Rom„
743 1997 802 2047 llll:
819 2017 833 2046 u
847 2001 878 2050 Ut
886 2011 940 2062 pro

138 2072 198 2124 betis
211 2086 262 2138 que
277 2071 307 2122 sit
319 2073 425 2122 voluutas
436 2070 479 2120 llei
489 2070 533 2134 (Ι).
544 2086 558 2117 u

171 2145 329 2208 (Goumusro.
344 2169 374 2179 -
397 2141 455 2192 cum
476 2141 583 2194 uoluntas
602 2140 748 2190 intellectum
770 2145 940 2204 consequatur,

139 2219 228 2279 oportet
239 2215 265 2263 iu
277 2217 324 2264 lleo
338 2214 480 2275 voluntatem
493 2226 558 2272 esse,
570 2211 624 2264 etun
634 2211 660 2260 iu
670 2225 698 2262 eo
709 2211 738 2262 sit
750 2210 908 2275 inteueous.)

171 2286 305 2350 despondeo
312 2284 475 2346 dicendumin
482 2285 530 2332 lleo
542 2284 683 2335 uoluntatem
694 2295 753 2345 esse,
765 2282 824 2332 siout
837 2286 862 2332 et
873 2282 898 2330 iu
912 2295 945 2330 eo

174 2401 205 2465 (Ι)
217 2407 250 2450 ru
260 2402 471 2460 urseuumoparm
480 2415 521 2458 qu.
531 2383 644 2462 re,'areu;
652 2409 676 2447 ur
684 2401 822 2461 mosem,
833 2402 888 2446 urst.
898 2399 946 2450 45.

142 2474 186 2512 art.
202 2466 212 2512 1
226 2483 232 2518 ;
248 2471 273 2510 et
285 2465 353 2511 Goot.
364 2467 443 2523 Geni„
452 2466 494 2512 lib.
509 2467 529 2524 1,
543 2478 595 2522 cup.
611 2465 642 2510 '12
655 2471 679 2510 et
689 2464 728 2524 73,
743 2461 793 2524 §23
808 2470 834 2508 et
843 2465 886 2508 lib.
898 2465 947 2516 IV,

141 2542 194 2586 oap.
207 2527 245 2586 19,
258 2529 303 2572 ool.
318 2527 347 2582 23
363 2534 387 2572 et
397 2533 479 2584 qurest.
494 2527 533 2586 23,
551 2528 580 2572 de
594 2528 661 2586 uerit,
674 2533 718 2572 art.
734 2526 761 2580 1;
778 2531 802 2571 et
816 2526 906 2583 Opino.
919 2525 947 2582 3,

141 2604 194 2648 cup.
206 2589 237 2635 32
250 2595 274 2634 et
287 2589 327 2633 35.

176 2659 208 2722 (2)
224 2661 316 2706 seilicet
328 2659 389 2705 douo
399 2665 421 2706 et
434 2661 588 2717 beneplacens
601 2664 623 2706 et
633 2660 751 2720 perfectu,
764 2663 790 2704 ut
803 2659 892 2704 ibidem
904 2658 951 2700 ud-

142 2725 203 2769 ditur
212 2736 273 2769 vers.
286 2723 316 2782 2,
329 2723 412 2772 Boou,
424 2730 491 2779 prout
503 2724 589 2767 bouum
606 2724 726 2768 honesturn
737 2721 785 2766 uult
797 2733 842 2766 uos
861 2719 924 2765 uelle
943 2733 948 2757 :

144 2787 312 2843 booeploeem,
325 2790 394 2843 prout
405 2786 461 2830 illud
472 2785 534 2842 qudd
548 2785 596 2830 vult
610 2797 652 2831 uos
666 2785 738 2842 velle,
753 2784 815 2829 bene
830 2780 955 2838 disposito

144 2849 281 2895 delectabile
296 2861 322 2894 oe
331 2848 457 2904 juouudum
467 2852 504 2892 est
516 2863 522 2891 ι
533 2848 657 2906 perfeeto,
668 2851 736 2904 prout
748 2844 788 2890 lini
802 2846 886 2890 ultimo
901 2855 954 2886 uos

146 2911 276 2968 conjungit,
291 2917 317 2955 ut
328 2910 428 2968 explieat
439 2911 462 2954 in
475 2921 529 2954 eum
540 2910 615 2954 locum
627 2913 651 2956 s.
665 2909 773 2955 Thomas.
