1992 3342
265 243 267 248 ,
311 189 345 232 nu
360 189 437 250 rouro
452 190 587 235 norom.
802 185 851 239 m

51 264 120 317 liberb
130 265 245 316 odbaerere
259 269 282 316 el
302 265 356 328 boio
373 269 397 317 el
409 267 527 331 opposito,
544 267 568 317 iu
581 267 617 318 bis
632 267 719 319 soilioel
733 283 784 332 quo
799 283 846 322 uon

52 337 182 390 naturaliter
194 339 254 402 vull;
271 339 311 390 sed
326 341 445 406 postquem
464 339 513 404 jour
526 339 633 403 adhesit,
648 339 793 392 immobiliter
805 342 845 391 arl-
913 382 917 385 .

52 413 130 462 borel.
142 411 170 460 El
181 409 231 461 ideo
241 410 357 461 monuerit
366 408 412 460 diei
423 409 483 474 qubd
495 427 509 457 «
516 409 613 460 liberum
623 411 847 477 urbiln'umbomiuis

51 481 148 533 flexibile
159 486 195 532 esl
209 483 236 532 ad
248 481 375 548 oppositum
387 486 412 532 ol
424 485 480 533 onio
492 481 626 534 oleelionom
639 479 663 534 el
675 488 738 549 post3
752 486 848 539 liberum

52 559 125 606 subm
140 553 257 604 arbitrium
272 554 357 618 angelis
370 558 406 604 esi
419 554 517 606 flexibile
537 555 566 608 ad
581 559 701 624 utrumque
717 559 847 627 opposilnm

53 631 104 678 onie
121 625 269 690 elusionem,
284 626 325 677 soll
341 639 388 678 nou
403 627 486 692 polesl.
506 642 521 675 u
533 627 571 678 Sir
588 627 657 693 igitur
670 630 761 684 ebboni
774 633 849 704 angeli

53 699 122 750 semel
135 698 273 748 robenntes
283 697 395 764 iustiliae,
409 704 461 749 suut
477 699 503 749 in
515 699 556 755 illu
570 699 707 763 conflrmali5
719 701 776 753 muli
792 703 848 754 verb

52 771 170 835 pereuntes
185 772 238 820 sunl
252 768 278 818 lb
290 773 383 834 pesculo
397 770 511 822 o'bslinali.
522 771 555 821 lle
574 772 725 836 obstinatione
740 775 795 826 verb
805 775 849 826 bo·

53 843 137 892 minum
151 843 307 910 bumbulorum
318 838 482 894 mollientur.
785 848 788 859 ¹

74 913 107 964 ll
119 913 216 979 primum
230 927 283 978 ergo
297 907 426 978 dicendum,
440 913 499 978 qubl
511 914 566 966 boni
578 918 602 966 el
614 916 669 966 mali
679 916 754 983 rugeli
763 916 851 972 hubent

51 986 147 1036 liberum
160 983 292 1048 arbitrium,
307 987 347 1044 seul
361 983 487 1039 seeundirm
499 987 590 1036 modum
600 989 623 1041 el
631 985 785 1045 conditionem
802 1003 850 1041 suae

52 1060 153 1120 nulurae,
170 1053 198 1107 ‘ul
210 1055 297 1108 dietum
311 1055 356 1108 esi.v
447 1069 450 1072 ·

84 1127 117 1177 ld
134 1127 254 1178 secunlum
278 1129 409 1192 dicendum,
431 1128 491 1194 qubd
513 1129 666 1180 misericordia
682 1128 726 1182 bei
740 1128 822 1182 liberat
839 1131 853 1182 'a

52 1199 145 1265 peeoelo
156 1199 309 1265 penitentem
319 1201 353 1251 lili
363 1195 416 1252 rerb
426 1200 465 1265 qui
474 1200 614 1266 prenitentiae
622 1213 772 1266 eapaoesnon
787 1207 850 1268 sunl,

52 1271 197 1322 immobiliter
210 1273 269 1323 melo
286 1275 434 1335 odbaeronles,
443 1286 485 1336 per
499 1271 600 1323 murum
614 1272 793 1325 misericordium
807 1289 852 1328 nou

52 1341 184 1392 liberentur.

91 1413 229 1464 Adlerlium
242 1411 371 1480 (licendum,
386 1415 446 1480 quod
461 1416 534 1466 ouibus
548 1418 626 1465 munet
636 1413 662 1465 in
675 1413 765 1466 diabolo
774 1429 854 1484 pereo·

56 1489 105 1536 lum
126 1497 171 1549 quo
188 1484 261 1549 primo
281 1487 383 1551 probavit
402 1491 512 1552 quantum
529 1487 557 1536 ad
576 1485 716 1552 appetitum,
734 1485 788 1540 licei
807 1501 853 1537 non

51 1559 161 1622 quonmm
173 1557 201 1607 ud
213 1558 258 1608 boo
269 1557 329 1621 quod
340 1559 418 1609 eredat
425 1573 449 1610 se
459 1572 526 1624 posse
535 1559 640 1610 oblinere
651 1574 658 1608 ε
670 1557 730 1609 rieul
740 1557 761 1610 sl
769 1559 853 1624 uliquis

51 1629 128 1680 eredat
140 1641 165 1678 se
184 1643 252 1692 posse
268 1630 349 1680 lucere
359 1629 517 1693 homicidium,
532 1634 556 1680 et
568 1630 624 1680 uelit
636 1629 724 1693 lacere,
736 1636 760 1680 el
772 1634 853 1696 postea

51 1700 162 1751 adimetur
172 1700 194 1750 o'i
205 1705 319 1765 potestas,
328 1701 477 1756 nibilominus
487 1700 593 1752 minutas
603 1700 720 1755 bomieldii
730 1702 754 1751 in
764 1716 792 1762 eo
801 1716 850 1753 mu-

52 1785 107 1823 nere
124 1775 213 1836 polest,
227 1777 253 1822 ni
266 1773 323 1824 uelit
335 1773 426 1839 lenisse,
437 1775 474 1829 vel
488 1772 544 1824 volit
556 1774 632 1824 lucere
643 1773 664 1823 si
677 1777 764 1838 posset.

84 1843 118 1894 ld
131 1848 237 1908 qourlum
247 1845 381 1909 (licendum,
391 1845 452 1911 quob
464 1859 512 1896 nou
525 1849 563 1896 esi
575 1848 623 1896 tolo
636 1857 705 1895 ceusu
719 1857 788 1913 quare
798 1850 858 1915 pee-'

50 1918 128 1965 culum
139 1913 239 1965 bominis
258 1917 288 1967 rit
304 1914 451 1980 remissibile,
466 1917 520 1982 quir
533 1916 577 1966 alio
592 1919 727 1980 suggerente
742 1917 853 1980 peomvil.

50 1988 80 2036 El
92 1986 144 2036 ideo
156 1986 214 2036 ratio
233 2001 278 2038 non
291 1989 400 2060 sequitur.

84 2057 118 2107 Ad
132 2058 387 2124 quinlrmuioenlum,
404 2059 464 2126 qubrl
483 2063 547 2110 aelus
565 2059 675 2110 demonis
691 2062 726 2110 esl
746 2060 848 2128 duplex:

49 2129 146 2195 quidum
157 2129 245 2182 scilieet
254 2143 283 2180 ex
290 2132 407 2182 voluntate
416 2131 541 2182 deliberata
551 2132 689 2197 procedens,
702 2134 725 2182 el
734 2130 755 2180 is
762 2129 853 2199 proprie

50 2205 128 2268 polest
138 2199 184 2251 (liri
195 2204 258 2253 aolus
272 2202 332 2267 ejus.
347 2203 375 2253 El
388 2202 439 2254 telis
454 2207 520 2254 aelus
530 2203 641 2254 demonis
656 2216 746 2267 semper
758 2206 795 2253 esl
805 2215 855 2256 ma-

50 2276 87 2325 lns
99 2289 105 2321 ε
119 2272 172 2337 quin
183 2271 228 2324 elsi
237 2273 358 2339 aliquando
370 2273 460 2340 aliquod
469 2273 639 2335 bononiensi,
651 2287 698 2326 uon
708 2277 786 2326 lamen
796 2275 855 2325 bene

50 2345 121 2408 lucil,
136 2343 195 2396 sicul
206 2345 260 2395 dum
273 2345 392 2396 venialem·
407 2345 462 2398 dieii
474 2349 500 2396 ul
517 2345 626 2410 decipiat,
640 2348 663 2395 el
682 2344 735 2396 ium
751 2359 798 2396 non
813 2357 856 2395 ro-

51 2415 151 2467 lurrluri'e
161 2415 232 2466 eredit
243 2420 265 2468 el
277 2417 409 2482 oonlilelur,
421 2417 461 2468 sed
471 2431 548 2467 rerum
557 2414 673 2467 euidentia
682 2419 781 2466 coactus.
792 2415 857 2466 llius

7 2529 8 2548 ,
51 2490 130 2538 erilem
142 2490 205 2538 ruins
218 2487 327 2539 demonis
338 2491 373 2539 esi
387 2489 511 2550 brionello,
524 2487 564 2552 qui
580 2489 655 2538 bonus
669 2499 719 2539 esse
732 2490 822 2559 potest,
834 2491 857 2541 el

7 2553 8 2604 l
52 2561 175 2611 ulleslulur
184 2560 280 2615 boniluli
294 2565 395 2624 nulnum,
405 2565 428 2612 el
442 2563 520 2616 lumen
531 2559 572 2611 leli
583 2558 705 2612 bouo‘aeiu
716 2557 817 2610 abutitur
828 2559 856 2609 od

52 2631 148 2682 malum.
453 2653 455 2658 ·
777 2628 780 2634 ’

324 2831 362 2876 r*
