<?xml version="1.0" encoding="UTF-8"?>
<!DOCTYPE html PUBLIC "-//W3C//DTD XHTML 1.0 Transitional//EN"
    "http://www.w3.org/TR/xhtml1/DTD/xhtml1-transitional.dtd">
<html xmlns="http://www.w3.org/1999/xhtml" xml:lang="en" lang="en">
 <head>
  <title>
</title>
<meta http-equiv="Content-Type" content="text/html;charset=utf-8" />
  <meta name='ocr-system' content='tesseract 3.04.00' />
  <meta name='ocr-capabilities' content='ocr_page ocr_carea ocr_par ocr_line ocrx_word'/>
</head>
<body>
  <div class='ocr_page' id='page_1' title='image "./summatheologica04nicogoog_0305.png"; bbox 0 0 1992 3342; ppageno 0'>
   <div class='ocr_carea' id='block_1_1' title="bbox 123 227 720 289">
    <p class='ocr_par' dir='ltr' id='par_1_1' title="bbox 123 227 720 289">
     <span class='ocr_line' id='line_1_1' title="bbox 123 227 720 289; baseline 0.002 -16"><span class='ocrx_word' id='word_1_1' title='bbox 123 227 169 274; x_wconf 70' lang='lat' dir='ltr'><strong>iot</strong></span> <span class='ocrx_word' id='word_1_2' title='bbox 317 239 377 276; x_wconf 78' lang='lat' dir='ltr'><strong>runs</strong></span> <span class='ocrx_word' id='word_1_3' title='bbox 393 239 415 289; x_wconf 90' lang='lat'><strong>1,</strong></span> <span class='ocrx_word' id='word_1_4' title='bbox 432 237 524 283; x_wconf 74' lang='lat' dir='ltr'><strong>oussr.</strong></span> <span class='ocrx_word' id='word_1_5' title='bbox 541 236 615 287; x_wconf 83' lang='lat' dir='ltr'><strong>xviri,</strong></span> <span class='ocrx_word' id='word_1_6' title='bbox 635 237 688 274; x_wconf 84' lang='lat' dir='ltr'><strong>rrr.</strong></span> <span class='ocrx_word' id='word_1_7' title='bbox 704 237 720 274; x_wconf 94' lang='grc' dir='ltr'><strong>ι.</strong></span> 
     </span>
    </p>
   </div>
   <div class='ocr_carea' id='block_1_2' title="bbox 63 313 927 2812">
    <p class='ocr_par' dir='ltr' id='par_1_2' title="bbox 118 313 918 738">
     <span class='ocr_line' id='line_1_2' title="bbox 120 313 917 379; baseline 0.003 -15"><span class='ocrx_word' id='word_1_8' title='bbox 120 327 170 378; x_wconf 77' lang='lat' dir='ltr'><strong>erp.</strong></span> <span class='ocrx_word' id='word_1_9' title='bbox 187 314 224 379; x_wconf 83' lang='lat'><strong>7).</strong></span> <span class='ocrx_word' id='word_1_10' title='bbox 249 317 279 366; x_wconf 86' lang='lat' dir='ltr'><strong>tlt</strong></span> <span class='ocrx_word' id='word_1_11' title='bbox 297 315 331 366; x_wconf 87' lang='lat' dir='ltr'><strong>sio</strong></span> <span class='ocrx_word' id='word_1_12' title='bbox 350 315 452 366; x_wconf 79' lang='lat' dir='ltr'><strong>virentia</strong></span> <span class='ocrx_word' id='word_1_13' title='bbox 473 314 577 365; x_wconf 80' lang='lat' dir='ltr'><strong>diorntm</strong></span> <span class='ocrx_word' id='word_1_14' title='bbox 596 327 740 377; x_wconf 66' lang='lat' dir='ltr'><strong>modusque</strong></span> <span class='ocrx_word' id='word_1_15' title='bbox 758 327 783 363; x_wconf 87' lang='lat' dir='ltr'><strong>se</strong></span> <span class='ocrx_word' id='word_1_16' title='bbox 803 317 875 376; x_wconf 85' lang='lat' dir='ltr'><strong>agunt</strong></span> <span class='ocrx_word' id='word_1_17' title='bbox 891 313 917 367; x_wconf 84' lang='lat' dir='ltr'><strong>ad</strong></span> 
     </span>
     <span class='ocr_line' id='line_1_3' title="bbox 122 385 917 452; baseline 0.004 -16"><span class='ocrx_word' id='word_1_18' title='bbox 122 390 212 442; x_wconf 87' lang='lat' dir='ltr'><strong>motum</strong></span> <span class='ocrx_word' id='word_1_19' title='bbox 223 389 261 438; x_wconf 80' lang='lat' dir='ltr'><strong>vel</strong></span> <span class='ocrx_word' id='word_1_20' title='bbox 278 388 431 452; x_wconf 72' lang='lat' dir='ltr'><strong>operationem</strong></span> <span class='ocrx_word' id='word_1_21' title='bbox 449 387 565 450; x_wconf 65' lang='lat' dir='ltr'><strong>aliquam</strong></span> <span class='ocrx_word' id='word_1_22' title='bbox 580 399 608 436; x_wconf 91' lang='lat' dir='ltr'><strong>ea</strong></span> <span class='ocrx_word' id='word_1_23' title='bbox 620 385 677 437; x_wconf 85' lang='lat' dir='ltr'><strong>uerd</strong></span> <span class='ocrx_word' id='word_1_24' title='bbox 689 387 713 436; x_wconf 90' lang='lat' dir='ltr'><strong>in</strong></span> <span class='ocrx_word' id='word_1_25' title='bbox 727 399 825 450; x_wconf 87' lang='lat' dir='ltr'><strong>quorum</strong></span> <span class='ocrx_word' id='word_1_26' title='bbox 837 390 917 439; x_wconf 88' lang='lat' dir='ltr'><strong>natura</strong></span> 
     </span>
     <span class='ocr_line' id='line_1_4' title="bbox 120 457 916 523; baseline 0.003 -16"><span class='ocrx_word' id='word_1_27' title='bbox 120 472 167 508; x_wconf 87' lang='lat' dir='ltr'><strong>non</strong></span> <span class='ocrx_word' id='word_1_28' title='bbox 186 463 222 509; x_wconf 87' lang='lat' dir='ltr'><strong>est</strong></span> <span class='ocrx_word' id='word_1_29' title='bbox 239 462 266 509; x_wconf 92' lang='lat' dir='ltr'><strong>nt</strong></span> <span class='ocrx_word' id='word_1_30' title='bbox 286 473 311 511; x_wconf 85' lang='lat' dir='ltr'><strong>se</strong></span> <span class='ocrx_word' id='word_1_31' title='bbox 328 464 399 523; x_wconf 72' lang='lat' dir='ltr'><strong>agant</strong></span> <span class='ocrx_word' id='word_1_32' title='bbox 418 460 447 509; x_wconf 91' lang='lat' dir='ltr'><strong>ad</strong></span> <span class='ocrx_word' id='word_1_33' title='bbox 466 459 564 522; x_wconf 80' lang='lat' dir='ltr'><strong>aliquem</strong></span> <span class='ocrx_word' id='word_1_34' title='bbox 584 461 671 508; x_wconf 90' lang='lat' dir='ltr'><strong>motum</strong></span> <span class='ocrx_word' id='word_1_35' title='bbox 688 459 726 508; x_wconf 80' lang='lat' dir='ltr'><strong>sol</strong></span> <span class='ocrx_word' id='word_1_36' title='bbox 744 457 916 523; x_wconf 78' lang='lat' dir='ltr'><strong>operationem,</strong></span> 
     </span>
     <span class='ocr_line' id='line_1_5' title="bbox 119 529 886 594; baseline -0.001 -13"><span class='ocrx_word' id='word_1_37' title='bbox 119 530 222 581; x_wconf 77' lang='lat' dir='ltr'><strong>virentis</strong></span> <span class='ocrx_word' id='word_1_38' title='bbox 233 531 279 582; x_wconf 85' lang='lat' dir='ltr'><strong>dici</strong></span> <span class='ocrx_word' id='word_1_39' title='bbox 289 545 336 582; x_wconf 89' lang='lat' dir='ltr'><strong>nou</strong></span> <span class='ocrx_word' id='word_1_40' title='bbox 349 534 458 594; x_wconf 65' lang='lat' dir='ltr'><strong>possid,</strong></span> <span class='ocrx_word' id='word_1_41' title='bbox 471 529 516 580; x_wconf 88' lang='lat' dir='ltr'><strong>uisi</strong></span> <span class='ocrx_word' id='word_1_42' title='bbox 531 543 573 594; x_wconf 90' lang='lat' dir='ltr'><strong>per</strong></span> <span class='ocrx_word' id='word_1_43' title='bbox 588 529 688 593; x_wconf 87' lang='lat' dir='ltr'><strong>aliquam</strong></span> <span class='ocrx_word' id='word_1_44' title='bbox 701 529 886 580; x_wconf 87' lang='lat' dir='ltr'><strong>similitudinem.</strong></span> 
     </span>
     <span class='ocr_line' id='line_1_6' title="bbox 151 599 918 666; baseline 0.001 -15"><span class='ocrx_word' id='word_1_45' title='bbox 151 603 184 651; x_wconf 78' lang='lat' dir='ltr'><strong>rid</strong></span> <span class='ocrx_word' id='word_1_46' title='bbox 196 602 295 664; x_wconf 90' lang='lat' dir='ltr'><strong>primum</strong></span> <span class='ocrx_word' id='word_1_47' title='bbox 308 616 363 664; x_wconf 78' lang='lat' dir='ltr'><strong>ergo</strong></span> <span class='ocrx_word' id='word_1_48' title='bbox 374 603 511 664; x_wconf 84' lang='lat' dir='ltr'><strong>dicendum,</strong></span> <span class='ocrx_word' id='word_1_49' title='bbox 523 601 584 666; x_wconf 81' lang='lat' dir='ltr'><strong>qudd</strong></span> <span class='ocrx_word' id='word_1_50' title='bbox 601 601 697 651; x_wconf 83' lang='lat' dir='ltr'><strong>verbum</strong></span> <span class='ocrx_word' id='word_1_51' title='bbox 711 599 767 650; x_wconf 92' lang='lat' dir='ltr'><strong>illud</strong></span> <span class='ocrx_word' id='word_1_52' title='bbox 786 599 918 666; x_wconf 80' lang='lat' dir='ltr'><strong>Philosophi</strong></span> 
     </span>
     <span class='ocr_line' id='line_1_7' title="bbox 118 672 918 738; baseline 0.003 -16"><span class='ocrx_word' id='word_1_53' title='bbox 118 676 194 736; x_wconf 84' lang='lat' dir='ltr'><strong>potest</strong></span> <span class='ocrx_word' id='word_1_54' title='bbox 213 672 312 736; x_wconf 76' lang='lat' dir='ltr'><strong>intelligi</strong></span> <span class='ocrx_word' id='word_1_55' title='bbox 327 675 364 722; x_wconf 82' lang='lat' dir='ltr'><strong>vel</strong></span> <span class='ocrx_word' id='word_1_56' title='bbox 384 674 412 724; x_wconf 86' lang='lat' dir='ltr'><strong>de</strong></span> <span class='ocrx_word' id='word_1_57' title='bbox 428 677 492 724; x_wconf 88' lang='lat' dir='ltr'><strong>motu</strong></span> <span class='ocrx_word' id='word_1_58' title='bbox 505 673 580 737; x_wconf 89' lang='lat' dir='ltr'><strong>primo</strong></span> <span class='ocrx_word' id='word_1_59' title='bbox 591 672 687 738; x_wconf 79' lang='lat' dir='ltr'><strong>(scilieet</strong></span> <span class='ocrx_word' id='word_1_60' title='bbox 699 685 820 735; x_wconf 87' lang='lat' dir='ltr'><strong>corporum</strong></span> <span class='ocrx_word' id='word_1_61' title='bbox 839 675 918 724; x_wconf 75' lang='lat' dir='ltr'><strong>ooeles</strong></span> 
     </span>
    </p>

    <p class='ocr_par' dir='ltr' id='par_1_3' title="bbox 63 744 920 1452">
     <span class='ocr_line' id='line_1_8' title="bbox 89 744 919 811; baseline 0.004 -19"><span class='ocrx_word' id='word_1_62' title='bbox 89 793 95 811; x_wconf 35' lang='lat' dir='ltr'><em>r</em></span> <span class='ocrx_word' id='word_1_63' title='bbox 118 744 241 807; x_wconf 79' lang='lat' dir='ltr'><strong>tium]‚vel</strong></span> <span class='ocrx_word' id='word_1_64' title='bbox 249 746 346 795; x_wconf 90' lang='lat' dir='ltr'><strong>demotn</strong></span> <span class='ocrx_word' id='word_1_65' title='bbox 359 745 520 795; x_wconf 82' lang='lat' dir='ltr'><strong>communiter.</strong></span> <span class='ocrx_word' id='word_1_66' title='bbox 532 747 561 795; x_wconf 84' lang='lat' dir='ltr'><strong>llt</strong></span> <span class='ocrx_word' id='word_1_67' title='bbox 569 747 665 808; x_wconf 84' lang='lat' dir='ltr'><strong>utroque</strong></span> <span class='ocrx_word' id='word_1_68' title='bbox 674 744 742 794; x_wconf 91' lang='lat' dir='ltr'><strong>modo</strong></span> <span class='ocrx_word' id='word_1_69' title='bbox 752 744 919 795; x_wconf 88' lang='lat' dir='ltr'><strong>motusdioitur</strong></span> 
     </span>
     <span class='ocr_line' id='line_1_9' title="bbox 63 813 917 879; baseline 0.004 -16"><span class='ocrx_word' id='word_1_70' title='bbox 63 818 86 838; x_wconf 50' lang='lat'><strong>³*</strong></span> <span class='ocrx_word' id='word_1_71' title='bbox 119 814 186 878; x_wconf 87' lang='lat' dir='ltr'><strong>qnasi</strong></span> <span class='ocrx_word' id='word_1_72' title='bbox 196 814 245 864; x_wconf 84' lang='lat' dir='ltr'><strong>vita</strong></span> <span class='ocrx_word' id='word_1_73' title='bbox 261 829 382 879; x_wconf 83' lang='lat' dir='ltr'><strong>corporum</strong></span> <span class='ocrx_word' id='word_1_74' title='bbox 400 816 552 878; x_wconf 70' lang='lat' dir='ltr'><strong>naturalium,</strong></span> <span class='ocrx_word' id='word_1_75' title='bbox 571 828 614 879; x_wconf 92' lang='lat' dir='ltr'><strong>per</strong></span> <span class='ocrx_word' id='word_1_76' title='bbox 628 813 816 876; x_wconf 86' lang='lat' dir='ltr'><strong>similitudinem,</strong></span> <span class='ocrx_word' id='word_1_77' title='bbox 833 818 862 864; x_wconf 89' lang='lat' dir='ltr'><strong>et</strong></span> <span class='ocrx_word' id='word_1_78' title='bbox 872 830 917 866; x_wconf 90' lang='lat' dir='ltr'><strong>uon</strong></span> 
     </span>
     <span class='ocr_line' id='line_1_10' title="bbox 118 887 919 952; baseline 0.001 -16"><span class='ocrx_word' id='word_1_79' title='bbox 118 900 160 950; x_wconf 88' lang='lat' dir='ltr'><strong>per</strong></span> <span class='ocrx_word' id='word_1_80' title='bbox 173 887 338 952; x_wconf 81' lang='lat' dir='ltr'><strong>proprietatem</strong></span> <span class='ocrx_word' id='word_1_81' title='bbox 351 904 356 937; x_wconf 74' lang='grc' dir='ltr'>ι</span> <span class='ocrx_word' id='word_1_82' title='bbox 369 901 423 939; x_wconf 87' lang='lat' dir='ltr'><strong>nam</strong></span> <span class='ocrx_word' id='word_1_83' title='bbox 434 892 510 938; x_wconf 87' lang='lat' dir='ltr'><strong>motus</strong></span> <span class='ocrx_word' id='word_1_84' title='bbox 523 887 575 938; x_wconf 85' lang='lat' dir='ltr'><strong>ooeli</strong></span> <span class='ocrx_word' id='word_1_85' title='bbox 593 891 629 938; x_wconf 91' lang='lat' dir='ltr'><strong>est</strong></span> <span class='ocrx_word' id='word_1_86' title='bbox 646 887 671 936; x_wconf 92' lang='lat' dir='ltr'><strong>in</strong></span> <span class='ocrx_word' id='word_1_87' title='bbox 689 887 796 936; x_wconf 85' lang='lat' dir='ltr'><strong>uniuerso</strong></span> <span class='ocrx_word' id='word_1_88' title='bbox 813 899 919 950; x_wconf 80' lang='lat' dir='ltr'><strong>corpora·</strong></span> 
     </span>
     <span class='ocr_line' id='line_1_11' title="bbox 118 957 918 1022; baseline 0.003 -16"><span class='ocrx_word' id='word_1_89' title='bbox 118 957 175 1007; x_wconf 93' lang='lat' dir='ltr'><strong>lium</strong></span> <span class='ocrx_word' id='word_1_90' title='bbox 191 963 335 1022; x_wconf 89' lang='lat' dir='ltr'><strong>naturarum,</strong></span> <span class='ocrx_word' id='word_1_91' title='bbox 352 961 411 1010; x_wconf 78' lang='lat' dir='ltr'><strong>dont</strong></span> <span class='ocrx_word' id='word_1_92' title='bbox 421 963 496 1010; x_wconf 87' lang='lat' dir='ltr'><strong>motus</strong></span> <span class='ocrx_word' id='word_1_93' title='bbox 510 959 584 1010; x_wconf 81' lang='lat' dir='ltr'><strong>cordis</strong></span> <span class='ocrx_word' id='word_1_94' title='bbox 597 958 623 1008; x_wconf 91' lang='lat' dir='ltr'><strong>in</strong></span> <span class='ocrx_word' id='word_1_95' title='bbox 636 957 742 1020; x_wconf 88' lang='lat' dir='ltr'><strong>animali,</strong></span> <span class='ocrx_word' id='word_1_96' title='bbox 761 970 807 1020; x_wconf 87' lang='lat' dir='ltr'><strong>quo</strong></span> <span class='ocrx_word' id='word_1_97' title='bbox 827 971 918 1008; x_wconf 83' lang='lat' dir='ltr'><strong>conser-</strong></span> 
     </span>
     <span class='ocr_line' id='line_1_12' title="bbox 118 1029 918 1094; baseline 0.003 -16"><span class='ocrx_word' id='word_1_98' title='bbox 118 1033 184 1078; x_wconf 81' lang='lat' dir='ltr'><strong>vatur</strong></span> <span class='ocrx_word' id='word_1_99' title='bbox 202 1029 259 1080; x_wconf 80' lang='lat' dir='ltr'><strong>sita.</strong></span> <span class='ocrx_word' id='word_1_100' title='bbox 278 1030 387 1081; x_wconf 87' lang='lat' dir='ltr'><strong>Similiter</strong></span> <span class='ocrx_word' id='word_1_101' title='bbox 407 1031 477 1081; x_wconf 92' lang='lat' dir='ltr'><strong>etiam</strong></span> <span class='ocrx_word' id='word_1_102' title='bbox 497 1030 628 1094; x_wconf 83' lang='lat' dir='ltr'><strong>quicunque</strong></span> <span class='ocrx_word' id='word_1_103' title='bbox 645 1033 721 1080; x_wconf 87' lang='lat' dir='ltr'><strong>motus</strong></span> <span class='ocrx_word' id='word_1_104' title='bbox 743 1029 855 1080; x_wconf 85' lang='lat' dir='ltr'><strong>naturalis</strong></span> <span class='ocrx_word' id='word_1_105' title='bbox 876 1031 918 1080; x_wconf 88' lang='lat' dir='ltr'><strong>hoo</strong></span> 
     </span>
     <span class='ocr_line' id='line_1_13' title="bbox 119 1099 920 1165; baseline 0 -16"><span class='ocrx_word' id='word_1_106' title='bbox 119 1101 186 1151; x_wconf 93' lang='lat' dir='ltr'><strong>modo</strong></span> <span class='ocrx_word' id='word_1_107' title='bbox 195 1115 220 1151; x_wconf 89' lang='lat' dir='ltr'><strong>se</strong></span> <span class='ocrx_word' id='word_1_108' title='bbox 229 1102 299 1152; x_wconf 85' lang='lat' dir='ltr'><strong>habet</strong></span> <span class='ocrx_word' id='word_1_109' title='bbox 310 1104 339 1154; x_wconf 89' lang='lat' dir='ltr'><strong>ad</strong></span> <span class='ocrx_word' id='word_1_110' title='bbox 349 1117 386 1153; x_wconf 92' lang='lat' dir='ltr'><strong>res</strong></span> <span class='ocrx_word' id='word_1_111' title='bbox 395 1102 526 1164; x_wconf 82' lang='lat' dir='ltr'><strong>naturales,</strong></span> <span class='ocrx_word' id='word_1_112' title='bbox 538 1106 564 1150; x_wconf 86' lang='lat' dir='ltr'><strong>ni</strong></span> <span class='ocrx_word' id='word_1_113' title='bbox 578 1102 684 1165; x_wconf 77' lang='lat' dir='ltr'><strong>quadam</strong></span> <span class='ocrx_word' id='word_1_114' title='bbox 700 1099 826 1156; x_wconf 78' lang='lat' dir='ltr'><strong>similitudo</strong></span> <span class='ocrx_word' id='word_1_115' title='bbox 844 1099 920 1151; x_wconf 82' lang='lat' dir='ltr'><strong>vitalis</strong></span> 
     </span>
     <span class='ocr_line' id='line_1_14' title="bbox 119 1172 918 1237; baseline 0.003 -17"><span class='ocrx_word' id='word_1_116' title='bbox 119 1172 258 1235; x_wconf 83' lang='lat' dir='ltr'><strong>operationis</strong></span> <span class='ocrx_word' id='word_1_117' title='bbox 271 1189 277 1222; x_wconf 77' lang='grc' dir='ltr'>ι</span> <span class='ocrx_word' id='word_1_118' title='bbox 290 1175 351 1224; x_wconf 88' lang='lat' dir='ltr'><strong>unde</strong></span> <span class='ocrx_word' id='word_1_119' title='bbox 366 1173 387 1224; x_wconf 86' lang='lat' dir='ltr'><strong>si</strong></span> <span class='ocrx_word' id='word_1_120' title='bbox 400 1176 474 1223; x_wconf 92' lang='lat' dir='ltr'><strong>totum</strong></span> <span class='ocrx_word' id='word_1_121' title='bbox 489 1173 623 1223; x_wconf 83' lang='lat' dir='ltr'><strong>uniuersum</strong></span> <span class='ocrx_word' id='word_1_122' title='bbox 637 1172 753 1237; x_wconf 86' lang='lat' dir='ltr'><strong>corporale</strong></span> <span class='ocrx_word' id='word_1_123' title='bbox 767 1176 829 1221; x_wconf 88' lang='lat' dir='ltr'><strong>esset</strong></span> <span class='ocrx_word' id='word_1_124' title='bbox 847 1187 918 1222; x_wconf 77' lang='lat' dir='ltr'><strong>uniam</strong></span> 
     </span>
     <span class='ocr_line' id='line_1_15' title="bbox 119 1241 919 1309; baseline 0 -18"><span class='ocrx_word' id='word_1_125' title='bbox 119 1241 202 1292; x_wconf 89' lang='lat' dir='ltr'><strong>animal</strong></span> <span class='ocrx_word' id='word_1_126' title='bbox 211 1281 219 1307; x_wconf 91' lang='lat'><em>‚</em></span> <span class='ocrx_word' id='word_1_127' title='bbox 237 1243 270 1294; x_wconf 91' lang='lat' dir='ltr'><strong>ita</strong></span> <span class='ocrx_word' id='word_1_128' title='bbox 285 1243 347 1309; x_wconf 84' lang='lat' dir='ltr'><strong>quod</strong></span> <span class='ocrx_word' id='word_1_129' title='bbox 366 1245 409 1295; x_wconf 88' lang='lat' dir='ltr'><strong>isle</strong></span> <span class='ocrx_word' id='word_1_130' title='bbox 423 1247 498 1295; x_wconf 87' lang='lat' dir='ltr'><strong>motus</strong></span> <span class='ocrx_word' id='word_1_131' title='bbox 514 1248 575 1295; x_wconf 86' lang='lat' dir='ltr'><strong>esset</strong></span> <span class='ocrx_word' id='word_1_132' title='bbox 592 1244 607 1294; x_wconf 79' lang='lat' dir='ltr'><strong>i</strong></span> <span class='ocrx_word' id='word_1_133' title='bbox 623 1248 731 1294; x_wconf 82' lang='lat' dir='ltr'><strong>movente</strong></span> <span class='ocrx_word' id='word_1_134' title='bbox 741 1242 870 1293; x_wconf 81' lang='lat' dir='ltr'><strong>intrinseco</strong></span> <span class='ocrx_word' id='word_1_135' title='bbox 881 1243 919 1307; x_wconf 87' lang='lat' dir='ltr'><strong>(ut</strong></span> 
     </span>
     <span class='ocr_line' id='line_1_16' title="bbox 119 1315 918 1382; baseline 0.001 -19"><span class='ocrx_word' id='word_1_136' title='bbox 119 1315 212 1379; x_wconf 84' lang='lat' dir='ltr'><strong>qnidam</strong></span> <span class='ocrx_word' id='word_1_137' title='bbox 225 1317 370 1382; x_wconf 83' lang='lat' dir='ltr'><strong>posuerunt),</strong></span> <span class='ocrx_word' id='word_1_138' title='bbox 382 1320 515 1379; x_wconf 79' lang='lat' dir='ltr'><strong>sequeretur</strong></span> <span class='ocrx_word' id='word_1_139' title='bbox 524 1317 584 1379; x_wconf 86' lang='lat' dir='ltr'><strong>qndd</strong></span> <span class='ocrx_word' id='word_1_140' title='bbox 596 1319 671 1366; x_wconf 88' lang='lat' dir='ltr'><strong>motus</strong></span> <span class='ocrx_word' id='word_1_141' title='bbox 679 1319 741 1366; x_wconf 86' lang='lat' dir='ltr'><strong>esset</strong></span> <span class='ocrx_word' id='word_1_142' title='bbox 752 1315 800 1364; x_wconf 84' lang='lat' dir='ltr'><strong>vita</strong></span> <span class='ocrx_word' id='word_1_143' title='bbox 814 1315 918 1364; x_wconf 87' lang='lat' dir='ltr'><strong>omniun</strong></span> 
     </span>
     <span class='ocr_line' id='line_1_17' title="bbox 118 1385 399 1452; baseline 0 -16"><span class='ocrx_word' id='word_1_144' title='bbox 118 1385 257 1437; x_wconf 84' lang='lat' dir='ltr'><strong>naturalium</strong></span> <span class='ocrx_word' id='word_1_145' title='bbox 271 1401 399 1452; x_wconf 87' lang='lat' dir='ltr'><strong>eorporum.</strong></span> 
     </span>
    </p>

    <p class='ocr_par' dir='ltr' id='par_1_4' title="bbox 113 1458 925 2313">
     <span class='ocr_line' id='line_1_18' title="bbox 149 1458 918 1523; baseline -0.003 -13"><span class='ocrx_word' id='word_1_146' title='bbox 149 1460 184 1510; x_wconf 81' lang='lat' dir='ltr'><strong>dd</strong></span> <span class='ocrx_word' id='word_1_147' title='bbox 202 1461 328 1510; x_wconf 80' lang='lat' dir='ltr'><strong>secundnm</strong></span> <span class='ocrx_word' id='word_1_148' title='bbox 347 1458 487 1521; x_wconf 83' lang='lat' dir='ltr'><strong>dicendum,</strong></span> <span class='ocrx_word' id='word_1_149' title='bbox 504 1458 564 1522; x_wconf 81' lang='lat' dir='ltr'><strong>quod</strong></span> <span class='ocrx_word' id='word_1_150' title='bbox 585 1459 716 1523; x_wconf 79' lang='lat' dir='ltr'><strong>emporibus</strong></span> <span class='ocrx_word' id='word_1_151' title='bbox 726 1458 836 1522; x_wconf 62' lang='lat' dir='ltr'><strong>pauidus</strong></span> <span class='ocrx_word' id='word_1_152' title='bbox 849 1463 874 1510; x_wconf 84' lang='lat' dir='ltr'><strong>et</strong></span> <span class='ocrx_word' id='word_1_153' title='bbox 887 1460 918 1508; x_wconf 83' lang='lat' dir='ltr'><strong>le·</strong></span> 
     </span>
     <span class='ocr_line' id='line_1_19' title="bbox 118 1529 925 1595; baseline -0.002 -15"><span class='ocrx_word' id='word_1_154' title='bbox 118 1531 185 1581; x_wconf 70' lang='lat' dir='ltr'><strong>vilem</strong></span> <span class='ocrx_word' id='word_1_155' title='bbox 201 1546 248 1581; x_wconf 91' lang='lat' dir='ltr'><strong>uon</strong></span> <span class='ocrx_word' id='word_1_156' title='bbox 266 1531 374 1595; x_wconf 81' lang='lat' dir='ltr'><strong>competit</strong></span> <span class='ocrx_word' id='word_1_157' title='bbox 389 1531 478 1582; x_wconf 86' lang='lat' dir='ltr'><strong>moveri</strong></span> <span class='ocrx_word' id='word_1_158' title='bbox 498 1531 544 1582; x_wconf 90' lang='lat' dir='ltr'><strong>nisi</strong></span> <span class='ocrx_word' id='word_1_159' title='bbox 563 1531 688 1582; x_wconf 84' lang='lat' dir='ltr'><strong>senunddm</strong></span> <span class='ocrx_word' id='word_1_160' title='bbox 708 1529 768 1594; x_wconf 88' lang='lat' dir='ltr'><strong>qudd</strong></span> <span class='ocrx_word' id='word_1_161' title='bbox 787 1534 843 1581; x_wconf 87' lang='lat' dir='ltr'><strong>sunt</strong></span> <span class='ocrx_word' id='word_1_162' title='bbox 859 1537 925 1582; x_wconf 85' lang='lat' dir='ltr'><strong>extra</strong></span> 
     </span>
     <span class='ocr_line' id='line_1_20' title="bbox 117 1601 919 1668; baseline 0.001 -17"><span class='ocrx_word' id='word_1_163' title='bbox 117 1602 290 1665; x_wconf 82' lang='lat' dir='ltr'><strong>dispositionem</strong></span> <span class='ocrx_word' id='word_1_164' title='bbox 301 1616 348 1652; x_wconf 78' lang='lat' dir='ltr'><strong>suae</strong></span> <span class='ocrx_word' id='word_1_165' title='bbox 364 1607 468 1666; x_wconf 79' lang='lat' dir='ltr'><strong>natura,</strong></span> <span class='ocrx_word' id='word_1_166' title='bbox 482 1602 560 1668; x_wconf 75' lang='lat' dir='ltr'><strong>utpote</strong></span> <span class='ocrx_word' id='word_1_167' title='bbox 572 1602 625 1652; x_wconf 83' lang='lat' dir='ltr'><strong>edm</strong></span> <span class='ocrx_word' id='word_1_168' title='bbox 636 1606 690 1652; x_wconf 89' lang='lat' dir='ltr'><strong>sunt</strong></span> <span class='ocrx_word' id='word_1_169' title='bbox 700 1606 763 1652; x_wconf 82' lang='lat' dir='ltr'><strong>extra</strong></span> <span class='ocrx_word' id='word_1_170' title='bbox 777 1601 854 1654; x_wconf 82' lang='lat' dir='ltr'><strong>locum</strong></span> <span class='ocrx_word' id='word_1_171' title='bbox 867 1617 919 1668; x_wconf 92' lang='lat' dir='ltr'><strong>pro-</strong></span> 
     </span>
     <span class='ocr_line' id='line_1_21' title="bbox 117 1672 917 1740; baseline 0.001 -19"><span class='ocrx_word' id='word_1_172' title='bbox 117 1672 206 1735; x_wconf 80' lang='lat' dir='ltr'><strong>prium3</strong></span> <span class='ocrx_word' id='word_1_173' title='bbox 217 1672 269 1721; x_wconf 83' lang='lat' dir='ltr'><strong>oiim</strong></span> <span class='ocrx_word' id='word_1_174' title='bbox 278 1673 341 1722; x_wconf 91' lang='lat' dir='ltr'><strong>enim</strong></span> <span class='ocrx_word' id='word_1_175' title='bbox 349 1677 402 1724; x_wconf 89' lang='lat' dir='ltr'><strong>sunt</strong></span> <span class='ocrx_word' id='word_1_176' title='bbox 413 1675 438 1723; x_wconf 92' lang='lat' dir='ltr'><strong>in</strong></span> <span class='ocrx_word' id='word_1_177' title='bbox 450 1675 500 1726; x_wconf 89' lang='lat' dir='ltr'><strong>loeo</strong></span> <span class='ocrx_word' id='word_1_178' title='bbox 511 1673 605 1740; x_wconf 88' lang='lat' dir='ltr'><strong>proprio</strong></span> <span class='ocrx_word' id='word_1_179' title='bbox 618 1677 642 1724; x_wconf 90' lang='lat' dir='ltr'><strong>et</strong></span> <span class='ocrx_word' id='word_1_180' title='bbox 658 1674 763 1737; x_wconf 83' lang='lat' dir='ltr'><strong>naturali,</strong></span> <span class='ocrx_word' id='word_1_181' title='bbox 776 1672 900 1738; x_wconf 85' lang='lat' dir='ltr'><strong>quieseunt</strong></span> <span class='ocrx_word' id='word_1_182' title='bbox 912 1690 917 1722; x_wconf 93' lang='lat'>:</span> 
     </span>
     <span class='ocr_line' id='line_1_22' title="bbox 118 1744 919 1810; baseline 0.001 -17"><span class='ocrx_word' id='word_1_183' title='bbox 118 1744 158 1793; x_wconf 91' lang='lat' dir='ltr'><strong>sed</strong></span> <span class='ocrx_word' id='word_1_184' title='bbox 168 1744 252 1807; x_wconf 76' lang='lat' dir='ltr'><strong>planta</strong></span> <span class='ocrx_word' id='word_1_185' title='bbox 265 1749 289 1796; x_wconf 92' lang='lat' dir='ltr'><strong>et</strong></span> <span class='ocrx_word' id='word_1_186' title='bbox 301 1746 352 1796; x_wconf 81' lang='lat' dir='ltr'><strong>aliae</strong></span> <span class='ocrx_word' id='word_1_187' title='bbox 364 1758 402 1795; x_wconf 85' lang='lat' dir='ltr'><strong>res</strong></span> <span class='ocrx_word' id='word_1_188' title='bbox 413 1745 529 1810; x_wconf 83' lang='lat' dir='ltr'><strong>uiuentes,</strong></span> <span class='ocrx_word' id='word_1_189' title='bbox 543 1749 665 1796; x_wconf 81' lang='lat' dir='ltr'><strong>mouentur</strong></span> <span class='ocrx_word' id='word_1_190' title='bbox 674 1749 737 1796; x_wconf 85' lang='lat' dir='ltr'><strong>motu</strong></span> <span class='ocrx_word' id='word_1_191' title='bbox 746 1745 821 1809; x_wconf 87' lang='lat' dir='ltr'><strong>uitali,</strong></span> <span class='ocrx_word' id='word_1_192' title='bbox 834 1760 919 1797; x_wconf 83' lang='lat' dir='ltr'><strong>secun-</strong></span> 
     </span>
     <span class='ocr_line' id='line_1_23' title="bbox 117 1813 918 1883; baseline 0.001 -18"><span class='ocrx_word' id='word_1_193' title='bbox 117 1813 171 1865; x_wconf 85' lang='lat' dir='ltr'><strong>ddm</strong></span> <span class='ocrx_word' id='word_1_194' title='bbox 180 1817 224 1866; x_wconf 83' lang='lat' dir='ltr'><strong>hos</strong></span> <span class='ocrx_word' id='word_1_195' title='bbox 232 1816 293 1880; x_wconf 79' lang='lat' dir='ltr'><strong>qnod</strong></span> <span class='ocrx_word' id='word_1_196' title='bbox 303 1817 393 1867; x_wconf 87' lang='lat' dir='ltr'><strong>suntin</strong></span> <span class='ocrx_word' id='word_1_197' title='bbox 406 1832 447 1868; x_wconf 89' lang='lat' dir='ltr'><strong>sua</strong></span> <span class='ocrx_word' id='word_1_198' title='bbox 458 1819 605 1883; x_wconf 73' lang='lat' dir='ltr'><strong>dispositione</strong></span> <span class='ocrx_word' id='word_1_199' title='bbox 620 1817 728 1882; x_wconf 77' lang='lat' dir='ltr'><strong>naturali,</strong></span> <span class='ocrx_word' id='word_1_200' title='bbox 741 1831 789 1868; x_wconf 90' lang='lat' dir='ltr'><strong>non</strong></span> <span class='ocrx_word' id='word_1_201' title='bbox 803 1821 883 1868; x_wconf 86' lang='lat' dir='ltr'><strong>autem</strong></span> <span class='ocrx_word' id='word_1_202' title='bbox 894 1819 918 1867; x_wconf 92' lang='lat' dir='ltr'><strong>in</strong></span> 
     </span>
     <span class='ocr_line' id='line_1_24' title="bbox 117 1887 918 1954; baseline 0.004 -17"><span class='ocrx_word' id='word_1_203' title='bbox 117 1887 246 1939; x_wconf 87' lang='lat' dir='ltr'><strong>aooedendo</strong></span> <span class='ocrx_word' id='word_1_204' title='bbox 257 1889 286 1939; x_wconf 90' lang='lat' dir='ltr'><strong>ad</strong></span> <span class='ocrx_word' id='word_1_205' title='bbox 298 1902 364 1953; x_wconf 84' lang='lat' dir='ltr'><strong>eam,</strong></span> <span class='ocrx_word' id='word_1_206' title='bbox 378 1891 416 1940; x_wconf 80' lang='lat' dir='ltr'><strong>rel</strong></span> <span class='ocrx_word' id='word_1_207' title='bbox 434 1890 459 1939; x_wconf 89' lang='lat' dir='ltr'><strong>in</strong></span> <span class='ocrx_word' id='word_1_208' title='bbox 474 1892 603 1942; x_wconf 81' lang='lat' dir='ltr'><strong>resedendo</strong></span> <span class='ocrx_word' id='word_1_209' title='bbox 621 1891 649 1940; x_wconf 84' lang='lat' dir='ltr'><strong>ab</strong></span> <span class='ocrx_word' id='word_1_210' title='bbox 663 1903 708 1954; x_wconf 82' lang='lat' dir='ltr'><strong>ea3</strong></span> <span class='ocrx_word' id='word_1_211' title='bbox 725 1889 773 1940; x_wconf 89' lang='lat' dir='ltr'><strong>imd</strong></span> <span class='ocrx_word' id='word_1_212' title='bbox 790 1891 918 1940; x_wconf 77' lang='lat' dir='ltr'><strong>secundnm</strong></span> 
     </span>
     <span class='ocr_line' id='line_1_25' title="bbox 116 1957 918 2026; baseline -0.001 -16"><span class='ocrx_word' id='word_1_213' title='bbox 116 1957 177 2022; x_wconf 81' lang='lat' dir='ltr'><strong>qnod</strong></span> <span class='ocrx_word' id='word_1_214' title='bbox 187 1961 300 2012; x_wconf 79' lang='lat' dir='ltr'><strong>moednnt</strong></span> <span class='ocrx_word' id='word_1_215' title='bbox 309 1961 371 2012; x_wconf 83' lang='lat' dir='ltr'><strong>itali</strong></span> <span class='ocrx_word' id='word_1_216' title='bbox 380 1966 452 2026; x_wconf 85' lang='lat' dir='ltr'><strong>moin,</strong></span> <span class='ocrx_word' id='word_1_217' title='bbox 460 1965 572 2012; x_wconf 85' lang='lat' dir='ltr'><strong>recedunt</strong></span> <span class='ocrx_word' id='word_1_218' title='bbox 584 1962 598 2012; x_wconf 81' lang='lat' dir='ltr'><strong>i</strong></span> <span class='ocrx_word' id='word_1_219' title='bbox 611 1963 709 2012; x_wconf 87' lang='lat' dir='ltr'><strong>naturali</strong></span> <span class='ocrx_word' id='word_1_220' title='bbox 720 1961 879 2024; x_wconf 84' lang='lat' dir='ltr'><strong>dispositione.</strong></span> <span class='ocrx_word' id='word_1_221' title='bbox 889 1965 918 2011; x_wconf 85' lang='lat' dir='ltr'><strong>Et</strong></span> 
     </span>
     <span class='ocr_line' id='line_1_26' title="bbox 116 2032 920 2098; baseline 0 -16"><span class='ocrx_word' id='word_1_222' title='bbox 116 2035 227 2094; x_wconf 70' lang='lat' dir='ltr'><strong>praemrea</strong></span> <span class='ocrx_word' id='word_1_223' title='bbox 241 2047 337 2098; x_wconf 83' lang='lat' dir='ltr'><strong>corpora</strong></span> <span class='ocrx_word' id='word_1_224' title='bbox 350 2032 428 2095; x_wconf 74' lang='lat' dir='ltr'><strong>gravia</strong></span> <span class='ocrx_word' id='word_1_225' title='bbox 444 2037 468 2084; x_wconf 90' lang='lat' dir='ltr'><strong>et</strong></span> <span class='ocrx_word' id='word_1_226' title='bbox 485 2033 546 2084; x_wconf 89' lang='lat' dir='ltr'><strong>levia</strong></span> <span class='ocrx_word' id='word_1_227' title='bbox 559 2037 680 2084; x_wconf 83' lang='lat' dir='ltr'><strong>moventur</strong></span> <span class='ocrx_word' id='word_1_228' title='bbox 696 2033 710 2082; x_wconf 82' lang='lat' dir='ltr'><strong>d</strong></span> <span class='ocrx_word' id='word_1_229' title='bbox 725 2036 812 2083; x_wconf 89' lang='lat' dir='ltr'><strong>motore</strong></span> <span class='ocrx_word' id='word_1_230' title='bbox 829 2033 920 2082; x_wconf 83' lang='lat' dir='ltr'><strong>extrin-</strong></span> 
     </span>
     <span class='ocr_line' id='line_1_27' title="bbox 113 2105 915 2170; baseline -0.001 -16"><span class='ocrx_word' id='word_1_231' title='bbox 113 2117 175 2166; x_wconf 84' lang='lat' dir='ltr'><strong>seoo,</strong></span> <span class='ocrx_word' id='word_1_232' title='bbox 186 2106 224 2155; x_wconf 81' lang='lat' dir='ltr'><strong>uel</strong></span> <span class='ocrx_word' id='word_1_233' title='bbox 235 2109 370 2169; x_wconf 81' lang='lat' dir='ltr'><strong>generante,</strong></span> <span class='ocrx_word' id='word_1_234' title='bbox 381 2105 420 2168; x_wconf 83' lang='lat' dir='ltr'><strong>qui</strong></span> <span class='ocrx_word' id='word_1_235' title='bbox 429 2105 468 2155; x_wconf 89' lang='lat' dir='ltr'><strong>dat</strong></span> <span class='ocrx_word' id='word_1_236' title='bbox 476 2105 582 2170; x_wconf 83' lang='lat' dir='ltr'><strong>formam,</strong></span> <span class='ocrx_word' id='word_1_237' title='bbox 589 2107 628 2156; x_wconf 85' lang='lat' dir='ltr'><strong>vel</strong></span> <span class='ocrx_word' id='word_1_238' title='bbox 635 2108 769 2156; x_wconf 83' lang='lat' dir='ltr'><strong>removente</strong></span> <span class='ocrx_word' id='word_1_239' title='bbox 776 2105 915 2168; x_wconf 60' lang='lat' dir='ltr'><strong>prohibens</strong></span> 
     </span>
     <span class='ocr_line' id='line_1_28' title="bbox 115 2175 917 2242; baseline 0 -18"><span class='ocrx_word' id='word_1_240' title='bbox 115 2179 141 2224; x_wconf 90' lang='lat' dir='ltr'><strong>ut</strong></span> <span class='ocrx_word' id='word_1_241' title='bbox 153 2175 238 2226; x_wconf 87' lang='lat' dir='ltr'><strong>dieitur</strong></span> <span class='ocrx_word' id='word_1_242' title='bbox 247 2178 272 2226; x_wconf 92' lang='lat' dir='ltr'><strong>in</strong></span> <span class='ocrx_word' id='word_1_243' title='bbox 285 2180 366 2228; x_wconf 77' lang='lat' dir='ltr'><strong>octauo</strong></span> <span class='ocrx_word' id='word_1_244' title='bbox 377 2177 478 2242; x_wconf 78' lang='lat' dir='ltr'><strong>Pdprr‘r.</strong></span> <span class='ocrx_word' id='word_1_245' title='bbox 491 2178 557 2242; x_wconf 84' lang='lat' dir='ltr'><strong>(text.</strong></span> <span class='ocrx_word' id='word_1_246' title='bbox 570 2181 610 2241; x_wconf 72' lang='lat' dir='ltr'><strong>lt,</strong></span> <span class='ocrx_word' id='word_1_247' title='bbox 620 2178 668 2228; x_wconf 84' lang='lat' dir='ltr'><strong>sire</strong></span> <span class='ocrx_word' id='word_1_248' title='bbox 677 2191 728 2241; x_wconf 82' lang='lat' dir='ltr'><strong>cap.</strong></span> <span class='ocrx_word' id='word_1_249' title='bbox 740 2175 772 2240; x_wconf 78' lang='lat' dir='ltr'><strong>t).</strong></span> <span class='ocrx_word' id='word_1_250' title='bbox 781 2177 813 2226; x_wconf 78' lang='lat' dir='ltr'><strong>&#39;llt</strong></span> <span class='ocrx_word' id='word_1_251' title='bbox 823 2178 858 2226; x_wconf 81' lang='lat' dir='ltr'><strong>itu</strong></span> <span class='ocrx_word' id='word_1_252' title='bbox 868 2187 917 2227; x_wconf 92' lang='lat' dir='ltr'><strong>nou</strong></span> 
     </span>
     <span class='ocr_line' id='line_1_29' title="bbox 115 2248 611 2313; baseline 0.006 -17"><span class='ocrx_word' id='word_1_253' title='bbox 115 2252 209 2297; x_wconf 84' lang='lat' dir='ltr'><strong>movent</strong></span> <span class='ocrx_word' id='word_1_254' title='bbox 221 2248 311 2312; x_wconf 86' lang='lat' dir='ltr'><strong>seipsa,</strong></span> <span class='ocrx_word' id='word_1_255' title='bbox 323 2249 381 2298; x_wconf 86' lang='lat' dir='ltr'><strong>sicut</strong></span> <span class='ocrx_word' id='word_1_256' title='bbox 394 2263 489 2313; x_wconf 86' lang='lat' dir='ltr'><strong>corpora</strong></span> <span class='ocrx_word' id='word_1_257' title='bbox 502 2249 611 2299; x_wconf 81' lang='lat' dir='ltr'><strong>viventia.</strong></span> 
     </span>
    </p>

    <p class='ocr_par' dir='ltr' id='par_1_5' title="bbox 113 2317 927 2812">
     <span class='ocr_line' id='line_1_30' title="bbox 146 2317 920 2384; baseline 0.001 -17"><span class='ocrx_word' id='word_1_258' title='bbox 146 2319 180 2368; x_wconf 85' lang='lat' dir='ltr'><strong>dd</strong></span> <span class='ocrx_word' id='word_1_259' title='bbox 188 2319 282 2368; x_wconf 81' lang='lat' dir='ltr'><strong>tertium</strong></span> <span class='ocrx_word' id='word_1_260' title='bbox 293 2319 426 2382; x_wconf 82' lang='lat' dir='ltr'><strong>dicendum,</strong></span> <span class='ocrx_word' id='word_1_261' title='bbox 435 2319 495 2383; x_wconf 89' lang='lat' dir='ltr'><strong>qudd</strong></span> <span class='ocrx_word' id='word_1_262' title='bbox 503 2317 633 2384; x_wconf 81' lang='lat' dir='ltr'><strong>aquaeuiuae</strong></span> <span class='ocrx_word' id='word_1_263' title='bbox 641 2320 747 2370; x_wconf 78' lang='lat' dir='ltr'><strong>dicuntur</strong></span> <span class='ocrx_word' id='word_1_264' title='bbox 752 2356 760 2382; x_wconf 90' lang='lat'><em>‚</em></span> <span class='ocrx_word' id='word_1_265' title='bbox 770 2319 920 2383; x_wconf 74' lang='lat' dir='ltr'><strong>quadrabant</strong></span> 
     </span>
     <span class='ocr_line' id='line_1_31' title="bbox 115 2389 920 2456; baseline 0.002 -17"><span class='ocrx_word' id='word_1_266' title='bbox 115 2391 248 2440; x_wconf 87' lang='lat' dir='ltr'><strong>continuum</strong></span> <span class='ocrx_word' id='word_1_267' title='bbox 257 2391 343 2439; x_wconf 77' lang='lat' dir='ltr'><strong>flumini</strong></span> <span class='ocrx_word' id='word_1_268' title='bbox 354 2407 359 2440; x_wconf 91' lang='lat'>:</span> <span class='ocrx_word' id='word_1_269' title='bbox 371 2405 435 2455; x_wconf 78' lang='lat' dir='ltr'><strong>aqum</strong></span> <span class='ocrx_word' id='word_1_270' title='bbox 444 2391 507 2441; x_wconf 86' lang='lat' dir='ltr'><strong>enim</strong></span> <span class='ocrx_word' id='word_1_271' title='bbox 520 2394 620 2455; x_wconf 84' lang='lat' dir='ltr'><strong>stantes,</strong></span> <span class='ocrx_word' id='word_1_272' title='bbox 632 2405 683 2456; x_wconf 77' lang='lat' dir='ltr'><strong>qna</strong></span> <span class='ocrx_word' id='word_1_273' title='bbox 695 2403 741 2441; x_wconf 92' lang='lat' dir='ltr'><strong>non</strong></span> <span class='ocrx_word' id='word_1_274' title='bbox 752 2389 920 2441; x_wconf 75' lang='lat' dir='ltr'><strong>continuantur</strong></span> 
     </span>
     <span class='ocr_line' id='line_1_32' title="bbox 114 2460 919 2526; baseline 0.004 -16"><span class='ocrx_word' id='word_1_275' title='bbox 114 2462 144 2511; x_wconf 92' lang='lat' dir='ltr'><strong>ad</strong></span> <span class='ocrx_word' id='word_1_276' title='bbox 155 2460 294 2524; x_wconf 83' lang='lat' dir='ltr'><strong>principium</strong></span> <span class='ocrx_word' id='word_1_277' title='bbox 307 2461 515 2526; x_wconf 67' lang='lat' dir='ltr'><strong>condominam,</strong></span> <span class='ocrx_word' id='word_1_278' title='bbox 536 2463 645 2513; x_wconf 83' lang='lat' dir='ltr'><strong>dicuntur</strong></span> <span class='ocrx_word' id='word_1_279' title='bbox 661 2465 786 2518; x_wconf 79' lang='lat' dir='ltr'><strong>mortuos,</strong></span> <span class='ocrx_word' id='word_1_280' title='bbox 805 2466 831 2511; x_wconf 91' lang='lat' dir='ltr'><strong>ut</strong></span> <span class='ocrx_word' id='word_1_281' title='bbox 849 2475 919 2524; x_wconf 78' lang='lat' dir='ltr'><strong>aqum</strong></span> 
     </span>
     <span class='ocr_line' id='line_1_33' title="bbox 114 2531 924 2597; baseline 0.005 -16"><span class='ocrx_word' id='word_1_282' title='bbox 114 2531 263 2582; x_wconf 70' lang='lat' dir='ltr'><strong>enoernarum</strong></span> <span class='ocrx_word' id='word_1_283' title='bbox 275 2536 299 2583; x_wconf 86' lang='lat' dir='ltr'><strong>et</strong></span> <span class='ocrx_word' id='word_1_284' title='bbox 317 2534 459 2584; x_wconf 83' lang='lat' dir='ltr'><strong>lacunarum.</strong></span> <span class='ocrx_word' id='word_1_285' title='bbox 474 2535 503 2583; x_wconf 86' lang='lat' dir='ltr'><strong>Et</strong></span> <span class='ocrx_word' id='word_1_286' title='bbox 518 2536 562 2584; x_wconf 86' lang='lat' dir='ltr'><strong>hoc</strong></span> <span class='ocrx_word' id='word_1_287' title='bbox 584 2532 665 2584; x_wconf 85' lang='lat' dir='ltr'><strong>dieitur</strong></span> <span class='ocrx_word' id='word_1_288' title='bbox 685 2547 726 2597; x_wconf 86' lang='lat' dir='ltr'><strong>per</strong></span> <span class='ocrx_word' id='word_1_289' title='bbox 739 2531 924 2586; x_wconf 85' lang='lat' dir='ltr'><strong>similitudinem.</strong></span> 
     </span>
     <span class='ocr_line' id='line_1_34' title="bbox 114 2603 927 2669; baseline 0.002 -17"><span class='ocrx_word' id='word_1_290' title='bbox 114 2603 166 2653; x_wconf 79' lang='lat' dir='ltr'><strong>vitre</strong></span> <span class='ocrx_word' id='word_1_291' title='bbox 183 2619 189 2652; x_wconf 93' lang='lat'>:</span> <span class='ocrx_word' id='word_1_292' title='bbox 204 2603 245 2653; x_wconf 87' lang='lat' dir='ltr'><strong>sed</strong></span> <span class='ocrx_word' id='word_1_293' title='bbox 264 2607 342 2654; x_wconf 89' lang='lat' dir='ltr'><strong>tamen</strong></span> <span class='ocrx_word' id='word_1_294' title='bbox 359 2610 456 2656; x_wconf 88' lang='lat' dir='ltr'><strong>nonest</strong></span> <span class='ocrx_word' id='word_1_295' title='bbox 470 2606 495 2655; x_wconf 94' lang='lat' dir='ltr'><strong>in</strong></span> <span class='ocrx_word' id='word_1_296' title='bbox 510 2605 544 2656; x_wconf 89' lang='lat' dir='ltr'><strong>eis</strong></span> <span class='ocrx_word' id='word_1_297' title='bbox 557 2619 612 2656; x_wconf 83' lang='lat' dir='ltr'><strong>uera</strong></span> <span class='ocrx_word' id='word_1_298' title='bbox 626 2604 684 2658; x_wconf 83' lang='lat' dir='ltr'><strong>ratio</strong></span> <span class='ocrx_word' id='word_1_299' title='bbox 697 2605 768 2668; x_wconf 74' lang='lat' dir='ltr'><strong>vitar3</strong></span> <span class='ocrx_word' id='word_1_300' title='bbox 784 2605 837 2669; x_wconf 83' lang='lat' dir='ltr'><strong>quia</strong></span> <span class='ocrx_word' id='word_1_301' title='bbox 850 2605 927 2654; x_wconf 82' lang='lat' dir='ltr'><strong>iuno·</strong></span> 
     </span>
     <span class='ocr_line' id='line_1_35' title="bbox 113 2675 921 2742; baseline 0.006 -19"><span class='ocrx_word' id='word_1_302' title='bbox 113 2678 202 2724; x_wconf 91' lang='lat' dir='ltr'><strong>motum</strong></span> <span class='ocrx_word' id='word_1_303' title='bbox 210 2689 257 2725; x_wconf 91' lang='lat' dir='ltr'><strong>nou</strong></span> <span class='ocrx_word' id='word_1_304' title='bbox 266 2676 353 2726; x_wconf 80' lang='lat' dir='ltr'><strong>habent</strong></span> <span class='ocrx_word' id='word_1_305' title='bbox 365 2675 380 2727; x_wconf 81' lang='lat' dir='ltr'><strong>i</strong></span> <span class='ocrx_word' id='word_1_306' title='bbox 392 2677 482 2742; x_wconf 86' lang='lat' dir='ltr'><strong>seipsis,</strong></span> <span class='ocrx_word' id='word_1_307' title='bbox 494 2677 535 2728; x_wconf 86' lang='lat' dir='ltr'><strong>sed</strong></span> <span class='ocrx_word' id='word_1_308' title='bbox 545 2677 559 2727; x_wconf 83' lang='lat' dir='ltr'><strong>d</strong></span> <span class='ocrx_word' id='word_1_309' title='bbox 570 2690 639 2728; x_wconf 83' lang='lat' dir='ltr'><strong>causa</strong></span> <span class='ocrx_word' id='word_1_310' title='bbox 650 2680 775 2740; x_wconf 84' lang='lat' dir='ltr'><strong>generante</strong></span> <span class='ocrx_word' id='word_1_311' title='bbox 788 2690 841 2740; x_wconf 85' lang='lat' dir='ltr'><strong>eas,</strong></span> <span class='ocrx_word' id='word_1_312' title='bbox 854 2675 921 2728; x_wconf 75' lang='lat' dir='ltr'><strong>deut</strong></span> 
     </span>
     <span class='ocr_line' id='line_1_36' title="bbox 113 2744 738 2812; baseline 0.008 -17"><span class='ocrx_word' id='word_1_313' title='bbox 113 2744 197 2796; x_wconf 81' lang='lat' dir='ltr'><strong>aedidit</strong></span> <span class='ocrx_word' id='word_1_314' title='bbox 207 2744 267 2797; x_wconf 82' lang='lat' dir='ltr'><strong>cirea</strong></span> <span class='ocrx_word' id='word_1_315' title='bbox 282 2751 369 2798; x_wconf 91' lang='lat' dir='ltr'><strong>motum</strong></span> <span class='ocrx_word' id='word_1_316' title='bbox 382 2748 478 2800; x_wconf 89' lang='lat' dir='ltr'><strong>aliorum</strong></span> <span class='ocrx_word' id='word_1_317' title='bbox 492 2750 597 2812; x_wconf 76' lang='lat' dir='ltr'><strong>gravium</strong></span> <span class='ocrx_word' id='word_1_318' title='bbox 610 2753 633 2802; x_wconf 88' lang='lat' dir='ltr'><strong>et</strong></span> <span class='ocrx_word' id='word_1_319' title='bbox 646 2748 738 2800; x_wconf 83' lang='lat' dir='ltr'><strong>lovium.</strong></span> 
     </span>
    </p>
   </div>
   <div class='ocr_carea' id='block_1_3' title="bbox 0 0 1000 3342">
    <p class='ocr_par' dir='ltr' id='par_1_6' title="bbox 0 0 1000 3342">
     <span class='ocr_line' id='line_1_37' title="bbox 0 0 1000 3342; baseline 0 0"><span class='ocrx_word' id='word_1_320' title='bbox 0 0 1000 3342; x_wconf 95' lang='lat' dir='ltr'><strong> </strong></span> 
     </span>
    </p>
   </div>
  </div>
 </body>
</html>
