1992 3342
231 232 263 269 nn
279 233 380 271 minnan
393 235 439 273 vui.
455 236 617 274 nnnnannane
632 238 724 275 nnuma.
833 229 877 275 tlt

76 308 144 373 jungi
161 308 251 361 nomini
268 310 383 362 essentiali
402 311 428 366 in
444 312 536 363 avinis
553 318 578 363 t⁰
594 313 674 365 Utrum
696 314 768 380 possit
785 315 879 379 adjungi

81 381 181 432 terminu
192 381 315 448 personali.
399 397 414 421 ν

383 482 541 535 anticanus
555 484 573 533 1.

303 605 389 651 Utrum
398 607 430 651 ait
443 606 551 651 Trinitas
559 607 585 651 in
594 608 689 655 divinit.

112 722 145 772 ld
158 721 260 787 primum
273 720 306 773 sie
318 724 450 789 proceditur
462 724 504 790 (Ι).
516 724 609 777 Videtur
620 725 680 791 quta
693 740 740 779 nun
753 727 783 780 sit
795 728 885 781 trinitas

80 793 105 842 in
118 793 213 843 divim.
224 795 297 844 (lmus
314 794 375 845 enim
386 808 470 846 nomeu
481 795 506 846 in
519 794 602 855 divinis
614 798 652 849 vel
660 798 774 862 signifieat
782 801 886 851 substan-

81 863 150 929 tiam,
161 866 199 917 vel
213 864 356 917 relationem.
366 866 413 917 Sed
423 869 468 918 luae
478 882 576 931 nomen,
587 870 705 927 trinitas,
715 884 760 921 nun
772 871 886 935 signifieat

81 935 233 986 substantiam
247 936 426 1002 (praedicaretur
440 938 503 989 enim
514 938 542 989 de
555 938 651 1002 augulis
661 941 764 1005 perans
775 942 799 1006 );
812 957 886 1007 neque

82 1006 196 1070 signitioet
214 1008 348 1058 relationem
360 1008 430 1074 (quia
449 1024 494 1060 uun
511 1010 594 1061 dieitur
611 1012 734 1061 seeundum
752 1026 836 1065 numen
851 1014 887 1063 ad

84 1078 160 1128 atiud
166 1079 187 1144 Ι.
198 1080 258 1142 Erga
270 1080 362 1130 namins
371 1082 503 1130 trinitatis
516 1086 606 1132 nonest
618 1083 729 1133 utendum
739 1084 863 1137 indivisis.

116 1154 139 1199 Ξ.
150 1150 274 1215 Praeterea,
286 1152 329 1203 hac
341 1166 436 1216 namen,
449 1154 572 1214 trinitas,
582 1153 672 1205 uidetur
684 1168 735 1205 esse
748 1170 832 1207 numen
843 1158 889 1207 cal·

87 1221 211 1286 lautianm,
225 1221 278 1272 atui
289 1222 402 1285 signifieat
414 1222 585 1275 multitudinem
599 1224 641 1290 (i).
653 1226 707 1277 ‘lale
716 1230 792 1277 antem
806 1241 890 1280 nouaen

88 1306 134 1344 nan
148 1293 257 1345 convenit
267 1293 292 1343 in
303 1293 401 1358 divinis;
415 1295 469 1345 cium
478 1296 553 1347 unitas
565 1296 686 1360 importata
698 1311 739 1361 per
751 1312 834 1349 naman
843 1301 891 1349 eal·

9 1383 10 1396 a
85 1364 235 1417 leetivumsit
243 1365 337 1417 minima
346 1367 431 1431 unitas,
440 1368 465 1417 in
475 1368 559 1419 divinis
568 1373 645 1420 autem
654 1372 689 1420 est
699 1370 796 1421 maxima
804 1372 889 1423 unitae.

88 1438 311 1501 amonicionis,
326 1440 442 1493 trinitas,
454 1455 500 1491 uun
514 1441 621 1491 convenit
631 1440 654 1491 in
667 1441 758 1493 divinis.

120 1514 143 1559 3.
160 1511 288 1573 Praeterea,
300 1523 365 1561 omne
383 1512 469 1561 trinum
482 1515 517 1563 est
534 1512 625 1577 triplex.
639 1514 684 1566 Sed
696 1513 721 1563 in
737 1515 783 1565 ltsu
797 1526 842 1563 nan
859 1517 894 1563 est

88 1581 223 1647 triplicitas,
235 1582 289 1632 eum
302 1582 421 1647 triplicitas
437 1586 466 1634 sit
479 1584 568 1649 speeies
584 1584 746 1651 inaequalitatis
762 1602 767 1635 2
784 1598 838 1649 erga
851 1599 894 1636 nee

86 1654 187 1705 trinitas.

121 1730 144 1775 t.
159 1726 276 1776 Praterea
283 1764 292 1791 ,
306 1726 412 1791 quicquid
431 1726 502 1777 estin
519 1728 581 1792 lieo,
594 1734 629 1781 est
642 1729 667 1779 in
686 1729 773 1781 unitate
792 1729 895 1781 essentia

90 1797 190 1862 divina,
201 1798 254 1863 qnia
265 1800 325 1849 lleus
335 1803 370 1849 est
381 1813 421 1850 sua
431 1800 539 1851 eueutia.
550 1802 574 1851 Si
582 1802 651 1865 igitur
661 1800 750 1853 trinitas
759 1806 795 1851 est
805 1802 830 1851 iu
839 1803 896 1865 llea,

91 1869 135 1919 erit
146 1868 171 1918 in
183 1869 272 1920 unitate
283 1870 388 1921 essentia
401 1870 498 1934 divina;
513 1873 581 1923 etsie
592 1873 615 1923 iu
627 1876 673 1925 llaa
686 1876 753 1923 erunt
763 1876 811 1923 tren
820 1886 898 1923 essen

90 1940 158 1991 tiales
168 1941 283 2004 unitates,
295 1942 356 2007 quod
372 1947 407 1992 est
417 1943 559 1993 haeretiaum.

125 2018 148 2062 5.
164 2014 296 2076 Praeterea,
310 2013 335 2062 iu
352 2012 456 2064 omnbus
468 2029 520 2078 qua
534 2016 639 2065 dicuntur
658 2015 685 2064 de
700 2016 756 2077 llea,
767 2017 898 2066 wuenetum

91 2085 228 2151 pradicatun
243 2086 272 2135 de
286 2087 412 2150 alstraeta;
426 2087 504 2137 lleitas
520 2088 581 2137 enim
595 2090 630 2137 est
641 2087 716 2149 liene,
731 2088 755 2135 et
774 2085 899 2148 paternitas

94 2160 129 2208 est
142 2158 219 2209 Pater.
233 2157 278 2209 ssd
291 2157 381 2209 trinitas
395 2168 440 2209 nan
453 2162 529 2223 potest
547 2158 592 2210 diei
609 2161 692 2214 trina,
707 2157 761 2221 quia
778 2156 812 2207 sia
824 2162 900 2207 essent

10 2253 11 2256 =
95 2244 179 2281 novem
193 2243 230 2280 ras
240 2230 266 2280 in
277 2229 360 2280 divinis
372 2229 382 2295 t
388 2232 450 2295 quand
463 2236 498 2281 est
514 2244 633 2281 erroneum
643 2228 660 2294 ).
677 2232 735 2291 linga
749 2226 841 2278 numine
855 2230 901 2279 tn·-

96 2304 190 2352 m'tatis
203 2316 249 2353 nan
266 2307 302 2352 est
316 2305 425 2353 utendum
438 2304 463 2353 in
477 2302 569 2353 divinis.

128 2376 173 2425 Sed
189 2378 269 2425 cantra
284 2378 333 2438 est,
348 2376 408 2437 qual
421 2374 558 2429 Athanasius
571 2373 625 2425 dicit
639 2373 682 2439 (in
693 2371 802 2437 Symbola
814 2370 832 2435 l,
841 2370 901 2435 quid

98 2466 113 2495 u
122 2446 201 2499 unitas
210 2446 235 2496 in
252 2445 355 2522 trinitate
367 2450 390 2496 et
400 2448 492 2505 trinitas
503 2447 528 2496 in
539 2447 626 2498 unitate
639 2445 770 2497 venenanda
782 2443 820 2495 sit.
831 2460 845 2491 n

132 2594 163 2658 (1)
176 2598 210 2642 lle
221 2596 257 2641 luis
268 2597 338 2642 etiam
350 2598 374 2652 Ι,
384 2596 463 2647 Seni„
474 2598 495 2654 Ι,
508 2596 561 2641 dist.
573 2595 616 2651 21,
629 2609 680 2653 pan.
692 2594 716 2653 2,
730 2599 774 2641 art.
786 2592 801 2637 2
811 2598 854 2645 aet
866 2595 900 2649 ll,

99 2660 177 2769 Ξῖπξὶ,
184 2659 242 2769 get
258 2658 285 2719 1,
299 2665 380 2717 quast.
394 2657 417 2719 i,
431 2665 474 2703 art.
487 2658 514 2712 3;
529 2664 552 2719 at
565 2658 652 2717 Opuae.
668 2660 713 2718 ΙΙΙ,
729 2670 782 2715 cap.
798 2655 841 2715 at,
857 2655 901 2715 50,

135 2792 165 2854 (ἲ)
182 2794 239 2842 Puta
248 2794 292 2839 suli
304 2794 348 2839 hae
361 2794 469 2850 nomine,
484 2793 623 2840 trinitatis,
637 2792 688 2837 euin
702 2804 747 2836 non
762 2791 850 2837 dicatur
864 2789 906 2833 ati-

103 2858 169 2912 eujus
182 2858 289 2910 trinitas,
302 2864 364 2909 etc.;
378 2856 434 2901 lieet
447 2868 484 2901 res
501 2856 551 2912 ipsa
566 2868 606 2911 per
617 2855 661 2899 hoa
678 2866 762 2901 nomeu
780 2852 906 2910 significata

104 2919 225 2977 veteratur,
236 2920 326 2966 seilicet
339 2931 484 2977 unaquaeque
496 2928 595 2975 masona
607 2918 749 2977 respective,
767 2922 791 2961 ut
802 2918 870 2962 Pater
879 2914 907 2957 au

104 2982 194 3042 attium,
211 2991 235 3029 et
247 2984 319 3030 Filius
333 2984 361 3030 ad
374 2986 480 3042 Patrem,
493 2988 540 3027 eta.
