1992 3342
301 290 336 327 os
349 290 439 329 nom
455 290 559 329 serenus
575 290 668 345 sinder.
836 284 880 330 tite

85 371 161 434 potest
171 367 216 418 dici
230 366 291 432 qnod
304 370 373 419 Peter
387 367 484 432 «diligit
491 368 575 418 Filium
587 368 672 435 Spiritu
684 373 762 420 sendo
772 374 880 434 tanquan

85 439 183 505 percont
191 441 338 504 procedente,
346 440 426 503 etipse
435 439 555 490 dilectione
564 442 671 505 tanquam
679 442 731 491 actu
739 442 856 493 notioneii.
867 459 881 487 n

118 512 152 561 Ad
167 510 261 561 tertium
276 510 412 574 dicendum,
428 511 489 574 qndd
503 515 571 561 Pater
581 526 628 563 non
645 512 718 563 solim
734 513 830 577 Filium,
845 516 883 565 sed

86 584 157 636 etiam
168 597 194 633 se
206 586 230 633 et
243 596 286 650 noe
295 582 370 646 diligit
377 583 463 647 Spiritu
478 587 567 649 sancto
581 583 633 648 quin
644 584 679 649 (ut
692 584 831 649 dictumest)
843 586 883 635 di-

86 657 181 722 ttqm,
188 659 257 719 prout
268 654 413 705 notionaliter
418 654 524 719 sumitur,
534 668 580 705 non
587 656 661 706 sotim
670 656 777 720 importet
788 657 884 720 produc·
988 656 989 659 ’

87 731 174 781 tionem
189 726 273 776 divine
287 740 404 791 persone,
419 728 460 777 sed
477 726 546 777 etiam
562 740 681 791 porsonam
697 729 830 792 productam
842 743 884 794 per

86 800 181 850 modurn
189 798 333 862 amoris,qui
341 800 410 849 habet
423 799 578 849 habitudinem
590 799 617 861 ad
627 813 674 849 rem
685 798 797 850 dilectem.
809 802 883 865 Unde,

86 870 146 922 simi
155 872 224 921 Peter
232 887 246 916 u
255 870 310 920 dicit
320 884 345 921 so
354 874 476 936 etornnorn
487 874 615 920 creaturum
624 871 694 921 uerbo
704 872 764 934 qnod
772 872 859 935 genuit,
869 890 883 920 n
988 876 989 881 ’

85 943 111 993 in
123 946 235 1007 quantum
247 943 343 992 'verbum
357 942 459 1004 genitum
470 941 612 993 sufficienter
627 944 774 1007 representat
794 946 883 996 Patrem
988 962 989 979 ¹

86 1021 111 1065 et
126 1028 220 1065 omnem
230 1017 369 1077 creaturam
381 1014 414 1064 ite
422 1031 436 1060 n
445 1013 550 1077 diligitse
564 1016 587 1063 et
600 1026 691 1064 omnem
700 1018 825 1065 creaturam
833 1016 885 1081 Spi-
988 1038 989 1043 κ

85 1088 131 1137 ritu
143 1090 237 1149 sancto,
248 1103 263 1133 n
277 1086 302 1135 in
317 1089 427 1150 qnantum
444 1086 543 1150 Spiritus
556 1089 647 1136 sanctus
664 1087 767 1149 procedit
784 1090 809 1137 ut
822 1102 885 1140 amor
988 1142 989 1145 ,

87 1157 196 1209 boniatis
205 1158 285 1222 prime
294 1157 419 1215 sccundirm
430 1171 498 1222 quam
508 1160 576 1209 Pater
584 1161 646 1208 amnt
654 1172 678 1208 se
688 1162 711 1208 et
719 1172 809 1209 ornnem
820 1174 885 1211 crea·

86 1235 169 1281 tnrenr.
185 1232 213 1279 Et
226 1230 261 1280 sic
272 1229 341 1280 etiam
356 1234 419 1295 patet
429 1228 490 1293 quod
503 1232 620 1294 respectus
634 1230 767 1294 importetur
780 1231 808 1281 ad
823 1246 886 1283 cree-

86 1308 170 1366 turum,
180 1307 204 1353 ot
213 1302 240 1352 in
251 1304 323 1353 verbo
331 1306 355 1352 et
364 1302 390 1351 in
400 1316 476 1353 amore
485 1303 623 1366 procedente
635 1302 699 1366 quest
707 1302 852 1369 secundarid3
861 1304 886 1354 in

86 1378 199 1438 quantum
212 1373 301 1424 scilicet
316 1374 401 1424 ueritas
420 1378 444 1423 et
457 1374 547 1423 bonitas
561 1374 638 1424 divina
653 1378 689 1425 est
700 1374 837 1439 principium
851 1376 886 1426 in·

86 1446 205 1513 tetigcndi
216 1450 242 1497 et
250 1445 342 1496 amendi
354 1458 446 1497 ornnem
455 1449 590 1497 ereaturam.

331 1753 475 1843 oodsno
496 1767 646 1837 insutu.

119 1927 155 1972 De
169 1926 269 1970 nomine
282 1923 392 1981 Spiritus
406 1924 501 1972 tancti,
515 1922 577 1979 qnod
592 1926 624 1967 eet
638 1922 743 1972 confero,
757 1923 786 1967 do
799 1922 859 1967 dnos

379 1995 499 2051 articulos
513 1994 602 2039 divisa.

118 2131 292 2193 consequenter
304 2128 412 2191 quer-itur
423 2128 451 2177 de
463 2128 536 2177 Dono.
563 2110 564 2115 ¹

119 2203 148 2253 Et
159 2202 221 2252 circa
234 2202 278 2251 hoc
293 2203 426 2264 queruntur
439 2199 484 2250 duo
495 2214 501 2250 z
514 2202 540 2248 1ο
553 2194 632 2249 Uirium
644 2198 738 2249 donum
757 2196 827 2265 possit
840 2211 889 2249 esse

89 2288 173 2327 nornen
187 2272 315 2339 personate.
334 2275 360 2321 2⁰
378 2270 457 2322 Utrirn
472 2269 502 2319 sit
512 2270 627 2334 proprium
643 2268 739 2332 Spiritus
754 2268 834 2319 suncti.

296 2428 300 2437 ’
329 2428 334 2435 “
395 2415 551 2467 intruditis
566 2416 584 2465 1.

190 2554 193 2560 -
262 2525 348 2577 Utetdm
361 2526 446 2570 donum
456 2524 488 2569 eit
496 2534 584 2568 nonno
595 2524 726 2581 pometa.»

121 2637 155 2687 td
164 2634 270 2701 primurn
279 2635 313 2687 sic
321 2634 458 2698 proceditur.
472 2633 567 2683 Videtur
577 2629 637 2695 qudd
650 2630 744 2681 donum
756 2641 804 2682 non
814 2630 843 2681 sit
851 2644 891 2679 no-

91 2722 143 2759 men
153 2709 285 2773 personate.
295 2708 369 2759 Omne
379 2707 441 2758 enim
449 2720 537 2757 nomen
544 2705 663 2769 pensofflo
674 2704 781 2767 importat
793 2702 891 2765 ntiquom

91 2780 262 2831 distinctionem
278 2780 304 2829 in
316 2778 407 2832 diuinis.
427 2780 472 2829 set
489 2790 574 2827 nomen
581 2776 653 2827 udoni
670 2788 716 2825 non
732 2774 839 2837 importat
853 2774 893 2823 nti·

91 2866 159 2914 onem
169 2850 341 2903 distinctionem
349 2849 375 2899 in
386 2848 483 2912 divinis,
496 2846 550 2899 dicit
561 2847 622 2897 enirn
635 2846 787 2910 Augustinus,
799 2846 847 2895 XV.
861 2844 892 2894 de

94 2924 165 2974 Trio.
180 2922 226 2988 (1),
238 2922 299 2987 pndd
309 2940 323 2970 (ι
332 2920 430 2986 Spiritus
440 2924 532 2972 sanctus
545 2919 577 2970 itn
586 2918 652 2970 datur
661 2918 727 2987 (sicut
737 2917 779 2968 liei
787 2914 890 2979 donum),

125 3042 158 3107 (¹)
168 3044 332 3093 mmm
342 3042 395 3088 ΜΘ
405 3043 490 3102 proces
499 3041 562 3101 quod
575 3043 617 3089 eur
629 3035 790 3087 dicuntsine
801 3034 886 3081 cornu
