1992 3342
321 266 353 302 ue
368 265 475 302 rrrsoua
491 266 583 303 ramas.
808 260 852 305 503

52 342 152 405 Spiritus
166 341 241 391 reddit
255 340 412 391 testimonium
432 342 522 407 spiritui
542 343 706 407 nortmundo
722 358 799 395 sumus
813 346 855 395 lilii

52 412 93 462 liei
110 430 115 461 ι
134 413 159 461 Si
173 418 251 462 autem
265 412 306 461 iiiii
319 418 343 463 et
356 414 468 465 haeredes.
483 432 497 462 n
515 416 647 479 Aliquorum
662 414 715 465 rard
727 416 853 466 secundum

53 484 227 535 similitudinem
235 485 321 548 gloriae,
332 490 399 550 prout
406 486 456 550 jam
467 486 545 550 gloriae
556 487 711 537 haereditatem
722 486 838 551 possident
844 526 852 552 ‚

31 571 35 579 ·
54 556 178 606 secundirm
193 557 249 607 illud
264 558 333 607 Roma.
348 560 367 605 il
383 574 389 607 :
405 576 420 606 u
431 559 558 609 Gloriamur
572 558 598 608 in
611 572 652 622 spe
670 558 746 621 [gloriae
757 559 854 611 illiorum

54 627 104 677 liei.
122 643 136 674 n
151 628 188 677 Sic
202 628 349 693 igiturpatet
361 629 422 694 qudd
435 644 477 695 per
492 630 557 695 prius
568 632 712 694 paternitas
731 630 812 701 dicitur
829 632 853 681 in

54 697 139 749 divinis
158 698 286 750 secundino
298 700 359 763 qudd
373 700 508 766 importatur
517 706 633 766 respectus
644 702 747 765 personae
761 702 789 753 ad
802 717 855 767 per-

53 784 150 833 sonam,
166 770 243 834 ‚qu'am
260 772 384 822 secundirm
403 771 463 837 quod
480 772 615 838 importatur
629 776 747 837 respectus
768 774 809 824 ilci
826 776 854 825 ad

53 848 191 893 creaturam.

85 901 119 965 u‘d
131 916 232 979 primum
244 929 298 980 ergo
309 916 449 979 decadum,
464 915 526 981 qudd
539 916 665 969 communia
681 916 782 967 absolute
795 916 854 967 dicta

53 986 179 1037 secuudum
198 986 303 1037 ordinem
319 987 449 1038 intellectis
466 988 550 1051 nostri,
564 990 618 1037 sunt
633 988 708 1051 priora
725 987 792 1051 quim
804 1002 855 1052 pro-

54 1058 119 1121 pria‘,
127 1057 181 1122 quia
191 1058 340 1108 includuntur
348 1059 373 1107 in
382 1059 499 1110 intellectu
510 1058 660 1123 propriorum,
671 1059 766 1109 sednon
776 1058 788 1107 d
800 1074 856 1111 cou-

53 1142 121 1179 versc
133 1146 140 1179 ε
155 1129 310 1180 inintellecta
321 1131 382 1181 enim
394 1145 497 1194 personae
507 1129 580 1181 Patris
590 1130 723 1193 intelligitur
736 1130 807 1199 Dens,¹
816 1132 856 1181 sed

54 1214 102 1250 non
116 1200 265 1253 convertitur.
280 1202 326 1252 Sed
340 1202 533 1267 communiaque
548 1202 672 1266 important
685 1206 813 1265 respectum
828 1205 857 1253 ad

54 1276 196 1337 creaturam,
212 1288 253 1339 per
262 1274 375 1339 posterius
387 1275 492 1325 dicuntur
506 1273 574 1339 quim
591 1273 696 1339 propria,
711 1288 760 1338 qum
774 1274 857 1338 impor-

53 1349 104 1395 tant
116 1351 237 1411 respectus
248 1348 391 1411 personalem
403 1350 456 1411 qnia
466 1360 564 1411 persona
579 1346 706 1411 procedens
718 1346 742 1394 in
760 1346 857 1410 diripio,

53 1417 158 1480 procedit
174 1420 201 1467 ut
217 1416 355 1481 principium
372 1418 527 1481 productionis
540 1420 702 1471 creaturarum.
718 1416 781 1466 Siout
795 1418 857 1467 enim

54 1488 150 1537 uerbena
161 1493 300 1553 conceptum
310 1489 336 1537 in
345 1492 422 1539 mente
434 1490 526 1539 artificis
535 1503 575 1555 per
587 1488 650 1553 prius
659 1486 795 1550 intelligitur
808 1503 859 1551 pro-

55 1559 135 1609 cedere
149 1560 179 1609 ali
190 1560 278 1610 artifice
293 1558 360 1624 quim
374 1558 530 1623 artificiolum,
546 1559 746 1625 quodproducitur
758 1560 786 1609 ad
795 1558 859 1608 sirni-

54 1631 175 1682 litudinem
185 1632 251 1682 uerbi
261 1632 366 1698 concepti
373 1632 397 1681 in
408 1637 499 1696 mentc;
510 1632 542 1683 ita
555 1646 595 1697 per
605 1631 668 1695 prius
677 1632 780 1697 procedit
788 1630 858 1681 Filius

55 1701 69 1750 'a
84 1704 168 1767 Patre,
183 1703 252 1767 qutun
265 1708 383 1768 creatura,
398 1705 426 1753 de
438 1717 483 1767 qua
493 1717 578 1753 nomen
597 1702 714 1759 filiationis
728 1701 810 1753 dicitur
823 1716 859 1752 se-

55 1775 153 1824 condirm
171 1774 233 1838 quod
247 1775 333 1839 aliquid
348 1775 469 1839 participat
480 1776 509 1825 dc
521 1774 667 1825 similitudine
680 1774 746 1837 Filii3
758 1779 782 1823 ut
797 1777 860 1837 patet

55 1858 96 1908 per
103 1846 161 1896 illud
174 1848 236 1911 qnod
245 1846 327 1897 dicitur
337 1850 407 1897 Rom.
422 1848 473 1895 vlll
487 1862 492 1896 :
506 1849 589 1907 «Quos
599 1845 715 1910 praescivit
725 1849 748 1896 et
760 1848 858 1909 praedes-

54 1918 137 1968 tinavit
153 1918 206 1969 fieri
217 1918 345 1969 conformes
357 1918 463 1981 imaginis
476 1918 528 1969 Filii
541 1920 590 1981 sui,
607 1923 651 1968 otc.
662 1935 676 1964 n

86 1991 120 2040 Ad
137 1992 265 2040 seeundum
283 1990 416 2053 dicendum,
434 1989 494 2053 quod
511 1993 622 2054 occipere
638 1989 719 2039 dieitur
733 2002 782 2039 osse
798 2003 859 2039 corn-
897 2030 900 2033 .

55 2076 126 2113 mune
140 2066 252 2113 creature
263 2067 288 2113 et
298 2062 363 2127 Filio,
373 2075 420 2113 non
433 2060 559 2113 secundum
570 2061 761 2124 univocationem,
773 2062 812 2111 scd
824 2075 860 2111 se-

55 2132 154 2184 cenddm
165 2134 339 2185 similitudinem
346 2135 467 2200 quamdam
477 2138 597 2197 remotam,
609 2132 697 2183 ratione
706 2132 770 2196 cujus
779 2131 860 2181 dicitur

53 2206 246 2271 primopem‘tua
261 2210 394 2256 creaturae.
410 2206 474 2256 Unde
487 2206 512 2255 in
526 2204 660 2255 authoritate
676 2202 770 2253 inducti
783 2204 860 2253 subdi-

5 2317 6 2334 ,
55 2280 94 2325 tor
106 2293 112 2328 t
124 2295 138 2324 «
151 2276 219 2327 iitsit
229 2277 280 2341 ipse
290 2276 455 2341 primogenitus
463 2277 488 2326 in
496 2278 573 2327 multis
585 2276 705 2338 iratribus3
718 2291 731 2321 u
740 2278 860 2339 postquam

56 2348 145 2399 dixerat
159 2366 174 2397 «
184 2348 371 2399 conlormeetieri
379 2349 469 2412 aliquos
476 2348 582 2411 imaginis
592 2346 643 2397 Filii
651 2346 700 2397 liei.
713 2363 727 2393 »
737 2348 782 2397 Sed
792 2346 869 2396 Filios·

55 2420 98 2469 Dei
115 2422 187 2471 hahet
203 2421 319 2485 mroddam
335 2420 448 2483 singulare
470 2419 697 2483 pracaliis,sci1icet
718 2419 802 2469 habere
820 2431 862 2483 per

56 2496 162 2542 naturam
175 2492 200 2542 id
211 2492 273 2557 quod
286 2492 381 2556 accipit,
396 2495 421 2541 ut
430 2492 491 2541 idem
503 2490 599 2541 Basilius
613 2490 698 2540 ibidem
710 2490 772 2539 dicit.
785 2492 813 2539 Et
826 2504 862 2541 sc·

56 2564 158 2614 cundiam
171 2567 216 2615 hoc
229 2562 312 2614 dicitur
326 2566 486 2627 unipem'toa,
502 2565 527 2613 ait
537 2566 600 2627 patei
616 2564 688 2611 doum.
703 2563 712 2611 l
726 2578 731 2611 :
752 2580 765 2609 a
779 2560 862 2626 Unige-

57 2636 118 2685 nitus
131 2636 172 2701 qui
184 2639 219 2686 est
230 2636 256 2685 in
269 2634 321 2685 sinu
331 2634 420 2694 Patris,
433 2634 483 2699 ipse
495 2634 561 2685 nobis
571 2633 693 2684 enarravit.
706 2650 719 2680 u

89 2710 117 2758 lit
128 2722 172 2773 per
182 2710 228 2758 laoc
237 2711 301 2773 patet
312 2708 395 2763 solutio
408 2708 442 2759 ld
451 2707 552 2757 tertium.
