1992 3342
668 106 684 133 Ο

323 258 357 293 ns
369 258 504 297 mmmm
520 264 569 300 ιιι.
831 248 859 298 or

49 332 213 387 mnarum
224 332 363 396 quandum
372 337 409 385 est
420 336 523 397 qnaedm
537 338 609 390 turma
627 336 687 389 airu
700 336 859 403 quantitatem.

48 407 112 459 Unde
129 404 249 456 infinitum
269 405 332 470 quod
349 407 460 469 competit
473 410 610 475 quantitati,
624 414 659 461 est
673 410 788 461 infinitum
801 412 862 475 quod

46 493 71 531 se
86 480 153 529 unet
171 490 202 528 ex
218 480 286 541 parte
303 477 422 540 materie,
436 482 460 528 et
472 480 519 530 tale
532 480 647 533 infinitum
668 494 714 531 non
732 482 862 534 admonitus

47 552 110 613 lieo,
119 554 146 599 ut
161 549 310 599 dictumest.

85 621 118 671 nd
127 620 219 671 tertium
231 620 371 683 dicendum,
386 619 487 683 quddex
502 626 546 674 hoe
559 624 609 689 ipsc
625 626 685 689 quod
701 638 750 676 esse
768 626 810 676 Dei
827 628 862 676 est

52 704 93 754 per
103 704 129 742 se
140 691 266 742 miscens
280 704 330 741 non
340 695 458 757 receptum
470 694 496 743 in
510 696 600 760 aliquo,
613 700 681 761 prout
694 696 776 747 dicitur
786 696 862 747 intini-

52 766 113 826 tum,
128 762 276 825 distinguitur
288 762 318 811 ab
331 762 437 813 omuibus
451 764 516 831 aliis,
530 770 555 817 et
568 766 611 817 atia
624 771 771 818 removentur
784 768 860 818 abeo.

50 833 111 883 Sicut
120 834 142 884 si
151 838 213 883 esset
226 832 310 882 albedo
321 833 461 897 subsistens,
475 849 505 886 en
517 838 562 887 hoc
575 836 625 901 ipso
636 836 697 902 quid
707 852 754 888 non
765 843 824 889 esset
838 838 863 888 in

49 904 104 967 alio,
116 904 224 955 differret
239 902 268 953 ab
288 902 354 953 omni
367 904 472 955 albedine
486 908 598 959 existente
611 909 635 957 in
646 910 757 972 subjecto.

357 1051 515 1101 sumemus
530 1051 560 1100 11.

56 1142 865 1279 ummmmmssqumrauemmum

392 1249 527 1283 Mum·

80 1354 114 1403 ,td
126 1354 258 1404 secundum
274 1353 310 1403 sic
327 1350 458 1425 proceditur
469 1352 513 1419 (1).
524 1354 618 1405 Videtur
633 1354 694 1417 quod
707 1354 791 1418 aliquid
803 1357 865 1409 aliud

53 1424 119 1487 qutun
137 1426 200 1475 Dens
212 1425 288 1489 possit
306 1438 358 1475 esse
372 1424 488 1475 infinitum
505 1438 546 1489 per
563 1424 694 1475 essentiam.
711 1424 787 1475 Virtus
804 1427 865 1477 euim

54 1496 87 1545 rei
98 1497 287 1561 proportionatae
301 1497 407 1547 essentie
421 1498 480 1560 ejus.
491 1498 515 1547 Si
530 1510 584 1561 ergo
598 1494 698 1547 essentia
708 1495 750 1547 liei
763 1500 797 1546 est
814 1496 865 1547 infi-

57 1566 113 1630 nita,
126 1573 216 1631 oportet
233 1569 296 1633 qnod
314 1568 367 1632 ejus
379 1567 452 1618 virtus
465 1568 495 1618 sit
511 1568 621 1619 infinita:
644 1582 699 1631 ergo
720 1570 794 1632 potest
813 1583 865 1633 pro-

57 1638 137 1688 ducere
156 1640 267 1691 edoctum
284 1639 415 1703 infinitum,
428 1638 481 1689 cium
496 1640 613 1705 quantitas
625 1640 714 1691 virtutis
735 1653 764 1691 ex
783 1640 866 1693 ettectu

56 1716 213 1773 cognoscatur.

84 1786 107 1831 t
133 1783 265 1844 umores,
292 1782 402 1847 quicquid
426 1782 495 1833 habet
516 1782 622 1834 uirtutem
645 1784 773 1847 infinitam,
797 1786 866 1837 habet

54 1853 177 1903 mutiam
190 1853 309 1904 infinitam
319 1854 369 1919 (i);
381 1854 424 1904 sed
435 1853 564 1905 intellectus
577 1859 666 1905 oreatus
676 1856 745 1905 hahet
758 1855 866 1906 uirtutem

55 1924 184 1988 infinitum,
198 1924 352 1990 apprehendit
366 1924 430 1974 euim
440 1923 568 1975 uniuersale
586 1925 646 1987 quod
660 1939 685 1975 se
697 1929 773 1989 potest
787 1928 868 1975 exten-

55 1996 108 2047 dere
130 1997 161 2046 ad
178 1995 271 2045 infinita
290 1994 416 2057 singularia
433 2011 439 2043 ε
456 2009 510 2057 ergo
525 1996 599 2046 omnis
618 1996 745 2045 substantia
764 1995 868 2045 intellec-

55 2063 213 2117 tualiscreata
224 2068 261 2115 est
272 2063 372 2114 infinita.
550 2118 554 2121 ,
583 2100 590 2121 ,

86 2140 111 2185 3.
117 2136 246 2199 Praeterea,
256 2136 352 2185 materia
360 2134 435 2199 prima
442 2135 505 2185 aliud
512 2134 630 2198 estiDeo,
640 2137 665 2185 ut
675 2135 744 2199 suprt
752 2138 868 2187 ostensum

55 2212 87 2257 est
106 2206 156 2273 (3);
174 2208 217 2258 sed
237 2207 335 2258 matema
352 2205 430 2271 prima
445 2210 480 2257 est
498 2206 586 2257 infinita
604 2222 609 2256 :
627 2220 681 2270 ergo
703 2206 788 2271 aliquid
807 2206 868 2259 aliud

52 2283 135 2342 mator
147 2279 225 2329 Deum
234 2282 313 2342 potest
325 2292 376 2329 esse
388 2277 513 2328 infinitum.

84 2352 130 2403 sed
140 2348 362 2412 orerecurrunt
374 2348 490 2399 infinitum
504 2363 550 2400 non
562 2353 637 2413 potest
650 2363 699 2400 esse
714 2363 743 2401 er
756 2348 868 2414 principio

54 2422 139 2485 atiquo,
148 2426 176 2471 ut
183 2419 271 2472 dicitur
279 2420 305 2475 in
314 2419 356 2482 111,
366 2419 443 2483 Phys.
453 2418 496 2484 (t).
505 2422 576 2471 Omne
586 2424 662 2470 autem
671 2419 731 2483 quid
742 2424 777 2471 est
786 2423 868 2484 preter·

83 2547 116 2608 (1)
134 2551 170 2594 Ite
192 2548 231 2593 tris
248 2548 322 2593 etiam
337 2547 412 2604 intra,
426 2553 508 2603 quast.
523 2546 568 2605 11,
582 2543 714 2605 art.12‚et
730 2552 812 2603 quest.
828 2546 867 2600 eo,

55 2616 97 2655 art.
109 2611 139 2663 ῖς
153 2616 182 2656 ut
195 2616 220 2655 et
233 2612 255 2655 1.
267 2610 346 2659 Seni„
355 2608 517 2668 disttdsqu
529 2608 553 2666 1,
568 2614 613 2655 art.
628 2609 655 2662 ²3
668 2615 692 2654 et
706 2622 775 2665 super
793 2610 834 2653 lib.
847 2610 867 2651 1.

54 2673 172 2731 land..
186 2678 247 2718 text,
264 2671 304 2717 to.

86 2741 118 2803 (8)
134 2743 261 2801 curtim
270 2754 301 2787 ex
313 2742 357 2787 tib.
374 2740 385 2785 1
401 2742 437 2787 De
447 2741 505 2785 roeto
516 2747 538 2787 at
550 2741 652 2791 muudus
665 2739 773 2786 tertii,

57 2813 227 2922 dgimtpnut.
250 2812 284 2870 8,
301 2819 347 2859 art.
370 2813 402 2872 8,
423 2813 454 2858 ad
467 2812 496 2870 3,
511 2814 551 2858 ubi
570 2812 668 2859 dimrro
684 2824 731 2856 nou
752 2810 868 2867 differem

72 2892 116 3007 ²ti)
130 2910 178 2996 Vct
192 2948 313 2993 indicetur
325 2947 410 2993 saltem
422 2951 480 2990 terr.
494 2945 536 3003 31),
543 2946 592 2991 siue
602 2944 685 3002 capt,
695 2944 776 2996 utjum
787 2948 865 2992 surpra
