1992 3342
318 249 350 286 nc
366 250 451 288 nrvmn
467 249 590 289 sommis.
812 242 857 290 lo'l

73 328 127 378 olion
142 328 249 378 mundum
265 327 305 377 rel
324 324 409 391 aliquid
433 324 572 391 hujusmodi.
593 328 653 393 Ergo
670 326 732 379 heus
755 341 801 379 nou
823 330 858 381 est

72 400 205 465 omnipotens.

98 474 115 521 l.
133 474 260 534 Praeerea,
278 484 348 534 super
366 470 423 520 illud
441 470 455 520 l
473 471 611 521 corr'uth.l
632 486 637 520 :
658 488 672 520 u
689 473 785 523 Stultum
804 475 859 530 lecit

72 545 118 592 heu
133 542 267 607 sapientiam
286 543 355 606 hujus
376 543 463 606 mundi,
478 559 492 589 o
505 543 560 592 dicit
577 544 654 595 Glossa
669 559 674 569 ·
692 561 706 591 u
719 546 859 609 Sapientiam

71 615 126 676 hujus
139 615 216 664 mundi
235 614 291 665 lecit
306 616 366 664 llerrs
386 614 492 675 stultam,
513 616 652 666 ostendendo
673 616 780 681 possihile
799 622 859 685 quod

71 686 102 735 illa
113 686 244 751 impossihile
256 686 377 751 judicabat
388 685 430 750 (l).
443 703 457 733 o
469 688 534 737 Unde
548 688 638 737 ridetur
649 687 708 751 quod
719 690 805 740 nonsit
818 692 861 742 ali-

70 758 113 821 quid
120 758 267 822 judicandum
278 758 389 822 possibile
398 758 436 808 uel
447 758 587 823 impossibile
601 760 725 810 secondirm
738 760 860 815 inferiores

69 843 146 894 eunus,
166 835 235 895 prout
256 831 370 895 sapientia
382 830 453 895 hujus
467 830 547 880 mundi
563 830 667 896 judicat,
681 833 721 882 sed
735 833 859 884 secundhm

68 903 177 964 potentiam
199 901 310 953 divinum.
334 903 359 953 Si
381 903 450 965 igitur
471 905 531 953 Deus
553 900 582 953 sit
603 903 762 968 omnipotens,
782 904 860 957 omniu

67 979 123 1023 eruut
131 974 250 1039 possibilia
262 989 267 1023 :
279 973 337 1024 nihil
351 988 405 1038 ergo
414 973 552 1039 impossihile
563 978 606 1025 est.
621 976 712 1025 Sublato
727 980 804 1027 nutem
817 978 860 1028 iur-

68 1046 154 1106 possihili
172 1046 262 1097 tollitur
281 1047 452 1110 necessarium
476 1060 530 1097 nam
553 1047 613 1111 quod
630 1060 722 1097 necesse
739 1052 773 1098 est
792 1063 859 1115 esse,

68 1115 190 1179 impossihile
205 1122 241 1169 est
254 1132 301 1169 non
315 1130 373 1169 esse.
386 1119 447 1169 Nihil
461 1130 517 1181 ergo
527 1119 571 1169 erit
581 1117 733 1169 necessarium
745 1118 768 1169 iu
780 1120 858 1187 nehus,

67 1187 83 1236 si
91 1190 141 1240 llens
151 1195 186 1242 est
196 1189 352 1255 omnipotens.
365 1192 412 1241 Hoc
425 1195 502 1241 nutem
516 1194 551 1242 est
564 1189 702 1257 impossihile
715 1206 720 1241 :
734 1204 787 1255 ergo
799 1194 861 1244 ocus

66 1273 104 1308 rron
116 1266 148 1312 est
158 1262 316 1326 omnipotens.
713 1326 715 1333 y
815 1314 818 1319 .

90 1334 129 1384 Sed
138 1338 220 1385 contra
231 1338 276 1397 est,
290 1335 350 1397 quod
360 1333 442 1385 dicitur
453 1335 515 1397 Luc,
531 1334 541 1387 Ι
557 1348 563 1383 :
577 1332 591 1382 (ὲ
604 1332 654 1386 Non
668 1335 711 1387 erit
722 1333 860 1399 impossibile

62 1407 114 1467 opud
127 1408 197 1457 ileum
208 1420 278 1458 omne
291 1407 397 1459 rcrhunr.
410 1423 424 1452 o

89 1478 239 1542 (Concuusro.
253 1506 285 1517 -
299 1478 355 1530 Cium
369 1478 440 1544 possit
452 1479 513 1528 heus
536 1476 612 1527 omnin
631 1476 724 1528 efficere
744 1492 794 1545 que
811 1492 861 1530 esso

63 1555 162 1616 possunt,
177 1565 226 1603 non
240 1554 319 1602 autem
329 1565 379 1616 qne
393 1550 596 1602 contradictionem
607 1548 738 1617 implicent,
758 1550 862 1617 omnipo-

61 1628 106 1672 lens
124 1623 208 1674 merith
225 1622 337 1687 dicitur.)

86 1697 222 1761 despondeo
237 1696 373 1760 dicendum,
389 1694 449 1760 quhd
465 1694 617 1744 communiter
635 1694 771 1747 confitentur
782 1710 862 1749 omnes

59 1769 128 1816 heum
142 1782 193 1820 esse
210 1769 412 1832 omnipotentem
425 1765 466 1816 sed
481 1766 593 1816 rationem
614 1766 784 1830 omnipotentie
807 1769 863 1820 assi·

57 1855 122 1893 onore
140 1844 235 1893 videtur
249 1839 350 1890 difficile.
365 1838 463 1889 llnhium
481 1837 544 1888 enim
561 1842 637 1901 potest
657 1850 706 1889 esse
727 1840 780 1903 qnid
802 1854 863 1891 oom-

56 1916 209 1973 prehendatur
231 1912 273 1963 suh
298 1912 341 1962 iste
364 1909 540 1977 distributione,
562 1910 612 1961 cim
635 1906 716 1961 dicitur
732 1928 737 1960 :
755 1912 861 1963 «Omnia

56 2001 117 2047 posse
133 1990 216 2038 heum.
230 2003 244 2032 u
264 1986 310 2035 Sed
327 1984 348 2035 si
369 1984 420 2049 quis
439 1982 501 2034 recti
525 1983 665 2046 consideret,
686 1984 737 2033 cirnr
758 1985 861 2048 potentin

53 2059 140 2109 licitur
154 2061 184 2110 nd
199 2056 332 2123 possibilie3
353 2056 405 2107 cium
422 2057 483 2106 Deus
504 2055 580 2106 omnia
599 2068 666 2119 posse
686 2054 783 2119 dicitnr,
805 2056 862 2105 nihil

53 2132 134 2181 nulius
150 2129 289 2191 intelligitur
309 2127 376 2193 quim
389 2126 451 2193 quod
465 2129 536 2192 possit
550 2126 627 2178 omnia
641 2126 772 2191 possibilia,
794 2130 817 2177 et
833 2128 862 2177 oh

52 2204 89 2251 lrrc
109 2204 275 2267 omnipotens
295 2200 390 2250 dicatur.
409 2200 529 2250 Possibl'le
544 2200 620 2249 autern
636 2197 720 2248 dicitur
742 2198 863 2263 dupliciter

49 2271 176 2324 sreuudhm
195 2272 360 2338 Philosophum
370 2272 395 2322 in
405 2272 433 2333 l,
450 2273 509 2321 Met.
522 2270 566 2337 (t).
580 2272 630 2321 Uno
641 2270 707 2320 modo
720 2284 761 2335 per
773 2284 863 2338 respuo

49 2351 93 2395 ¹·un
113 2346 146 2396 ad
164 2344 267 2409 aliqnnm
284 2344 424 2409 potentiam,
436 2344 494 2393 sicut
516 2343 576 2408 quod
589 2342 692 2393 subditur
707 2344 811 2394 humane
822 2358 863 2409 po·

49 2418 125 2469 'eriliae
134 2416 227 2469 dicitur
237 2428 286 2467 esse
295 2414 402 2482 possibile
411 2415 515 2473 homini;
525 2414 569 2466 ulio
580 2416 646 2466 modo
656 2415 757 2466 absolute
770 2421 863 2481 propter

82 2542 113 2605 (ll
129 2549 169 2593 Ex
184 2540 307 2588 Ambrosii
318 2541 446 2587 odoltcrino
455 2540 626 2587 commentario
637 2554 706 2599 quom
716 2544 759 2588 suh
769 2544 862 2589 nomino

46 2606 224 2655 ilmhrosiastri
243 2606 324 2652 olom
337 2605 408 2662 citet,
423 2611 449 2650 ct
461 2605 562 2650 Hilarius
576 2606 691 2650 Diaconos
704 2606 862 2651 Lucllsrinnus

47 2674 172 2718 :hereticus
184 2668 276 2727 passim
292 2668 400 2713 creditur.
416 2668 487 2714 Pould
505 2668 571 2713 ulilcr
584 2673 660 2713 uotum
671 2668 703 2713 ihi
717 2685 723 2712 ι
735 2667 816 2715 Stulta
830 2672 863 2715 cot

47 2736 108 2783 ,lrrlu
119 2732 257 2793 sapientia
271 2731 347 2789 hujus
364 2730 452 2779 muudi
465 2750 472 2774 :
483 2736 576 2789 putaris
590 2732 656 2775 cuim
669 2744 693 2775 sc
710 2744 809 2789 supere,
823 2733 864 2776 ilc·

51 2803 118 2840 'ruta
134 2803 172 2843 est
194 2794 366 2853 imprudens:
385 2794 448 2851 pund
469 2795 535 2839 cuim
557 2792 705 2851 impossihile
719 2794 862 2853 judicabat,

48 2860 167 2908 possibile
180 2858 338 2904 declaratum
351 2861 401 2906 cst,
415 2863 461 2903 ctc.

73 2932 109 3037 ¹lsi)
126 2936 168 2979 Ex
182 2944 241 2991 cup.
252 2928 297 2991 12,
311 2930 360 2976 sire
372 2934 427 2976 loxl.
442 2928 483 2991 tr,
500 2942 579 2974 uersus
595 2926 677 2989 finem,
698 2930 863 2987 equivalenti-r

44 3007 48 3025 ¹
58 3006 71 3032 o
82 2998 176 3049 igitur.
