1992 3342
207 203 238 238 nu
253 201 396 239 rnunuonnu
411 201 609 248 mnnrmlloul
623 202 728 242 currum.
817 197 864 245 145

7 273 14 300 ⁸
65 283 114 332 hoc
132 283 215 331 estex
236 276 440 340 amoregratnito‚
461 275 539 340 aquo
561 277 721 342 auertipotuil
740 284 864 345 peccando.

99 353 135 402 dd
146 354 250 414 quartum
260 347 388 409 dicendum,
400 345 459 410 qudd
472 351 589 410 poecatnm
597 349 692 399 mortale
702 350 727 400 iu
737 355 790 401 actu
800 352 865 404 liberi

64 421 157 474 arbitrii
169 418 280 482 contingit
294 431 344 468 esse
357 416 484 480 dupliciter.
498 419 548 468 Uno
558 420 639 484 modo,
655 435 684 471 ex
694 423 738 473 lnoc
750 423 810 486 qudd
824 425 865 476 ali-

64 493 130 557 quod
144 492 227 542 malum
244 489 346 553 eligitur,
360 489 418 538 sieut
430 488 498 539 homo
511 494 590 553 peccat
602 491 705 554 eligendo
720 494 864 557 adulterium,

64 565 130 628 qnod
140 561 264 614 secundirm
276 575 301 610 se
310 563 345 610 est
354 560 445 609 malurn.
456 560 484 608 Et
493 560 538 609 tale
547 566 663 624 peccatum
671 577 759 627 semper
766 564 867 628 procedit

64 648 97 685 ex
110 635 188 698 aliqua
205 631 330 696 ignorantia
342 631 381 680 uel
394 643 468 680 errore
487 646 492 680 ;
507 630 607 694 alioquin
617 631 640 681 id
653 635 711 695 qued
725 637 761 686 est
773 636 866 697 malum,

65 719 116 756 non
131 705 253 767 eligeretur
265 707 291 754 nt
304 703 401 764 tronum3
419 706 442 751 et
457 705 506 752 erat
521 701 611 765 quidem
628 704 716 753 adulter
732 705 757 754 in
769 706 867 769 particu-

65 776 112 826 lari
127 775 214 838 eligens
229 777 289 824 hanc
302 772 475 824 delectationem
488 773 610 822 inordinati
621 774 684 823 actus
702 775 767 838 quasi
777 775 866 840 aliquod

65 847 154 898 bonnm
167 848 193 896 ad
205 860 265 896 nunc
279 845 390 908 agendum
409 847 503 907 propter
515 843 686 894 inclinationem
703 846 816 909 passionis
829 852 869 902 aut

66 917 171 981 habitus,
182 915 271 968 etiamsi
281 917 306 965 in
320 913 442 964 universali
452 928 497 964 uon
507 917 578 974 erret,
588 915 628 964 sed
638 929 714 966 ueram
724 918 752 966 de
761 918 806 968 hoc
818 933 868 969 sen·

62 984 169 1039 'tentiam
180 992 269 1038 *lenem
281 987 327 1038 Hoc
338 989 413 1036 autern
426 986 492 1036 modo
502 985 526 1034 iu
540 984 750 1050 angelopeccatum
761 1002 868 1040 essenon

66 1059 158 1123 potuit,
175 1059 228 1122 quia
243 1071 285 1108 nec
302 1057 326 1106 iu
340 1055 427 1118 angelis
442 1059 496 1106 suut
512 1055 644 1120 passiones,
659 1057 741 1120 quidm
753 1060 812 1110 ratio
829 1064 868 1110 aut

65 1129 201 1180 intellectus
217 1127 313 1191 ligetur,
328 1130 353 1176 ut
366 1140 394 1176 ex
409 1123 477 1190 supra
490 1125 557 1176 dictis
568 1129 631 1190 patet
642 1128 696 1190 (qn.
713 1132 752 1189 57,
763 1134 805 1179 ari.
819 1130 867 1194 l),

66 1213 113 1250 nec
126 1200 212 1252 iterum
220 1199 317 1264 primurn
332 1200 446 1262 peceatum
457 1197 547 1249 habitus
557 1200 683 1260 precedere
694 1199 768 1262 putuit
778 1201 807 1250 ad
816 1214 870 1264 pee-

67 1274 147 1320 catum
160 1269 281 1322 inclinans.
299 1269 348 1319 dlio
363 1269 428 1318 modo
442 1267 554 1330 coudnpit
565 1281 660 1332 peecare
673 1283 714 1332 per
727 1269 822 1320 lucrum
833 1285 869 1321 an

67 1341 178 1402 loticiam,
192 1341 296 1402 eligendo
310 1338 394 1403 aliquid
409 1340 469 1402 quod
488 1339 612 1389 secundnm
626 1353 651 1390 se
672 1345 707 1390 est
719 1340 817 1402 bonum,
830 1343 870 1393 scd

67 1426 118 1463 non
132 1427 184 1462 cum
195 1411 272 1462 ordine
283 1411 363 1462 debite
373 1425 483 1460 mensure
495 1415 535 1460 aut
544 1412 641 1473 regulae3
651 1411 684 1463 ita
694 1409 755 1475 qudd
768 1412 870 1464 delectus

67 1483 180 1534 inducens
199 1486 333 1546 peecatum,
345 1481 376 1532 sit
395 1481 468 1532 sollum
486 1496 514 1532 ea
530 1485 596 1547 parta
611 1482 742 1546 electionis,
758 1497 809 1546 qna
824 1488 883 1534 non'

68 1555 141 1604 habet
150 1554 249 1604 debiturn
262 1553 373 1616 ordinem,
386 1567 432 1603 uon
445 1567 474 1602 eu
488 1557 551 1616 parte
562 1552 596 1603 rei
610 1553 688 1604 electa
700 1569 707 1603 ι
721 1553 781 1604 sieut
794 1555 814 1604 si
826 1554 869 1604 ali-

69 1626 124 1690 quis
145 1624 238 1688 eligerct
251 1637 331 1688 orare,
351 1638 396 1674 non
413 1627 533 1676 attendens
550 1625 700 1676 ad'ordinem
720 1626 750 1676 alr
772 1625 870 1676 Ecclesia

68 1697 209 1748 institutum.
220 1697 384 1760 utnujusmodi
392 1701 510 1761 peccatum
523 1697 697 1760 nonpruexigit
709 1696 869 1760 ignorantiam,

70 1770 113 1824 sed
133 1769 258 1820 absentiam
273 1767 347 1819 solium
364 1767 551 1818 considerationis
566 1781 645 1818 eorum
663 1781 713 1831 quae
732 1769 870 1820 considerari

71 1841 165 1892 debent.
180 1841 208 1890 Et
221 1840 264 1890 hoc
285 1841 351 1890 modo
368 1839 462 1902 angelus
478 1839 596 1902 peccauit,
617 1840 771 1889 convertendo
788 1853 813 1890 se
830 1852 872 1902 per

71 1912 169 1962 libcmm
185 1910 300 1960 arbitrium
314 1909 343 1960 ad
358 1909 474 1974 proprium
487 1909 585 1973 bonum,
600 1910 683 1973 absque
695 1909 774 1961 ordine
789 1910 818 1960 ad
833 1922 870 1960 re·

73 1982 149 2048 gulam
167 1982 250 2032 diuinae
264 1980 393 2032 uoluntatis.

370 2133 531 2187 laurentus
544 2133 574 2184 11.

91 2251 175 2296 Utrt'um
190 2253 217 2296 io
226 2253 316 2308 copon
325 2251 399 2308 possit
415 2254 571 2358 ερεεὲᾳητιιηι
579 2253 701 2306 peccatum
714 2250 827 2306 superbio
835 2253 859 2294 et

421 2327 471 2358 111111
489 2327 524 2358 tw.

108 2431 141 2480 dd
155 2431 277 2480 seeundum
288 2430 322 2480 sic
330 2429 459 2493 proceditur
467 2429 509 2494 (l).
518 2431 614 2480 Videtur
623 2428 683 2494 qudd
694 2429 718 2478 in
730 2429 816 2492 angelis
826 2443 872 2480 non

76 2501 149 2566 possit
160 2513 211 2550 esse
224 2501 297 2550 solum
309 2506 427 2564 peecatum
440 2501 551 2565 superbie
564 2504 588 2552 et
599 2499 737 2550 inridicula
748 2513 872 2563 quemcun-

76 2586 120 2638 que
135 2573 196 2624 cuim
211 2571 272 2622 cadit
284 2573 405 2623 delectatio
417 2572 513 2635 alicujus
528 2573 625 2636 peccati,
637 2575 713 2636 potest
725 2574 805 2622 cadere
818 2585 872 2636 pee-

78 2648 151 2696 catum
164 2643 227 2694 illud.
242 2644 285 2694 Sed
296 2645 412 2694 demones
424 2643 561 2693 delectantur
573 2642 641 2693 mam
651 2643 677 2692 in
688 2642 873 2693 obscaenitatibus

112 2788 142 2850 (l)
157 2791 190 2834 lte
204 2783 240 2834 his
257 2788 327 2834 mum
341 2790 364 2832 lu
378 2789 400 2832 ΙΙ
412 2819 418 2842 ,
430 2788 508 2838 Scut„
522 2787 576 2832 dist.
593 2787 623 2848 ⁵,
638 2799 678 2845 qu.
696 2786 783 2840 1,aru.
802 2786 837 2840 ὃς
849 2792 873 2831 et

79 2853 131 2898 dist.
141 2851 184 2908 11,
199 2863 239 2907 qu.
255 2850 283 2908 1,
298 2850 384 2904 art.1;
400 2856 424 2895 et
439 2849 530 2896 Gootru
542 2851 624 2901 Gortt„
633 2851 675 2896 lib.
689 2852 737 2909 111,
750 2863 795 2907 cup
816 2849 870 2904 ¹⁰⁹3

81 2922 151 2974 etqu.
162 2913 201 2975 lo,
216 2913 244 2960 de
254 2914 323 2973 malo,
339 2920 381 2962 art.
397 2912 422 2973 1,
434 2913 463 2960 ad
476 2912 501 2960 4,
