1992 3342
136 169 169 218 '12
204 217 208 226 ,
349 177 409 216 ntus
426 179 447 230 ι,
465 173 557 225 ponor.
574 181 605 231 u,
622 178 676 217 nur.
694 180 729 219 ru.

167 257 200 309 dd
216 255 341 306 secundom
354 253 492 318 dicendum,
509 254 570 318 qodd
582 255 671 305 nudum
685 267 727 306 cus
739 253 823 305 dicitur
838 255 939 321 molum,

135 325 280 390 inquantum
295 327 331 376 est
342 337 384 375 ens
390 361 399 388 ‚
410 325 450 376 scd
458 325 483 375 in
496 329 605 389 quantum
617 328 680 375 curet
690 327 788 388 quodam
799 339 849 376 esse
861 341 867 375 :
880 326 943 376 sicut

136 398 205 447 hono
219 395 301 446 dicitur
312 396 397 460 maius,
412 396 437 445 in
451 400 560 460 quantuni
574 401 638 446 caret
648 409 698 447 ecoe
707 395 814 459 virtutis,
826 398 851 446 ct
861 398 944 447 oculus

136 467 219 518 dicitru
231 466 322 529 malus,
336 466 361 516 in
376 471 486 529 quonium
499 470 563 517 curet
573 466 679 516 acumine
690 465 761 517 risus.

167 539 200 588 td
221 537 313 588 tertium
334 536 544 602 dicendum,un
560 538 655 588 materia
669 537 744 601 primo
763 536 823 587 sicut
840 549 888 586 uon
907 540 945 586 cst

137 621 179 658 cus
194 608 240 658 nisi
258 607 283 658 in
299 609 413 672 potentia,
429 609 461 658 itu
478 621 523 659 nec
538 609 624 659 bouum
642 608 689 658 nisi
704 608 730 658 iu
745 607 855 673 potentin.
876 606 946 657 Licet

137 679 262 728 secuudum
288 679 417 748 Platonicos
438 677 484 729 dici
503 679 589 742 poenit,
609 678 669 742 qudd
692 677 787 728 motoria
808 677 883 740 primo
907 683 947 728 est

138 761 185 798 nou
201 761 243 802 eno
255 751 347 813 propter
359 749 512 814 privationem
521 749 652 812 adjunctum
666 747 710 815 (t),
722 751 763 799 scd
779 752 859 798 tomen
872 747 947 812 purti-

138 818 201 883 oipnt
218 819 304 883 aliquid
321 822 349 870 dc
366 821 436 884 bono,
454 820 544 870 scilicet
555 821 631 884 ipsum
647 820 765 883 ordinem,
779 820 817 869 rei
836 819 947 884 aptitudi.

138 901 193 939 uem
208 892 236 941 nd
253 890 339 940 bonurn
361 895 405 941 :et
416 891 468 942 idco
485 903 533 940 non
551 891 660 942 convenit
679 891 702 942 ei
723 889 784 954 qudd
803 890 833 939 nit
855 889 947 955 appeti.

138 960 185 1012 bile
192 998 200 1025 ,
213 962 253 1011 ced
267 960 327 1024 quod
340 963 440 1026 appetat.
745 1013 750 1030 ,

171 1033 204 1081 nd
223 1034 327 1094 quartrmr
346 1030 483 1093 dicendum,
502 1029 562 1094 quod
578 1031 740 1082 mathematico
755 1043 802 1082 nou
818 1030 947 1081 ruhdstunt

138 1104 242 1166 separata
257 1101 381 1152 secundum
398 1115 448 1152 esse
466 1117 471 1150 z
491 1102 544 1164 quin
561 1102 582 1153 ci
602 1102 766 1164 subsisterent,
788 1101 892 1152 oscetin
909 1101 947 1152 cis

138 1173 239 1235 honour,
256 1172 345 1222 scilicet
358 1171 431 1235 ipsum
445 1185 495 1223 esso
511 1186 606 1235 eorum;
620 1175 673 1225 suut
685 1177 762 1222 eutem
778 1172 946 1222 mathematica

139 1247 243 1308 separate
263 1245 389 1293 secundum
408 1243 520 1296 rationem
539 1245 630 1295 tantum
639 1281 647 1308 ,
668 1248 735 1308 prout
753 1244 946 1294 abcuuhuntord

139 1319 203 1364 motu
220 1318 244 1366 et
259 1314 273 1365 d
290 1315 385 1366 mntcria
405 1319 450 1364 :et
461 1315 495 1365 nic
511 1316 670 1366 adorabuntur
689 1313 805 1366 irratione
821 1314 875 1364 nnis
881 1352 891 1378 ,
904 1317 946 1380 qui

140 1385 210 1436 habet
221 1386 334 1437 rationem
346 1387 467 1438 mouentis.
481 1388 532 1438 Non
545 1391 580 1438 est
595 1390 670 1437 notem
686 1386 865 1448 inconveniens,
883 1389 945 1449 quod

139 1455 164 1504 in
178 1456 253 1520 nliqrro
267 1461 334 1520 ente,
353 1459 478 1506 secundum
493 1456 620 1520 rationem,
635 1471 682 1508 non
694 1457 723 1506 uit
732 1457 819 1507 bonurn
831 1457 870 1506 rei
884 1457 945 1507 ratio

140 1527 209 1590 boni;
229 1528 282 1578 curn
300 1527 357 1578 ratio
370 1528 430 1580 entis
445 1529 477 1580 sit
489 1529 553 1595 prior
566 1529 634 1594 quim
646 1528 704 1579 ratio
715 1528 771 1580 honi
778 1565 787 1592 ,
802 1527 864 1578 sicut
875 1541 957 1592 snpra·

138 1596 226 1650 diction
239 1602 281 1650 est.

436 1717 594 1769 nuuloutus
609 1715 647 1767 IV.

233 1799 319 1885 Utrum
333 1829 417 1874 bonum
433 1829 517 1876 dodeat
534 1830 652 1876 rodonem
670 1841 747 1876 cartoro
756 1831 852 1889 flnolr’r.

172 1947 205 1997 nd
223 1948 328 2009 quadum
346 1946 379 1996 sic
398 1947 529 2012 proceditur
550 1947 593 2013 (2).
609 1945 702 1998 Videtur
717 1945 777 2012 qodd
790 1947 879 1997 bouum
896 1960 946 1998 non
984 1944 986 1955 '

140 2017 224 2068 hubent
237 2016 348 2068 rationem
367 2031 441 2073 causon
459 2019 547 2082 finalis,
560 2021 600 2070 scd
617 2019 691 2082 mugio
708 2018 813 2070 odarum.
832 2019 864 2068 Ut
880 2017 946 2068 euim

140 2087 197 2138 dicit
213 2087 338 2151 Dionysius
360 2090 398 2138 lv.
414 2102 467 2152 cup.
488 2089 521 2138 de
540 2089 621 2138 diuite
641 2091 740 2141 Nono:
757 2089 878 2138 «Bonum
895 2090 947 2139 lou.
984 2088 986 2091 '

140 2160 206 2208 datur
219 2161 244 2206 nt
256 2159 389 2222 pulchrum3
398 2176 412 2206 »
425 2161 465 2210 sed
478 2160 600 2225 pulchrior
613 2160 720 2224 importat
738 2159 851 2210 rationem
868 2173 947 2211 cnusae

140 2228 241 2280 formalis
258 2243 264 2276 :
282 2242 336 2292 crgo
350 2231 436 2280 bonum
453 2231 524 2281 habet
541 2231 653 2283 rationem
666 2246 740 2283 cause
753 2230 864 2282 tormadn

96 2289 102 2308 ‘
172 2303 195 2348 ς.
210 2300 337 2362 Praeterea,
355 2301 440 2351 bonum
453 2305 488 2352 est
508 2302 639 2352 didosirum
653 2303 689 2354 sni
702 2317 766 2366 esse,
779 2305 806 2352 ut
822 2317 854 2353 ox
867 2303 949 2354 uerbis

140 2369 244 2434 Dionysii
260 2370 379 2434 accipitur,
395 2371 475 2434 quidue
490 2371 547 2423 dicit
562 2371 606 2440 (3),
619 2375 680 2438 quod
697 2375 783 2424 honum
803 2376 839 2423 cst
851 2385 882 2423 cx
897 2388 949 2438 quo

175 2499 196 2562 (i
221 2503 242 2547 Α
256 2513 302 2558 qua
314 2501 377 2548 ilium
390 2515 437 2547 nou
450 2503 635 2563 distinguebant,
647 2511 674 2550 ut
687 2505 824 2562 supponitur
837 2516 919 2560 supro.

174 2563 197 2624 (ἢ
219 2567 252 2610 De
271 2564 307 2608 his
323 2565 393 2610 otium
408 2565 433 2609 in
448 2568 479 2625 11,
494 2567 572 2617 Sene,
585 2567 638 2612 dist.
656 2567 696 2624 38,
709 2574 753 2613 art.
765 2567 793 2619 8;
806 2573 831 2611 ct
851 2566 949 2612 contro

142 2626 223 2676 Gout„
235 2625 278 2671 dib.
289 2625 312 2685 i,
327 2638 379 2682 cup.
392 2626 431 2682 tu;
441 2633 467 2673 ut
476 2634 499 2673 ct
508 2629 550 2673 dib.
562 2631 604 2689 111,
616 2641 668 2686 cup.
682 2627 856 2688 1⁶,1⁷,19;er
868 2640 911 2686 qu.
920 2631 946 2690 2,

141 2688 170 2733 de
182 2689 258 2748 uerit,
271 2694 315 2732 nrt.
327 2686 351 2733 1.
984 2720 986 2727 ·

176 2747 206 2810 (3)
222 2751 270 2795 Nec
283 2749 372 2794 tuntum
386 2761 415 2794 ex
427 2750 463 2795 his
477 2751 554 2796 vorbis
563 2762 616 2808 cop.
631 2751 657 2810 d,
672 2757 721 2797 tunr
731 2749 750 2813 'fi
764 2751 792 2810 h,
806 2757 857 2796 turn
871 2748 887 2811 ς
903 2752 945 2812 tu,

141 2812 183 2856 ned
196 2812 225 2858 ab
241 2811 309 2856 initio
328 2811 379 2866 ipso
395 2813 490 2870 cupitis,
511 2813 551 2858 nbi
565 2814 598 2859 uit
614 2815 687 2858 Deum
705 2815 749 2860 boc
761 2815 813 2872 ipso
830 2814 895 2871 quod
908 2821 947 2860 est

141 2873 241 2933 bouum,
257 2873 386 2918 honitntem
395 2873 420 2917 in
433 2875 541 2921 universo
552 2874 689 2922 diffundere.
