<?xml version="1.0" encoding="UTF-8"?>
<!DOCTYPE html PUBLIC "-//W3C//DTD XHTML 1.0 Transitional//EN"
    "http://www.w3.org/TR/xhtml1/DTD/xhtml1-transitional.dtd">
<html xmlns="http://www.w3.org/1999/xhtml" xml:lang="en" lang="en">
 <head>
  <title>
</title>
<meta http-equiv="Content-Type" content="text/html;charset=utf-8" />
  <meta name='ocr-system' content='tesseract 3.04.00' />
  <meta name='ocr-capabilities' content='ocr_page ocr_carea ocr_par ocr_line ocrx_word'/>
</head>
<body>
  <div class='ocr_page' id='page_1' title='image "./summatheologica04nicogoog_0265.png"; bbox 0 0 1992 3342; ppageno 0'>
   <div class='ocr_carea' id='block_1_1' title="bbox 120 206 770 269">
    <p class='ocr_par' dir='ltr' id='par_1_1' title="bbox 120 206 770 269">
     <span class='ocr_line' id='line_1_1' title="bbox 120 206 770 269; baseline 0 -19"><span class='ocrx_word' id='word_1_1' title='bbox 120 206 166 250; x_wconf 77' lang='lat'>258</span> <span class='ocrx_word' id='word_1_2' title='bbox 353 217 415 253; x_wconf 80' lang='lat' dir='ltr'>vans</span> <span class='ocrx_word' id='word_1_3' title='bbox 432 217 454 265; x_wconf 86' lang='lat' dir='ltr'>r,</span> <span class='ocrx_word' id='word_1_4' title='bbox 468 216 561 261; x_wconf 80' lang='lat' dir='ltr'>ounsn.</span> <span class='ocrx_word' id='word_1_5' title='bbox 577 216 633 265; x_wconf 81' lang='lat' dir='ltr'>xrs,</span> <span class='ocrx_word' id='word_1_6' title='bbox 649 216 704 269; x_wconf 74' lang='lat' dir='ltr'>apr.</span> <span class='ocrx_word' id='word_1_7' title='bbox 720 215 770 251; x_wconf 82' lang='lat' dir='ltr'>rvr.</span> 
     </span>
    </p>
   </div>
   <div class='ocr_carea' id='block_1_2' title="bbox 113 289 977 2340">
    <p class='ocr_par' dir='ltr' id='par_1_2' title="bbox 118 289 977 634">
     <span class='ocr_line' id='line_1_2' title="bbox 153 289 977 354; baseline 0 -13"><span class='ocrx_word' id='word_1_8' title='bbox 153 290 428 354; x_wconf 75' lang='lat' dir='ltr'>(Concanum-Deus,</span> <span class='ocrx_word' id='word_1_9' title='bbox 439 291 491 341; x_wconf 80' lang='lat' dir='ltr'>clm</span> <span class='ocrx_word' id='word_1_10' title='bbox 505 304 551 341; x_wconf 87' lang='lat' dir='ltr'>non</span> <span class='ocrx_word' id='word_1_11' title='bbox 562 290 592 341; x_wconf 85' lang='lat' dir='ltr'>sit</span> <span class='ocrx_word' id='word_1_12' title='bbox 605 290 718 354; x_wconf 80' lang='lat' dir='ltr'><strong>quoddam</strong></span> <span class='ocrx_word' id='word_1_13' title='bbox 732 289 863 353; x_wconf 80' lang='lat' dir='ltr'>operabile,</span> <span class='ocrx_word' id='word_1_14' title='bbox 879 304 919 341; x_wconf 77' lang='lat' dir='ltr'>oo·</span> <span class='ocrx_word' id='word_1_15' title='bbox 976 298 977 315; x_wconf 74' lang='lat'>³</span> 
     </span>
     <span class='ocr_line' id='line_1_3' title="bbox 119 358 923 425; baseline 0.001 -15"><span class='ocrx_word' id='word_1_16' title='bbox 119 364 170 410; x_wconf 89' lang='lat' dir='ltr'>tera</span> <span class='ocrx_word' id='word_1_17' title='bbox 183 358 239 409; x_wconf 78' lang='lat' dir='ltr'>vero</span> <span class='ocrx_word' id='word_1_18' title='bbox 259 359 350 422; x_wconf 89' lang='lat' dir='ltr'>omnia,</span> <span class='ocrx_word' id='word_1_19' title='bbox 365 374 461 424; x_wconf 82' lang='lat' dir='ltr'>quorum</span> <span class='ocrx_word' id='word_1_20' title='bbox 477 362 597 412; x_wconf 85' lang='lat' dir='ltr'>scientiam</span> <span class='ocrx_word' id='word_1_21' title='bbox 617 362 702 424; x_wconf 83' lang='lat' dir='ltr'>hahet,</span> <span class='ocrx_word' id='word_1_22' title='bbox 717 374 759 424; x_wconf 85' lang='lat' dir='ltr'>per</span> <span class='ocrx_word' id='word_1_23' title='bbox 772 374 811 423; x_wconf 86' lang='lat' dir='ltr'>so,</span> <span class='ocrx_word' id='word_1_24' title='bbox 825 362 864 411; x_wconf 89' lang='lat' dir='ltr'>vel</span> <span class='ocrx_word' id='word_1_25' title='bbox 881 374 923 425; x_wconf 91' lang='lat' dir='ltr'>per</span> 
     </span>
     <span class='ocr_line' id='line_1_4' title="bbox 118 429 977 497; baseline 0.003 -17"><span class='ocrx_word' id='word_1_26' title='bbox 118 429 382 493; x_wconf 77' lang='lat' dir='ltr'>accidens,operabilia</span> <span class='ocrx_word' id='word_1_27' title='bbox 401 432 499 496; x_wconf 84' lang='lat' dir='ltr'>abipso</span> <span class='ocrx_word' id='word_1_28' title='bbox 518 432 697 495; x_wconf 86' lang='lat' dir='ltr'>niut,seipsnm</span> <span class='ocrx_word' id='word_1_29' title='bbox 718 431 814 483; x_wconf 59' lang='lat' dir='ltr'>ennon</span> <span class='ocrx_word' id='word_1_30' title='bbox 833 435 923 483; x_wconf 72' lang='lat' dir='ltr'>taum</span> <span class='ocrx_word' id='word_1_31' title='bbox 976 468 977 497; x_wconf 65' lang='lat'>,</span> 
     </span>
     <span class='ocr_line' id='line_1_5' title="bbox 118 500 977 579; baseline 0.006 -31"><span class='ocrx_word' id='word_1_32' title='bbox 118 500 259 564; x_wconf 84' lang='lat' dir='ltr'>speculativa</span> <span class='ocrx_word' id='word_1_33' title='bbox 269 501 399 565; x_wconf 77' lang='lat' dir='ltr'>cognoscit,</span> <span class='ocrx_word' id='word_1_34' title='bbox 409 502 455 553; x_wconf 89' lang='lat' dir='ltr'>alia</span> <span class='ocrx_word' id='word_1_35' title='bbox 463 501 520 553; x_wconf 79' lang='lat' dir='ltr'>uero</span> <span class='ocrx_word' id='word_1_36' title='bbox 531 502 592 565; x_wconf 81' lang='lat' dir='ltr'>ise,</span> <span class='ocrx_word' id='word_1_37' title='bbox 603 507 626 553; x_wconf 89' lang='lat' dir='ltr'>et</span> <span class='ocrx_word' id='word_1_38' title='bbox 639 501 738 567; x_wconf 88' lang='lat' dir='ltr'>practica</span> <span class='ocrx_word' id='word_1_39' title='bbox 749 507 773 553; x_wconf 83' lang='lat' dir='ltr'>sl</span> <span class='ocrx_word' id='word_1_40' title='bbox 783 502 924 566; x_wconf 85' lang='lat' dir='ltr'>speculativa</span> <span class='ocrx_word' id='word_1_41' title='bbox 976 514 977 579; x_wconf 51' lang='grc' dir='ltr'>ᾗ</span> 
     </span>
     <span class='ocr_line' id='line_1_6' title="bbox 118 570 291 634; baseline 0 -14"><span class='ocrx_word' id='word_1_42' title='bbox 118 570 216 621; x_wconf 84' lang='lat' dir='ltr'>scientia</span> <span class='ocrx_word' id='word_1_43' title='bbox 228 570 291 634; x_wconf 87' lang='lat' dir='ltr'>scit.)</span> 
     </span>
    </p>

    <p class='ocr_par' dir='ltr' id='par_1_3' title="bbox 117 641 926 987">
     <span class='ocr_line' id='line_1_7' title="bbox 150 641 924 707; baseline 0.006 -17"><span class='ocrx_word' id='word_1_44' title='bbox 150 642 287 704; x_wconf 81' lang='lat' dir='ltr'>Respondeo</span> <span class='ocrx_word' id='word_1_45' title='bbox 298 641 437 705; x_wconf 85' lang='lat' dir='ltr'>dicendum,</span> <span class='ocrx_word' id='word_1_46' title='bbox 448 643 510 707; x_wconf 82' lang='lat' dir='ltr'>quod</span> <span class='ocrx_word' id='word_1_47' title='bbox 529 643 604 707; x_wconf 89' lang='lat' dir='ltr'>aliqua</span> <span class='ocrx_word' id='word_1_48' title='bbox 618 644 716 693; x_wconf 88' lang='lat' dir='ltr'>scientia</span> <span class='ocrx_word' id='word_1_49' title='bbox 728 646 763 693; x_wconf 87' lang='lat' dir='ltr'>est</span> <span class='ocrx_word' id='word_1_50' title='bbox 780 644 924 706; x_wconf 84' lang='lat' dir='ltr'>speculativa</span> 
     </span>
     <span class='ocr_line' id='line_1_8' title="bbox 117 713 926 780; baseline 0.005 -19"><span class='ocrx_word' id='word_1_51' title='bbox 117 715 206 761; x_wconf 74' lang='lat' dir='ltr'>tantm</span> <span class='ocrx_word' id='word_1_52' title='bbox 214 749 223 775; x_wconf 94' lang='lat'>,</span> <span class='ocrx_word' id='word_1_53' title='bbox 235 713 311 777; x_wconf 79' lang='lat' dir='ltr'>aliurn</span> <span class='ocrx_word' id='word_1_54' title='bbox 324 713 425 777; x_wconf 85' lang='lat' dir='ltr'>practice</span> <span class='ocrx_word' id='word_1_55' title='bbox 435 715 534 778; x_wconf 70' lang='lat' dir='ltr'>mntem,</span> <span class='ocrx_word' id='word_1_56' title='bbox 549 715 624 779; x_wconf 80' lang='lat' dir='ltr'>aliqua</span> <span class='ocrx_word' id='word_1_57' title='bbox 635 714 689 765; x_wconf 82' lang='lat' dir='ltr'>vert</span> <span class='ocrx_word' id='word_1_58' title='bbox 700 713 827 765; x_wconf 84' lang='lat' dir='ltr'>secundnm</span> <span class='ocrx_word' id='word_1_59' title='bbox 836 713 926 780; x_wconf 78' lang='lat' dir='ltr'>aliquid</span> 
     </span>
     <span class='ocr_line' id='line_1_9' title="bbox 118 782 925 849; baseline 0.005 -18"><span class='ocrx_word' id='word_1_60' title='bbox 118 782 258 845; x_wconf 77' lang='lat' dir='ltr'>cpecuntira</span> <span class='ocrx_word' id='word_1_61' title='bbox 277 787 301 833; x_wconf 88' lang='lat' dir='ltr'>et</span> <span class='ocrx_word' id='word_1_62' title='bbox 318 786 443 834; x_wconf 81' lang='lat' dir='ltr'>secundum</span> <span class='ocrx_word' id='word_1_63' title='bbox 460 785 548 849; x_wconf 86' lang='lat' dir='ltr'>aliquid</span> <span class='ocrx_word' id='word_1_64' title='bbox 565 786 675 849; x_wconf 86' lang='lat' dir='ltr'>practica.</span> <span class='ocrx_word' id='word_1_65' title='bbox 695 784 811 848; x_wconf 74' lang='lat' dir='ltr'>ancujus</span> <span class='ocrx_word' id='word_1_66' title='bbox 827 785 925 837; x_wconf 85' lang='lat' dir='ltr'>eviden-</span> 
     </span>
     <span class='ocr_line' id='line_1_10' title="bbox 117 852 925 921; baseline 0.005 -19"><span class='ocrx_word' id='word_1_67' title='bbox 117 852 174 902; x_wconf 90' lang='lat' dir='ltr'>tiam</span> <span class='ocrx_word' id='word_1_68' title='bbox 187 854 305 905; x_wconf 88' lang='lat' dir='ltr'>sciendum</span> <span class='ocrx_word' id='word_1_69' title='bbox 323 859 374 917; x_wconf 90' lang='lat' dir='ltr'>est,</span> <span class='ocrx_word' id='word_1_70' title='bbox 387 856 449 919; x_wconf 75' lang='lat' dir='ltr'>quod</span> <span class='ocrx_word' id='word_1_71' title='bbox 464 856 541 920; x_wconf 84' lang='lat' dir='ltr'>aliqua</span> <span class='ocrx_word' id='word_1_72' title='bbox 561 857 656 907; x_wconf 86' lang='lat' dir='ltr'>scientia</span> <span class='ocrx_word' id='word_1_73' title='bbox 670 860 747 921; x_wconf 83' lang='lat' dir='ltr'>potest</span> <span class='ocrx_word' id='word_1_74' title='bbox 759 854 804 905; x_wconf 84' lang='lat' dir='ltr'>dici</span> <span class='ocrx_word' id='word_1_75' title='bbox 818 858 925 919; x_wconf 84' lang='lat' dir='ltr'>specula·</span> 
     </span>
     <span class='ocr_line' id='line_1_11' title="bbox 118 922 308 987; baseline 0.021 -16"><span class='ocrx_word' id='word_1_76' title='bbox 118 922 167 972; x_wconf 87' lang='lat' dir='ltr'>tiva</span> <span class='ocrx_word' id='word_1_77' title='bbox 179 922 308 987; x_wconf 80' lang='lat' dir='ltr'>tripliciter.</span> 
     </span>
    </p>

    <p class='ocr_par' dir='ltr' id='par_1_4' title="bbox 118 994 931 1187">
     <span class='ocr_line' id='line_1_12' title="bbox 149 994 926 1063; baseline 0.005 -18"><span class='ocrx_word' id='word_1_78' title='bbox 149 994 226 1045; x_wconf 79' lang='lat' dir='ltr'>Primo</span> <span class='ocrx_word' id='word_1_79' title='bbox 230 1033 239 1059; x_wconf 94' lang='lat'>,</span> <span class='ocrx_word' id='word_1_80' title='bbox 253 1010 283 1047; x_wconf 85' lang='lat' dir='ltr'>ex</span> <span class='ocrx_word' id='word_1_81' title='bbox 295 1001 360 1061; x_wconf 85' lang='lat' dir='ltr'>parte</span> <span class='ocrx_word' id='word_1_82' title='bbox 376 1011 452 1047; x_wconf 85' lang='lat' dir='ltr'>rerum</span> <span class='ocrx_word' id='word_1_83' title='bbox 463 1000 586 1061; x_wconf 86' lang='lat' dir='ltr'>scilarum,</span> <span class='ocrx_word' id='word_1_84' title='bbox 600 1012 650 1063; x_wconf 78' lang='lat' dir='ltr'>que</span> <span class='ocrx_word' id='word_1_85' title='bbox 666 1010 713 1047; x_wconf 89' lang='lat' dir='ltr'>non</span> <span class='ocrx_word' id='word_1_86' title='bbox 725 1002 779 1048; x_wconf 87' lang='lat' dir='ltr'>sunt</span> <span class='ocrx_word' id='word_1_87' title='bbox 793 1000 926 1061; x_wconf 80' lang='lat' dir='ltr'>operabiles</span> 
     </span>
     <span class='ocr_line' id='line_1_13' title="bbox 119 1064 931 1134; baseline 0.006 -20"><span class='ocrx_word' id='word_1_88' title='bbox 119 1064 133 1114; x_wconf 78' lang='lat' dir='ltr'>a</span> <span class='ocrx_word' id='word_1_89' title='bbox 145 1065 241 1130; x_wconf 77' lang='lat' dir='ltr'><strong>sciente,</strong></span> <span class='ocrx_word' id='word_1_90' title='bbox 252 1068 310 1118; x_wconf 76' lang='lat' dir='ltr'>scut</span> <span class='ocrx_word' id='word_1_91' title='bbox 321 1074 356 1119; x_wconf 85' lang='lat' dir='ltr'>est</span> <span class='ocrx_word' id='word_1_92' title='bbox 374 1069 469 1120; x_wconf 84' lang='lat' dir='ltr'>seientia</span> <span class='ocrx_word' id='word_1_93' title='bbox 480 1070 580 1121; x_wconf 89' lang='lat' dir='ltr'>hominis</span> <span class='ocrx_word' id='word_1_94' title='bbox 587 1107 595 1134; x_wconf 96' lang='lat'>,</span> <span class='ocrx_word' id='word_1_95' title='bbox 603 1071 631 1120; x_wconf 89' lang='lat' dir='ltr'>de</span> <span class='ocrx_word' id='word_1_96' title='bbox 644 1070 712 1119; x_wconf 84' lang='lat' dir='ltr'>rebus</span> <span class='ocrx_word' id='word_1_97' title='bbox 722 1068 879 1133; x_wconf 86' lang='lat' dir='ltr'>naturalibus,</span> <span class='ocrx_word' id='word_1_98' title='bbox 891 1072 931 1121; x_wconf 88' lang='lat' dir='ltr'>vel</span> 
     </span>
     <span class='ocr_line' id='line_1_14' title="bbox 118 1135 210 1187; baseline 0.011 -1"><span class='ocrx_word' id='word_1_99' title='bbox 118 1135 210 1187; x_wconf 84' lang='lat' dir='ltr'>divinis.</span> 
     </span>
    </p>

    <p class='ocr_par' dir='ltr' id='par_1_5' title="bbox 115 1208 977 1695">
     <span class='ocr_line' id='line_1_15' title="bbox 149 1208 928 1275; baseline 0.005 -16"><span class='ocrx_word' id='word_1_100' title='bbox 149 1208 254 1261; x_wconf 78' lang='lat' dir='ltr'>Secundo</span> <span class='ocrx_word' id='word_1_101' title='bbox 262 1248 270 1274; x_wconf 93' lang='lat'>,</span> <span class='ocrx_word' id='word_1_102' title='bbox 286 1217 397 1275; x_wconf 82' lang='lat' dir='ltr'>quantum</span> <span class='ocrx_word' id='word_1_103' title='bbox 415 1214 445 1263; x_wconf 81' lang='lat' dir='ltr'>ad</span> <span class='ocrx_word' id='word_1_104' title='bbox 461 1213 554 1263; x_wconf 86' lang='lat' dir='ltr'>modum</span> <span class='ocrx_word' id='word_1_105' title='bbox 567 1213 661 1263; x_wconf 87' lang='lat' dir='ltr'>sciendi.</span> <span class='ocrx_word' id='word_1_106' title='bbox 685 1213 715 1263; x_wconf 90' lang='lat' dir='ltr'>Ut</span> <span class='ocrx_word' id='word_1_107' title='bbox 728 1214 783 1275; x_wconf 83' lang='lat' dir='ltr'>puto</span> <span class='ocrx_word' id='word_1_108' title='bbox 791 1248 800 1274; x_wconf 90' lang='lat'>,</span> <span class='ocrx_word' id='word_1_109' title='bbox 815 1210 835 1263; x_wconf 87' lang='lat' dir='ltr'>si</span> <span class='ocrx_word' id='word_1_110' title='bbox 855 1214 928 1265; x_wconf 73' lang='lat' dir='ltr'>aedili·</span> 
     </span>
     <span class='ocr_line' id='line_1_16' title="bbox 116 1280 927 1346; baseline 0.009 -19"><span class='ocrx_word' id='word_1_111' title='bbox 116 1282 180 1329; x_wconf 79' lang='lat' dir='ltr'>calor</span> <span class='ocrx_word' id='word_1_112' title='bbox 196 1280 325 1332; x_wconf 76' lang='lat' dir='ltr'>wnsideret</span> <span class='ocrx_word' id='word_1_113' title='bbox 343 1284 454 1346; x_wconf 81' lang='lat' dir='ltr'>domum,</span> <span class='ocrx_word' id='word_1_114' title='bbox 469 1282 619 1345; x_wconf 81' lang='lat' dir='ltr'>diffiniendo,</span> <span class='ocrx_word' id='word_1_115' title='bbox 638 1282 760 1332; x_wconf 84' lang='lat' dir='ltr'>dividendo</span> <span class='ocrx_word' id='word_1_116' title='bbox 778 1284 803 1331; x_wconf 84' lang='lat' dir='ltr'>et</span> <span class='ocrx_word' id='word_1_117' title='bbox 817 1284 927 1334; x_wconf 83' lang='lat' dir='ltr'>conside·</span> 
     </span>
     <span class='ocr_line' id='line_1_17' title="bbox 116 1351 931 1417; baseline 0.006 -19"><span class='ocrx_word' id='word_1_118' title='bbox 116 1351 188 1402; x_wconf 83' lang='lat' dir='ltr'>raudo</span> <span class='ocrx_word' id='word_1_119' title='bbox 203 1352 341 1404; x_wconf 78' lang='lat' dir='ltr'>universalia</span> <span class='ocrx_word' id='word_1_120' title='bbox 358 1354 480 1417; x_wconf 81' lang='lat' dir='ltr'>praedicata</span> <span class='ocrx_word' id='word_1_121' title='bbox 496 1353 589 1417; x_wconf 87' lang='lat' dir='ltr'>ipsius,</span> <span class='ocrx_word' id='word_1_122' title='bbox 604 1354 648 1403; x_wconf 88' lang='lat' dir='ltr'>hoc</span> <span class='ocrx_word' id='word_1_123' title='bbox 660 1352 773 1415; x_wconf 83' lang='lat' dir='ltr'>siqnidem</span> <span class='ocrx_word' id='word_1_124' title='bbox 793 1355 829 1402; x_wconf 89' lang='lat' dir='ltr'>est</span> <span class='ocrx_word' id='word_1_125' title='bbox 842 1366 931 1417; x_wconf 88' lang='lat' dir='ltr'>opera-</span> 
     </span>
     <span class='ocr_line' id='line_1_18' title="bbox 116 1420 930 1488; baseline 0.006 -18"><span class='ocrx_word' id='word_1_126' title='bbox 116 1420 172 1473; x_wconf 81' lang='lat' dir='ltr'>lilia</span> <span class='ocrx_word' id='word_1_127' title='bbox 190 1424 258 1475; x_wconf 84' lang='lat' dir='ltr'>modo</span> <span class='ocrx_word' id='word_1_128' title='bbox 272 1424 412 1488; x_wconf 90' lang='lat' dir='ltr'>speculativo</span> <span class='ocrx_word' id='word_1_129' title='bbox 430 1424 591 1487; x_wconf 84' lang='lat' dir='ltr'>considerare,</span> <span class='ocrx_word' id='word_1_130' title='bbox 610 1426 634 1473; x_wconf 90' lang='lat' dir='ltr'>et</span> <span class='ocrx_word' id='word_1_131' title='bbox 655 1422 846 1473; x_wconf 75' lang='lat' dir='ltr'>conservulum</span> <span class='ocrx_word' id='word_1_132' title='bbox 867 1426 930 1488; x_wconf 85' lang='lat' dir='ltr'>quod</span> 
     </span>
     <span class='ocr_line' id='line_1_19' title="bbox 116 1492 977 1558; baseline 0.006 -18"><span class='ocrx_word' id='word_1_133' title='bbox 116 1493 241 1555; x_wconf 83' lang='lat' dir='ltr'>operalilia</span> <span class='ocrx_word' id='word_1_134' title='bbox 251 1499 314 1545; x_wconf 81' lang='lat' dir='ltr'>sunt.</span> <span class='ocrx_word' id='word_1_135' title='bbox 331 1494 452 1558; x_wconf 79' lang='lat' dir='ltr'>operabile</span> <span class='ocrx_word' id='word_1_136' title='bbox 465 1494 528 1545; x_wconf 88' lang='lat' dir='ltr'>enim</span> <span class='ocrx_word' id='word_1_137' title='bbox 542 1500 578 1545; x_wconf 83' lang='lat' dir='ltr'>est</span> <span class='ocrx_word' id='word_1_138' title='bbox 590 1494 677 1558; x_wconf 88' lang='lat' dir='ltr'>aliquid</span> <span class='ocrx_word' id='word_1_139' title='bbox 690 1507 731 1557; x_wconf 89' lang='lat' dir='ltr'>per</span> <span class='ocrx_word' id='word_1_140' title='bbox 743 1492 928 1557; x_wconf 74' lang='lat' dir='ltr'>applicationem</span> <span class='ocrx_word' id='word_1_141' title='bbox 976 1544 977 1553; x_wconf 65' lang='grc'>,</span> 
     </span>
     <span class='ocr_line' id='line_1_20' title="bbox 116 1560 977 1630; baseline 0.006 -19"><span class='ocrx_word' id='word_1_142' title='bbox 116 1560 195 1615; x_wconf 75' lang='lat' dir='ltr'>forme</span> <span class='ocrx_word' id='word_1_143' title='bbox 205 1566 235 1615; x_wconf 82' lang='lat' dir='ltr'>ad</span> <span class='ocrx_word' id='word_1_144' title='bbox 246 1565 382 1628; x_wconf 72' lang='lat' dir='ltr'>materiam,</span> <span class='ocrx_word' id='word_1_145' title='bbox 394 1579 442 1615; x_wconf 89' lang='lat' dir='ltr'>nou</span> <span class='ocrx_word' id='word_1_146' title='bbox 455 1580 498 1630; x_wconf 89' lang='lat' dir='ltr'>per</span> <span class='ocrx_word' id='word_1_147' title='bbox 512 1565 675 1617; x_wconf 75' lang='lat' dir='ltr'>resolutionem</span> <span class='ocrx_word' id='word_1_148' title='bbox 686 1562 808 1627; x_wconf 80' lang='lat' dir='ltr'>compositi</span> <span class='ocrx_word' id='word_1_149' title='bbox 820 1563 845 1613; x_wconf 92' lang='lat' dir='ltr'>iu</span> <span class='ocrx_word' id='word_1_150' title='bbox 860 1566 929 1629; x_wconf 86' lang='lat' dir='ltr'>prin·</span> <span class='ocrx_word' id='word_1_151' title='bbox 976 1590 977 1605; x_wconf 53' lang='lat' dir='ltr'>r</span> 
     </span>
     <span class='ocr_line' id='line_1_21' title="bbox 115 1631 449 1695; baseline 0.018 -15"><span class='ocrx_word' id='word_1_152' title='bbox 115 1631 175 1695; x_wconf 82' lang='lat' dir='ltr'>cipia</span> <span class='ocrx_word' id='word_1_153' title='bbox 187 1634 324 1685; x_wconf 74' lang='lat' dir='ltr'>universalia</span> <span class='ocrx_word' id='word_1_154' title='bbox 336 1636 449 1686; x_wconf 84' lang='lat' dir='ltr'>formalia.</span> 
     </span>
    </p>

    <p class='ocr_par' dir='ltr' id='par_1_6' title="bbox 113 1702 933 2340">
     <span class='ocr_line' id='line_1_22' title="bbox 145 1702 926 1771; baseline 0.008 -19"><span class='ocrx_word' id='word_1_155' title='bbox 145 1702 235 1766; x_wconf 78' lang='lat' dir='ltr'>Tertio,</span> <span class='ocrx_word' id='word_1_156' title='bbox 248 1709 360 1767; x_wconf 84' lang='lat' dir='ltr'>qnantum</span> <span class='ocrx_word' id='word_1_157' title='bbox 370 1708 400 1757; x_wconf 87' lang='lat' dir='ltr'>ad</span> <span class='ocrx_word' id='word_1_158' title='bbox 410 1708 488 1758; x_wconf 81' lang='lat' dir='ltr'>finem.</span> <span class='ocrx_word' id='word_1_159' title='bbox 499 1709 558 1758; x_wconf 87' lang='lat' dir='ltr'>Nam</span> <span class='ocrx_word' id='word_1_160' title='bbox 570 1707 700 1757; x_wconf 84' lang='lat' dir='ltr'>intellectus</span> <span class='ocrx_word' id='word_1_161' title='bbox 712 1705 827 1771; x_wconf 79' lang='lat' dir='ltr'>practicus</span> <span class='ocrx_word' id='word_1_162' title='bbox 838 1705 926 1758; x_wconf 75' lang='lat' dir='ltr'>differt</span> 
     </span>
     <span class='ocr_line' id='line_1_23' title="bbox 115 1773 925 1842; baseline 0.006 -19"><span class='ocrx_word' id='word_1_163' title='bbox 115 1773 161 1823; x_wconf 82' lang='lat' dir='ltr'>nne</span> <span class='ocrx_word' id='word_1_164' title='bbox 173 1773 187 1822; x_wconf 82' lang='lat' dir='ltr'>l</span> <span class='ocrx_word' id='word_1_165' title='bbox 200 1775 341 1837; x_wconf 89' lang='lat' dir='ltr'>speculativo</span> <span class='ocrx_word' id='word_1_166' title='bbox 350 1814 359 1839; x_wconf 90' lang='lat'>,</span> <span class='ocrx_word' id='word_1_167' title='bbox 369 1776 428 1827; x_wconf 85' lang='lat' dir='ltr'>sicut</span> <span class='ocrx_word' id='word_1_168' title='bbox 438 1778 521 1829; x_wconf 84' lang='lat' dir='ltr'>dieitur</span> <span class='ocrx_word' id='word_1_169' title='bbox 530 1778 555 1827; x_wconf 88' lang='lat' dir='ltr'>in</span> <span class='ocrx_word' id='word_1_170' title='bbox 565 1779 609 1841; x_wconf 91' lang='lat' dir='ltr'>lll,</span> <span class='ocrx_word' id='word_1_171' title='bbox 622 1778 654 1827; x_wconf 89' lang='lat' dir='ltr'>de</span> <span class='ocrx_word' id='word_1_172' title='bbox 668 1778 758 1827; x_wconf 76' lang='lat' dir='ltr'>Anima</span> <span class='ocrx_word' id='word_1_173' title='bbox 772 1779 844 1842; x_wconf 84' lang='lat' dir='ltr'>(text.</span> <span class='ocrx_word' id='word_1_174' title='bbox 861 1780 894 1827; x_wconf 79' lang='lat' dir='ltr'>lli</span> <span class='ocrx_word' id='word_1_175' title='bbox 903 1776 925 1842; x_wconf 89' lang='lat'>).</span> 
     </span>
     <span class='ocr_line' id='line_1_24' title="bbox 115 1843 930 1911; baseline 0.01 -19"><span class='ocrx_word' id='word_1_176' title='bbox 115 1843 248 1895; x_wconf 87' lang='lat' dir='ltr'>intellectus</span> <span class='ocrx_word' id='word_1_177' title='bbox 258 1846 321 1895; x_wconf 87' lang='lat' dir='ltr'>enim</span> <span class='ocrx_word' id='word_1_178' title='bbox 333 1848 446 1910; x_wconf 83' lang='lat' dir='ltr'>practicus</span> <span class='ocrx_word' id='word_1_179' title='bbox 460 1849 577 1900; x_wconf 85' lang='lat' dir='ltr'>ordinatur</span> <span class='ocrx_word' id='word_1_180' title='bbox 588 1848 696 1899; x_wconf 88' lang='lat' dir='ltr'>adfinem</span> <span class='ocrx_word' id='word_1_181' title='bbox 708 1847 860 1911; x_wconf 82' lang='lat' dir='ltr'>operationis,</span> <span class='ocrx_word' id='word_1_182' title='bbox 870 1848 930 1900; x_wconf 84' lang='lat' dir='ltr'>finis</span> 
     </span>
     <span class='ocr_line' id='line_1_25' title="bbox 114 1915 927 1984; baseline 0.01 -21"><span class='ocrx_word' id='word_1_183' title='bbox 114 1918 192 1967; x_wconf 61' lang='lat' dir='ltr'>annm</span> <span class='ocrx_word' id='word_1_184' title='bbox 207 1915 339 1967; x_wconf 85' lang='lat' dir='ltr'>intellectos</span> <span class='ocrx_word' id='word_1_185' title='bbox 351 1919 488 1981; x_wconf 79' lang='lat' dir='ltr'>speculativi</span> <span class='ocrx_word' id='word_1_186' title='bbox 497 1924 532 1969; x_wconf 87' lang='lat' dir='ltr'>est</span> <span class='ocrx_word' id='word_1_187' title='bbox 545 1918 696 1970; x_wconf 83' lang='lat' dir='ltr'>consideratio</span> <span class='ocrx_word' id='word_1_188' title='bbox 708 1918 823 1969; x_wconf 85' lang='lat' dir='ltr'>veritalis.</span> <span class='ocrx_word' id='word_1_189' title='bbox 844 1920 927 1984; x_wconf 85' lang='lat' dir='ltr'>Unde,</span> 
     </span>
     <span class='ocr_line' id='line_1_26' title="bbox 113 1986 923 2058; baseline 0.01 -23"><span class='ocrx_word' id='word_1_190' title='bbox 113 1986 134 2035; x_wconf 91' lang='lat' dir='ltr'>si</span> <span class='ocrx_word' id='word_1_191' title='bbox 148 1987 200 2051; x_wconf 85' lang='lat' dir='ltr'>puis</span> <span class='ocrx_word' id='word_1_192' title='bbox 211 1988 334 2039; x_wconf 77' lang='lat' dir='ltr'>edificator</span> <span class='ocrx_word' id='word_1_193' title='bbox 344 1990 473 2041; x_wconf 84' lang='lat' dir='ltr'>consideret</span> <span class='ocrx_word' id='word_1_194' title='bbox 480 1992 578 2053; x_wconf 77' lang='lat' dir='ltr'>qualiter</span> <span class='ocrx_word' id='word_1_195' title='bbox 591 1995 668 2054; x_wconf 85' lang='lat' dir='ltr'>posset</span> <span class='ocrx_word' id='word_1_196' title='bbox 678 1990 727 2041; x_wconf 81' lang='lat' dir='ltr'>lieri</span> <span class='ocrx_word' id='word_1_197' title='bbox 737 1990 815 2053; x_wconf 88' lang='lat' dir='ltr'>aliqua</span> <span class='ocrx_word' id='word_1_198' title='bbox 826 1991 923 2058; x_wconf 81' lang='lat' dir='ltr'>(lomus,</span> 
     </span>
     <span class='ocr_line' id='line_1_27' title="bbox 114 2058 931 2129; baseline 0.011 -24"><span class='ocrx_word' id='word_1_199' title='bbox 114 2070 162 2107; x_wconf 89' lang='lat' dir='ltr'>non</span> <span class='ocrx_word' id='word_1_200' title='bbox 175 2058 285 2110; x_wconf 85' lang='lat' dir='ltr'>ordinans</span> <span class='ocrx_word' id='word_1_201' title='bbox 298 2060 328 2110; x_wconf 85' lang='lat' dir='ltr'>ad</span> <span class='ocrx_word' id='word_1_202' title='bbox 339 2060 407 2129; x_wconf 78' lang='lat' dir='ltr'>linem</span> <span class='ocrx_word' id='word_1_203' title='bbox 419 2061 573 2125; x_wconf 87' lang='lat' dir='ltr'>operationis,</span> <span class='ocrx_word' id='word_1_204' title='bbox 585 2063 625 2112; x_wconf 84' lang='lat' dir='ltr'>sed</span> <span class='ocrx_word' id='word_1_205' title='bbox 635 2062 664 2112; x_wconf 90' lang='lat' dir='ltr'>ad</span> <span class='ocrx_word' id='word_1_206' title='bbox 673 2060 861 2123; x_wconf 78' lang='lat' dir='ltr'>cognoscendum</span> <span class='ocrx_word' id='word_1_207' title='bbox 873 2066 931 2114; x_wconf 85' lang='lat' dir='ltr'>tan-</span> 
     </span>
     <span class='ocr_line' id='line_1_28' title="bbox 113 2130 927 2195; baseline 0.014 -19"><span class='ocrx_word' id='word_1_208' title='bbox 113 2131 177 2190; x_wconf 88' lang='lat' dir='ltr'>tum,</span> <span class='ocrx_word' id='word_1_209' title='bbox 188 2130 232 2179; x_wconf 86' lang='lat' dir='ltr'>erit</span> <span class='ocrx_word' id='word_1_210' title='bbox 242 2130 366 2195; x_wconf 77' lang='lat' dir='ltr'>(qnunmm</span> <span class='ocrx_word' id='word_1_211' title='bbox 374 2132 404 2180; x_wconf 92' lang='lat' dir='ltr'>ad</span> <span class='ocrx_word' id='word_1_212' title='bbox 417 2130 499 2195; x_wconf 87' lang='lat' dir='ltr'>linem)</span> <span class='ocrx_word' id='word_1_213' title='bbox 509 2133 649 2195; x_wconf 84' lang='lat' dir='ltr'>speculativa</span> <span class='ocrx_word' id='word_1_214' title='bbox 659 2131 827 2195; x_wconf 72' lang='lat' dir='ltr'>consideratio,</span> <span class='ocrx_word' id='word_1_215' title='bbox 840 2138 927 2186; x_wconf 85' lang='lat' dir='ltr'>tamen</span> 
     </span>
     <span class='ocr_line' id='line_1_29' title="bbox 113 2197 929 2269; baseline 0.015 -24"><span class='ocrx_word' id='word_1_216' title='bbox 113 2197 176 2247; x_wconf 87' lang='lat' dir='ltr'>dere</span> <span class='ocrx_word' id='word_1_217' title='bbox 187 2200 281 2261; x_wconf 83' lang='lat' dir='ltr'>operati.</span> <span class='ocrx_word' id='word_1_218' title='bbox 290 2199 391 2251; x_wconf 81' lang='lat' dir='ltr'>scientia</span> <span class='ocrx_word' id='word_1_219' title='bbox 398 2201 483 2265; x_wconf 80' lang='lat' dir='ltr'>igitur,</span> <span class='ocrx_word' id='word_1_220' title='bbox 492 2216 543 2265; x_wconf 83' lang='lat' dir='ltr'>quae</span> <span class='ocrx_word' id='word_1_221' title='bbox 552 2206 587 2253; x_wconf 85' lang='lat' dir='ltr'>est</span> <span class='ocrx_word' id='word_1_222' title='bbox 596 2202 735 2266; x_wconf 86' lang='lat' dir='ltr'>speculativa</span> <span class='ocrx_word' id='word_1_223' title='bbox 744 2200 837 2253; x_wconf 86' lang='lat' dir='ltr'>vatione</span> <span class='ocrx_word' id='word_1_224' title='bbox 849 2204 929 2269; x_wconf 85' lang='lat' dir='ltr'>ipsius</span> 
     </span>
     <span class='ocr_line' id='line_1_30' title="bbox 113 2267 933 2340; baseline 0.017 -24"><span class='ocrx_word' id='word_1_225' title='bbox 113 2267 148 2317; x_wconf 88' lang='lat' dir='ltr'>rei</span> <span class='ocrx_word' id='word_1_226' title='bbox 160 2268 222 2319; x_wconf 73' lang='lat' dir='ltr'>scite</span> <span class='ocrx_word' id='word_1_227' title='bbox 236 2270 271 2334; x_wconf 89' lang='lat' dir='ltr'>(l)</span> <span class='ocrx_word' id='word_1_228' title='bbox 283 2276 319 2323; x_wconf 86' lang='lat' dir='ltr'>est</span> <span class='ocrx_word' id='word_1_229' title='bbox 330 2273 471 2337; x_wconf 70' lang='lat' dir='ltr'>speculatus</span> <span class='ocrx_word' id='word_1_230' title='bbox 484 2277 649 2340; x_wconf 65' lang='lat' dir='ltr'>tantumque</span> <span class='ocrx_word' id='word_1_231' title='bbox 662 2272 716 2324; x_wconf 78' lang='lat' dir='ltr'>vero</span> <span class='ocrx_word' id='word_1_232' title='bbox 730 2274 879 2337; x_wconf 82' lang='lat' dir='ltr'>speculativa</span> <span class='ocrx_word' id='word_1_233' title='bbox 893 2283 933 2329; x_wconf 83' lang='lat' dir='ltr'>est</span> 
     </span>
    </p>
   </div>
   <div class='ocr_carea' id='block_1_3' title="bbox 109 2442 935 2963">
    <p class='ocr_par' dir='ltr' id='par_1_7' title="bbox 110 2442 933 2826">
     <span class='ocr_line' id='line_1_31' title="bbox 112 2442 931 2514; baseline 0.021 -33"><span class='ocrx_word' id='word_1_234' title='bbox 112 2444 196 2483; x_wconf 78' lang='lat' dir='ltr'>cnutus</span> <span class='ocrx_word' id='word_1_235' title='bbox 212 2442 319 2497; x_wconf 76' lang='lat' dir='ltr'>practice</span> <span class='ocrx_word' id='word_1_236' title='bbox 339 2446 376 2490; x_wconf 90' lang='lat' dir='ltr'>vel</span> <span class='ocrx_word' id='word_1_237' title='bbox 390 2446 471 2492; x_wconf 81' lang='lat' dir='ltr'>activae</span> <span class='ocrx_word' id='word_1_238' title='bbox 486 2444 568 2507; x_wconf 76' lang='lat' dir='ltr'>¹(J&#39;unta</span> <span class='ocrx_word' id='word_1_239' title='bbox 586 2458 685 2504; x_wconf 61' lang='lat' dir='ltr'>mecum</span> <span class='ocrx_word' id='word_1_240' title='bbox 703 2444 851 2514; x_wconf 63' lang='grc' dir='ltr'>πρακτικὴ),</span> <span class='ocrx_word' id='word_1_241' title='bbox 869 2454 931 2509; x_wconf 77' lang='lat' dir='ltr'>quia</span> 
     </span>
     <span class='ocr_line' id='line_1_32' title="bbox 111 2513 932 2577; baseline 0.022 -25"><span class='ocrx_word' id='word_1_242' title='bbox 111 2515 233 2555; x_wconf 83' lang='lat' dir='ltr'>versantur</span> <span class='ocrx_word' id='word_1_243' title='bbox 250 2513 312 2557; x_wconf 84' lang='lat' dir='ltr'>circa</span> <span class='ocrx_word' id='word_1_244' title='bbox 328 2527 356 2559; x_wconf 85' lang='lat' dir='ltr'>ea</span> <span class='ocrx_word' id='word_1_245' title='bbox 369 2529 421 2571; x_wconf 74' lang='lat' dir='ltr'>qum</span> <span class='ocrx_word' id='word_1_246' title='bbox 435 2518 570 2573; x_wconf 82' lang='lat' dir='ltr'>simpliciter</span> <span class='ocrx_word' id='word_1_247' title='bbox 584 2519 677 2574; x_wconf 76' lang='lat' dir='ltr'>agibilia</span> <span class='ocrx_word' id='word_1_248' title='bbox 689 2524 751 2577; x_wconf 86' lang='lat' dir='ltr'>sunt,</span> <span class='ocrx_word' id='word_1_249' title='bbox 778 2532 830 2569; x_wconf 87' lang='lat' dir='ltr'>non</span> <span class='ocrx_word' id='word_1_250' title='bbox 850 2527 932 2573; x_wconf 87' lang='lat' dir='ltr'>relin-</span> 
     </span>
     <span class='ocr_line' id='line_1_33' title="bbox 114 2572 933 2638; baseline 0.022 -23"><span class='ocrx_word' id='word_1_251' title='bbox 114 2572 207 2626; x_wconf 85' lang='lat' dir='ltr'>quendo</span> <span class='ocrx_word' id='word_1_252' title='bbox 222 2582 275 2629; x_wconf 82' lang='lat' dir='ltr'>post</span> <span class='ocrx_word' id='word_1_253' title='bbox 286 2587 311 2619; x_wconf 87' lang='lat' dir='ltr'>sa</span> <span class='ocrx_word' id='word_1_254' title='bbox 325 2576 418 2633; x_wconf 81' lang='lat' dir='ltr'>aliquod</span> <span class='ocrx_word' id='word_1_255' title='bbox 433 2591 504 2638; x_wconf 86' lang='lat' dir='ltr'>opus,</span> <span class='ocrx_word' id='word_1_256' title='bbox 521 2580 583 2635; x_wconf 85' lang='lat' dir='ltr'>qnod</span> <span class='ocrx_word' id='word_1_257' title='bbox 597 2580 681 2627; x_wconf 77' lang='lat' dir='ltr'>laevive</span> <span class='ocrx_word' id='word_1_258' title='bbox 692 2581 839 2637; x_wconf 77' lang='lat' dir='ltr'>relinquunt.</span> <span class='ocrx_word' id='word_1_259' title='bbox 855 2591 933 2636; x_wconf 81' lang='lat' dir='ltr'>Urnle</span> 
     </span>
     <span class='ocr_line' id='line_1_34' title="bbox 111 2632 931 2709; baseline 0.024 -33"><span class='ocrx_word' id='word_1_260' title='bbox 111 2632 145 2676; x_wconf 85' lang='lat' dir='ltr'>ibi</span> <span class='ocrx_word' id='word_1_261' title='bbox 154 2638 202 2679; x_wconf 86' lang='lat' dir='ltr'>tres</span> <span class='ocrx_word' id='word_1_262' title='bbox 218 2636 262 2680; x_wconf 82' lang='lat' dir='ltr'>illae</span> <span class='ocrx_word' id='word_1_263' title='bbox 275 2638 376 2684; x_wconf 76' lang='lat' dir='ltr'>scientim</span> <span class='ocrx_word' id='word_1_264' title='bbox 389 2642 487 2685; x_wconf 86' lang='lat' dir='ltr'>seorsim</span> <span class='ocrx_word' id='word_1_265' title='bbox 502 2641 659 2700; x_wconf 71' lang='lat' dir='ltr'>assignantur,</span> <span class='ocrx_word' id='word_1_266' title='bbox 670 2644 834 2701; x_wconf 74' lang='lat' dir='ltr'>speculativa,</span> <span class='ocrx_word' id='word_1_267' title='bbox 845 2664 931 2709; x_wconf 72' lang='lat' dir='ltr'>proe-</span> 
     </span>
     <span class='ocr_line' id='line_1_35' title="bbox 110 2696 932 2761; baseline 0.024 -24"><span class='ocrx_word' id='word_1_268' title='bbox 110 2696 170 2744; x_wconf 79' lang='lat' dir='ltr'>lica,</span> <span class='ocrx_word' id='word_1_269' title='bbox 184 2700 206 2741; x_wconf 81' lang='lat' dir='ltr'>et</span> <span class='ocrx_word' id='word_1_270' title='bbox 215 2699 322 2755; x_wconf 76' lang='lat' dir='ltr'>poietico</span> <span class='ocrx_word' id='word_1_271' title='bbox 335 2713 376 2745; x_wconf 90' lang='lat' dir='ltr'>seu</span> <span class='ocrx_word' id='word_1_272' title='bbox 394 2704 501 2761; x_wconf 77' lang='lat' dir='ltr'>scotico,</span> <span class='ocrx_word' id='word_1_273' title='bbox 512 2706 618 2759; x_wconf 86' lang='lat' dir='ltr'>quumvis</span> <span class='ocrx_word' id='word_1_274' title='bbox 636 2706 726 2751; x_wconf 77' lang='lat' dir='ltr'>factivae</span> <span class='ocrx_word' id='word_1_275' title='bbox 742 2708 932 2761; x_wconf 72' lang='lat' dir='ltr'>confundamur</span> 
     </span>
     <span class='ocr_line' id='line_1_36' title="bbox 110 2756 730 2826; baseline 0.023 -27"><span class='ocrx_word' id='word_1_276' title='bbox 110 2756 224 2804; x_wconf 86' lang='lat' dir='ltr'>interdum</span> <span class='ocrx_word' id='word_1_277' title='bbox 240 2772 291 2805; x_wconf 83' lang='lat' dir='ltr'>curn</span> <span class='ocrx_word' id='word_1_278' title='bbox 305 2764 412 2818; x_wconf 80' lang='lat' dir='ltr'>practicis</span> <span class='ocrx_word' id='word_1_279' title='bbox 422 2767 460 2810; x_wconf 92' lang='lat' dir='ltr'>vel</span> <span class='ocrx_word' id='word_1_280' title='bbox 475 2777 528 2809; x_wconf 90' lang='lat' dir='ltr'>cum</span> <span class='ocrx_word' id='word_1_281' title='bbox 542 2768 637 2826; x_wconf 87' lang='lat' dir='ltr'>activis,</span> <span class='ocrx_word' id='word_1_282' title='bbox 650 2766 730 2813; x_wconf 78' lang='lat' dir='ltr'>utlaio.</span> 
     </span>
    </p>

    <p class='ocr_par' dir='ltr' id='par_1_8' title="bbox 109 2823 935 2963">
     <span class='ocr_line' id='line_1_37' title="bbox 144 2823 934 2895; baseline 0.022 -23"><span class='ocrx_word' id='word_1_283' title='bbox 144 2823 175 2887; x_wconf 82' lang='lat' dir='ltr'>(l)</span> <span class='ocrx_word' id='word_1_284' title='bbox 200 2830 225 2873; x_wconf 88' lang='lat' dir='ltr'>ld</span> <span class='ocrx_word' id='word_1_285' title='bbox 242 2836 278 2875; x_wconf 88' lang='lat' dir='ltr'>est</span> <span class='ocrx_word' id='word_1_286' title='bbox 290 2832 378 2877; x_wconf 87' lang='lat' dir='ltr'>ratione</span> <span class='ocrx_word' id='word_1_287' title='bbox 396 2835 483 2891; x_wconf 86' lang='lat' dir='ltr'>objecti</span> <span class='ocrx_word' id='word_1_288' title='bbox 498 2836 642 2883; x_wconf 79' lang='lat' dir='ltr'>solmumodo</span> <span class='ocrx_word' id='word_1_289' title='bbox 659 2840 807 2895; x_wconf 83' lang='lat' dir='ltr'>speculabilis</span> <span class='ocrx_word' id='word_1_290' title='bbox 825 2851 852 2889; x_wconf 82' lang='lat' dir='ltr'>el</span> <span class='ocrx_word' id='word_1_291' title='bbox 877 2862 934 2895; x_wconf 66' lang='lat' dir='ltr'>non</span> 
     </span>
     <span class='ocr_line' id='line_1_38' title="bbox 109 2892 935 2963; baseline 0.022 -32"><span class='ocrx_word' id='word_1_292' title='bbox 109 2892 246 2945; x_wconf 87' lang='lat' dir='ltr'>operabilis.</span> <span class='ocrx_word' id='word_1_293' title='bbox 264 2894 326 2939; x_wconf 87' lang='lat' dir='ltr'>Talis</span> <span class='ocrx_word' id='word_1_294' title='bbox 339 2902 416 2941; x_wconf 83' lang='lat' dir='ltr'>autern</span> <span class='ocrx_word' id='word_1_295' title='bbox 435 2902 542 2953; x_wconf 85' lang='lat' dir='ltr'>respectu</span> <span class='ocrx_word' id='word_1_296' title='bbox 556 2900 597 2945; x_wconf 88' lang='lat' dir='ltr'>Dei</span> <span class='ocrx_word' id='word_1_297' title='bbox 608 2902 670 2947; x_wconf 86' lang='lat' dir='ltr'>solus</span> <span class='ocrx_word' id='word_1_298' title='bbox 681 2903 800 2962; x_wconf 79' lang='lat' dir='ltr'>neuarst,</span> <span class='ocrx_word' id='word_1_299' title='bbox 816 2909 862 2963; x_wconf 87' lang='lat' dir='ltr'>qui</span> <span class='ocrx_word' id='word_1_300' title='bbox 876 2924 935 2959; x_wconf 76' lang='lat' dir='ltr'>om.</span> 
     </span>
    </p>
   </div>
   <div class='ocr_carea' id='block_1_4' title="bbox 0 0 1000 3342">
    <p class='ocr_par' dir='ltr' id='par_1_9' title="bbox 0 0 1000 3342">
     <span class='ocr_line' id='line_1_39' title="bbox 0 0 1000 3342; baseline 0 2"><span class='ocrx_word' id='word_1_301' title='bbox 0 0 1000 3342; x_wconf 95' lang='lat' dir='ltr'> </span> 
     </span>
    </p>
   </div>
  </div>
 </body>
</html>
