1992 3342
360 265 394 302 ur
411 265 526 302 rourum
540 265 595 302 uari
846 255 882 301 83

64 351 165 402 Trinitas
172 351 316 402 diuersarum
324 361 478 414 peramarum
484 352 520 400 est
529 350 743 400 summumboaum
755 345 802 416 ’(1),
816 353 878 415 quod

64 421 236 486 purgatissimis
248 421 368 472 mentibus
382 421 493 472 comitur.

97 495 259 561 (Gomoario.
268 521 301 532 -
310 493 370 546 Cum
379 492 505 544 bouomsit
513 493 538 542 iu
546 495 609 558 lieo,
618 493 680 545 elcut
690 493 715 544 iu
723 495 797 560 prima
808 508 883 547 causa

66 566 186 630 omnium,
212 581 260 618 noa
284 566 401 628 uulroca,
419 567 463 615 'sed
484 564 615 629 aequivoca,
641 568 666 616 et
683 565 883 618 excellentissimo

69 638 148 700 modo,
161 638 250 688 bouum
263 637 289 686 iu
301 639 352 688 ileo
362 649 427 699 esse,
438 639 463 686 et
474 635 553 700 ipsum
561 638 635 687 ileum
646 648 761 688 summum
774 651 825 689 erue
837 639 878 690 lto

72 721 128 758 uum
139 707 314 774 consequitur.)

102 781 235 844 despondeo
257 780 402 843 dicendum,
425 778 486 842 quid
510 781 572 829 Deua
596 784 631 830 eut
656 795 772 832 summum
791 782 877 832 bouum

70 850 211 916 simpiciter,
227 856 251 902 et
269 864 318 900 uou
334 851 410 900 solum
422 850 447 900 in
461 850 539 913 aliquo
553 861 647 915 genere,
656 853 694 902 vel
701 852 780 904 ordine
789 865 876 903 rerum.

69 923 179 974 Siceuim
189 925 278 974 bonam
290 925 339 973 lleo
359 921 491 972 attribuitur
511 921 547 987 (ut
559 922 645 972 dictum
664 923 709 987 est)
721 924 747 974 iu
766 928 883 988 quantum*

69 1008 147 1046 omncs
159 995 322 1059 perfectiones
330 992 465 1044 desiderate
478 993 580 1042 elduuut
591 994 620 1043 ab
629 1007 677 1057 eo,
694 995 755 1044 deut
771 994 784 1044 l
803 995 878 1061 prima

69 1079 149 1130 causa3
161 1080 208 1116 non
220 1069 300 1116 autem
310 1065 411 1115 effluunt
419 1063 448 1114 ri
458 1077 499 1126 eo,
512 1063 574 1114 sicut
586 1065 615 1114 al
632 1069 714 1127 agente
727 1066 829 1117 univoco
842 1065 884 1130 (ut

70 1137 262 1202 exsuperioribus
270 1135 345 1202 patet)
355 1135 398 1201 (a),
405 1137 445 1186 sed
453 1135 514 1184 sicut
521 1136 549 1185 ab
558 1140 640 1199 agente
649 1138 710 1200 quod
717 1151 764 1188 uon
770 1138 880 1190 conuenit

72 1223 124 1258 cum
135 1209 184 1260 suis
198 1208 337 1271 effectibus,
355 1220 431 1272 aeque
450 1205 475 1256 iu
492 1207 581 1257 ratione
597 1207 699 1272 speciei,
714 1223 789 1272 neque
802 1209 828 1259 iu
842 1225 879 1261 ra·

72 1279 132 1331 tione
142 1281 243 1344 generis.
255 1279 390 1332 Similitudo
405 1281 482 1328 autem
494 1279 592 1330 allectus
604 1279 630 1328 iu
640 1293 709 1330 causa
721 1281 814 1343 mem
826 1283 880 1332 uui·

71 1365 125 1402 voca
137 1351 258 1402 invenitur
271 1349 434 1412 uniformiter3
455 1349 478 1398 iu
499 1362 570 1398 causa
588 1353 666 1398 autem
680 1350 798 1413 equivoco
814 1351 880 1404 iuue-

71 1423 129 1472 uitur
143 1422 314 1484 exculentius,
328 1420 391 1471 sicud
400 1421 464 1470 calor
478 1419 637 1470 excellentiori
650 1421 719 1470 modo
735 1425 771 1471 eut
789 1421 814 1471 iu
831 1425 879 1475 uolo

72 1493 136 1556 quim
154 1493 180 1544 iu
197 1495 262 1558 igne.
280 1492 321 1544 Sic
337 1504 393 1554 ergo
405 1494 494 1555 oportet
509 1490 636 1554 quodcum
652 1491 739 1541 bouum
749 1492 780 1543 sit
795 1492 820 1542 iu
832 1495 886 1546 lieo·

74 1567 129 1616 deut
140 1569 164 1618 in
183 1567 261 1632 prima
280 1579 352 1616 causa
371 1563 474 1615 omnium
495 1577 542 1614 nou
558 1563 672 1627 univoca,
691 1565 752 1628 qood
767 1565 798 1616 eit
815 1566 840 1618 iu
851 1581 879 1618 eo

76 1639 266 1691 euocdeutissimo
278 1637 362 1687 modo:
373 1638 397 1686 et
407 1639 499 1700 propter
512 1636 649 1686 hecdicitur
659 1650 775 1688 summum
782 1639 878 1690 bouum.

100 1713 132 1762 ld
149 1711 255 1777 primum
271 1721 328 1771 ergo
345 1707 484 1771 dicendum,
498 1706 560 1771 quid
582 1722 700 1758 summum
715 1710 801 1762 bouum
818 1711 881 1762 addit
945 1763 950 1771 ,

72 1796 136 1848 supra
156 1785 246 1834 bouum
272 1793 320 1830 nou
336 1793 386 1829 rem
405 1778 505 1842 aliquam
525 1780 664 1844 ahsolutum,
685 1782 725 1833 sed
745 1782 879 1834 relationem

73 1857 165 1904 tautum
181 1851 274 1903 Relatio
289 1853 381 1912 aulem,
400 1847 446 1915 qul
465 1849 550 1912 aliquid
568 1851 596 1900 de
617 1851 664 1902 lieo
686 1850 770 1902 dieitur
784 1853 880 1904 relativi

73 1926 99 1975 ad
108 1929 241 1987 creaturas,
252 1936 300 1974 uou
310 1924 346 1972 est
354 1920 447 1972 realiter
459 1921 484 1970 iu
496 1923 557 1984 lieo,
570 1923 611 1972 uod
619 1921 644 1972 iu
657 1922 780 1986 creaturiu3
797 1924 823 1974 iu
833 1925 880 1976 Deo

73 1995 123 2048 reri
142 1996 275 2047 secundum
297 1993 412 2043 rationem
430 1992 512 2043 :aiout
529 1993 609 2044 scibile
632 1993 728 2045 relative
746 1994 831 2044 dicitur
851 1998 887 2047 ad

72 2067 207 2130 scientiam,
218 2079 267 2116 nou
280 2064 336 2129 quia
356 2063 434 2128 ipsum
447 2063 559 2114 referatur
577 2066 607 2114 ad
621 2064 757 2127 seientiam,
768 2067 809 2117 sed
826 2066 880 2129 quia

72 2139 165 2190 scientia
176 2137 279 2188 refertur
290 2137 320 2186 ad
332 2135 419 2200 iusum.
429 2135 457 2184 Et
470 2134 574 2198 sio‚uou
582 2135 739 2199 oportetqudd
753 2135 778 2188 in
790 2151 881 2191 summu

72 2211 127 2289 loono
139 2210 171 2262 sit
182 2209 264 2274 aliqua
283 2205 437 2271 compositio,
452 2207 491 2256 sed
507 2205 582 2258 solum
594 2205 656 2271 qudd
670 2205 716 2257 alia
733 2208 840 2259 deficiant
852 2211 881 2260 ab

72 2295 132 2406 mid
142 2354 277 2407 secuudum
288 2351 426 2414 dicendum,
438 2349 498 2414 quid
511 2350 564 2401 oiuu
574 2350 667 2416 dicitur,
678 2353 764 2404 honum
772 2359 808 2405 eat
819 2357 879 2418 qrrol

102 2518 132 2581 (t)
146 2519 222 2567 Paulo
233 2520 302 2564 aliter
311 2525 335 2564 et
345 2517 450 2577 plentur,
463 2517 515 2563 cum
527 2519 559 2563 ait
569 2518 687 2574 suscipere
701 2530 726 2563 se
739 2519 878 2564 reddendam

74 2585 181 2629 rationem
192 2582 258 2640 quod
274 2581 384 2626 Trinitas
394 2582 427 2626 rr't
441 2592 508 2624 voror
521 2581 587 2625 acor
600 2584 628 2625 ει·
635 2581 700 2624 solur
714 2585 736 2625 et
752 2593 835 2630 veruo,
852 2584 881 2626 ut

75 2648 150 2704 αἱμα
162 2646 335 2704 experimur
351 2640 498 2704 (rorreoottl
510 2655 559 2688 eree
576 2643 642 2688 iliud
656 2653 776 2688 nummum
791 2643 880 2687 ionum

76 2709 142 2762 laod,
157 2713 204 2755 etc.

104 2777 133 2839 (θ)
154 2782 243 2834 onaret.
261 2777 371 2822 nimirum
392 2775 417 2834 t,
440 2782 484 2822 art.
506 2776 529 2829 3,
544 2776 584 2844 utri
598 2776 705 2822 dicuutur
720 2777 742 2821 ei
757 2775 879 2823 assimilari

76 2843 194 2888 meandum
207 2839 329 2898 quondam
342 2836 586 2896 oualotiamtautum
603 2839 652 2884 aive
665 2840 690 2884 iu
700 2842 811 2894 quantum
825 2847 880 2884 suut

79 2913 140 2958 tutia.
152 2913 220 2960 Unde
231 2907 272 2958 uto
284 2910 430 2968 oeqirirocum
438 2921 480 2967 pro
492 2910 590 2966 analogo
598 2909 738 2966 subintelligi
750 2907 828 2964 debet,
839 2916 889 2950 reu.

79 2976 212 3031 equivocum
226 2973 356 3022 meandum
369 2971 426 3030 quid
437 2985 484 3018 oon
502 2971 645 3030 simpliciter.
670 2972 673 2977 “
