1992 3342
276 215 309 252 nr
324 213 466 254 reamur}
482 211 637 255 annom.
810 204 860 256 m

357 371 517 430 mucosus
531 372 540 422 l

260 488 381 534 aeremia
391 488 483 547 ampelio
492 489 652 536 silvelonia.

87 609 121 659 hd
130 607 227 672 primum
240 607 274 658 sie
288 606 415 672 pmceditur
426 607 470 674 (1).
484 607 580 658 Videtur
593 605 653 672 quhd
667 608 692 658 in
706 607 795 672 angelis
810 622 857 660 non

54 682 86 732 sil
103 681 218 731 voluntas.
240 680 312 744 Quia,
326 683 352 732 ut
367 680 421 742 dlelt
440 679 592 743 Philosophus
608 679 632 729 iu
651 681 690 732 lll.
709 678 748 731 De
768 681 857 730 aalma

55 751 132 817 (text.
148 754 178 802 tu
186 751 211 816 l,
222 768 236 799 «
247 751 353 802 uoluntas
361 751 386 802 in
396 751 483 804 rahoue
492 753 535 802 est.
546 767 560 798 n
571 751 617 802 Sed
630 744 655 800 i'n
665 751 755 816 angelis
764 765 809 802 nou
821 753 859 802 est

54 825 125 890 ratio,
138 825 178 876 sei
187 823 273 888 aliquid
285 821 390 891 superins
400 825 498 880 ratione.
511 826 571 890 urge
581 824 605 875 iu
620 824 706 890 angelis
715 838 762 876 uon
773 828 809 877 est
818 837 860 876 vo-

55 895 146 960 luntas,
162 896 202 946 seel
218 896 304 960 aliquid
319 896 422 960 superius
434 897 560 948 voluntale.

87 971 112 1018 Ξ.
127 969 252 1032 Praetema,
266 968 372 1018 voluntas
385 967 427 1020 suh
438 967 541 1032 appetitu
557 967 695 1030 continetur,
703 969 731 1016 ut
739 967 804 1030 patet
817 979 859 1032 per

55 1041 221 1105 Philosophum
237 1039 261 1090 in
273 1041 312 1090 lll.
329 1041 366 1090 De
379 1041 466 1090 animo
478 1041 551 1102 (text.
567 1042 596 1089 aa
605 1039 625 1104 l.
639 1038 686 1088 Sed
699 1037 813 1102 appetitus
824 1042 860 1090 est

53 1112 199 1178 imperfecti,
209 1113 245 1162 est
255 1111 316 1162 euim
328 1111 378 1176 ejus
390 1107 449 1176 quoi
461 1110 562 1162 noudum
571 1109 676 1166 hahetur.
685 1108 744 1161 Cim
754 1108 824 1173 igitur
834 1114 860 1162 'ru

54 1181 158 1247 angelis,
169 1181 269 1240 maxime
280 1183 305 1232 iu
314 1181 402 1244 beatis,
417 1195 463 1234 nou
476 1183 590 1248 sltaliqua
600 1181 755 1248 imperfectio,
770 1179 860 1243 uidetm

52 1255 116 1324 quod
129 1269 178 1307 non
191 1255 222 1304 sit
233 1254 257 1306 in
272 1254 307 1305 eis
321 1254 434 1305 voluutas.

87 1333 113 1377 a.
130 1327 255 1396 Praeterea,
271 1327 424 1392 Philosophus
437 1325 492 1380 dicit
502 1327 526 1376 iu
537 1325 574 1376 lli.
589 1327 625 1376 De
634 1325 806 1386 animmtext.
820 1327 860 1386 ot,

52 1399 116 1465 quhd
126 1398 232 1450 uoluntas
245 1401 281 1449 est
292 1411 388 1448 movens
400 1401 503 1462 motum,
513 1401 616 1450 movetur
625 1397 688 1449 euim
701 1397 729 1447 ab
741 1396 861 1461 appetibili

52 1470 181 1523 intellecto.
196 1469 245 1522 Sed
261 1471 336 1534 augeli
355 1473 409 1522 suut
423 1469 565 1534 immobiles,
582 1469 634 1520 eum
650 1468 697 1520 siut
709 1467 858 1534 incorporei:

52 1556 108 1608 ergo
121 1542 241 1606 inaugelis
253 1545 344 1594 nonest
360 1543 474 1594 voluntas.
605 1603 609 1610 ἱ
739 1537 741 1542 ’

85 1615 132 1666 Sed
146 1617 227 1666 eontra
243 1618 292 1678 est,
310 1613 371 1679 quod
390 1615 532 1678 Augustinus
545 1612 615 1674 dicit,
630 1613 662 1678 x.
674 1613 716 1664 lin.
731 1613 764 1664 ele
778 1612 861 1673 Trio„

51 1687 116 1752 quod
131 1704 145 1736 u
160 1687 235 1752 imago
254 1685 374 1737 Trinitatis
392 1687 510 1737 invenitur
524 1686 548 1736 iu
562 1689 652 1748 mente,
669 1683 794 1737 seeundhrn
812 1698 861 1736 me·

51 1759 165 1824 moriam,
175 1758 351 1822 intelligentiam
364 1762 388 1809 et
401 1759 550 1812 voluntatem.
561 1774 575 1805 n
588 1758 668 1823 Imago
680 1762 759 1808 autern
772 1757 814 1808 liei
826 1756 862 1807 in-

52 1831 149 1882 venitur
162 1844 208 1881 non
220 1831 292 1881 solum
305 1830 330 1880 iu
340 1833 417 1882 mente
433 1833 532 1882 humana
538 1868 547 1895 ,
557 1831 598 1881 sed
609 1831 682 1882 etiam
696 1830 721 1880 in
733 1831 812 1881 mente
822 1841 863 1880 au-

51 1903 141 1968 gelica3
153 1901 206 1953 clun
218 1901 288 1954 etiam
298 1915 362 1953 meus
371 1903 473 1968 angelica
482 1903 515 1954 sit
527 1914 599 1968 capax
610 1902 661 1956 liei.
669 1902 729 1967 lisso
740 1900 765 1952 iu
775 1900 864 1965 angelis

52 1977 90 2028 est
110 1975 226 2026 voluntas.
780 2016 784 2027 .

85 2047 243 2112 (concussio.
253 2045 346 2098 —Chm
355 2045 430 2112 augeli
439 2061 480 2114 per
489 2047 634 2098 intellectum
645 2045 799 2098 universalem
808 2046 862 2098 boui

51 2119 169 2172 rationem
180 2118 303 2182 attingant,
312 2121 348 2170 est
358 2117 382 2170 iu
393 2119 427 2170 eis
440 2117 571 2184 voluntas.)

86 2191 225 2254 Responleo
239 2189 448 2255 dicendum,quhd
461 2203 557 2247 neeesse
577 2192 615 2243 est
631 2203 717 2256 ponere
729 2189 756 2240 in
772 2188 859 2253 angelis

51 2261 205 2314 voluntatem.
215 2261 249 2314 hd
257 2262 322 2326 cujus
331 2263 470 2314 euidentiam
477 2262 666 2314 considerandum
677 2264 727 2323 est,
736 2259 797 2326 quod
805 2261 859 2312 cum

51 2333 132 2386 omnia
149 2333 275 2398 procedant
290 2348 320 2385 ex
337 2335 454 2387 voluntate
472 2334 566 2398 divini,
584 2333 663 2385 omnia
680 2346 721 2384 suo
737 2334 804 2386 modo
818 2347 860 2398 per

51 2405 185 2471 appetitum
202 2405 339 2457 inclinantur
357 2407 381 2456 iu
393 2408 493 2470 honum,
514 2403 731 2467 seidiuersimodt.
751 2406 861 2465 uaedam

51 2477 115 2529 enim
126 2477 267 2528 inclinantur
279 2477 304 2527 in
315 2478 400 2544 honum
413 2492 454 2542 per
466 2479 538 2530 solam
549 2481 676 2530 naturalem
688 2475 863 2542 habitudinem,

52 2550 141 2612 absque
156 2549 300 2613 cognitione,
309 2549 368 2600 sicut
379 2551 463 2614 plautas
477 2554 501 2601 et
511 2563 606 2614 corpora
617 2546 743 2607 inanimata
754 2565 759 2600 :
772 2553 797 2600 et
809 2549 863 2600 talis

51 2619 173 2670 inclinatio
188 2620 216 2669 ad
234 2621 319 2671 honum
338 2625 433 2675 vocatur
447 2623 577 2686 appetitus
592 2620 731 2672 naturalis.
747 2621 864 2680 ssnaedam

52 2689 109 2744 vert
120 2690 149 2740 ad
158 2689 243 2741 honum
254 2691 394 2744 inclinantur
403 2706 454 2744 cum
467 2689 542 2758 aliqua
555 2688 699 2775 cognitione,
709 2705 755 2744 uon
765 2691 864 2758 quidem

51 2761 88 2812 sic
101 2759 163 2826 queo
176 2766 315 2828 cognoscant
328 2764 403 2829 ipsam
415 2766 529 2817 rationem
541 2766 604 2829 hom
616 2763 657 2816 sed
668 2765 810 2829 cognoscunt
819 2761 862 2813 ali-

90 2887 206 3001 (iiqliehn
216 2893 286 2940 eu'am
292 2891 519 2946 emeramnus.
531 2896 551 2956 1,
561 2907 614 2952 cap.
624 2892 663 2949 ⁴63
672 2899 697 2940 ct
706 2894 809 2954 Opere..
817 2893 860 2955 111,

51 2967 110 3014 cap.
156 2986 163 2999 .
