1992 3342
180 221 226 265 Ito
271 222 274 227 '
378 230 440 263 reus
457 230 481 273 r,
502 227 594 271 oum.
612 230 670 274 xrv,
689 228 742 263 nnn.
759 228 784 263 x.

180 306 227 354 Ileo
238 317 279 368 por
289 304 397 367 seipsum,
410 304 463 366 quie
471 304 504 353 sic
518 307 633 367 oporteret
641 303 703 367 quod
714 304 797 353 mulum
810 310 868 355 esset
880 305 961 365 iuteo,

181 379 270 439 oportet
283 374 343 424 enirn
357 375 472 438 cognitum
481 388 530 424 csse
538 375 563 423 in
571 380 729 437 cognoscente.
739 376 765 424 Si
775 389 830 439 ergo
841 377 966 439 cognoscitur

180 462 222 512 per
233 446 293 497 alind
307 446 393 496 scilicet
405 457 447 509 per
461 446 545 495 bonum
552 483 561 509 ‚
576 444 710 508 imperfecte
723 451 869 507 cognoscetur
880 448 905 496 nb
916 447 964 508 ipso.

182 518 246 578 Quod
260 516 446 581 cstimpossibile
453 554 461 579 ,
477 517 532 581 'qnia
545 518 607 566 nulla
625 516 725 579 cognitio
739 517 780 566 Dei
793 522 828 567 est
842 516 967 581 imperiectu.

182 588 242 652 Ergo
251 588 345 639 scientia
356 586 397 639 Dei
411 592 499 639 nonest
511 588 646 638 malorum·

214 662 259 709 Sed
273 664 351 710 contra
365 662 412 723 est3
426 659 486 723 qnod
500 659 583 708 dicitur
600 659 721 709 Proceri.
739 660 798 709 XV:
814 675 828 706 v
844 660 942 709 internus
951 664 966 705 el

182 730 280 792 perditio
292 733 422 781 coramlleo
433 730 477 795 (l).
496 747 510 775 »
597 771 599 774 .

216 802 371 865 (Conclusio.
384 829 414 838 -
434 802 521 863 Deum,
541 800 593 849 cirrn
611 814 750 863 quecunque
768 801 828 850 bona
851 803 969 863 cognoscat,

150 900 154 909 ν
185 874 243 921 mela
257 872 325 921 eliam
339 886 380 935 per
396 873 455 943 bonu
467 872 528 922 scite
542 874 649 935 oportet,
664 886 713 934 qum
724 872 790 939 bonis
803 870 933 933 occidnut]

215 944 350 1005 despondeo
368 943 502 1004 dicendum,
523 941 584 1005 quod
600 942 729 1005 quicunque
753 942 856 1005 perfecte
875 940 969 1003 cognosci

184 1012 282 1075 aliquid,
296 1016 386 1075 oportet
399 1011 459 1075 quod
470 1016 593 1075 cognoscet
603 1012 694 1075 omnia,
709 1026 759 1075 anc
775 1016 872 1075 possunt
883 1012 915 1061 illi
927 1009 969 1058 oni

183 1083 247 1132 dere.
265 1082 323 1133 Sunt
341 1087 417 1131 antem
432 1084 535 1145 quaedam
553 1083 627 1144 bona,
644 1082 726 1145 quibus
743 1083 848 1132 accidere
869 1085 938 1147 potest
955 1083 969 1126 ul

184 1166 225 1215 per
241 1154 299 1203 mola
315 1156 494 1215 corrumpantur.
513 1154 577 1203 Unde
595 1155 654 1203 Deus
667 1167 712 1203 non
725 1153 826 1216 perfecte
840 1157 969 1217 cognosceret

183 1224 258 1287 bona,
270 1223 390 1277 nisietiurn
401 1228 549 1285 cognosceret
562 1225 630 1273 mdo.
644 1224 683 1273 Sic
698 1228 773 1275 eutem
783 1229 819 1275 cst
832 1221 969 1288 cognoscibile

184 1296 374 1359 unumquodque,
389 1294 512 1343 secundlrrn
531 1296 591 1358 quod
604 1299 654 1358 est3
668 1296 729 1345 unde
747 1295 799 1344 cium
821 1297 869 1346 hoc
888 1296 916 1345 sit
934 1302 969 1342 esst

184 1364 241 1415 ronli
251 1404 257 1425 ,
269 1366 328 1428 quod
344 1369 379 1415 est
397 1364 493 1429 privatio
508 1366 577 1429 boni3
593 1380 634 1430 per
646 1369 689 1416 hoc
702 1365 777 1430 ipsum
791 1368 853 1430 quod
866 1369 922 1417 nors
933 1376 969 1421 cli·

185 1436 344 1499 rosciliona,
359 1436 475 1499 cognoscit
490 1436 560 1488 etiam
573 1437 651 1487 mela:
667 1438 725 1490 sicut
740 1451 781 1500 per
800 1438 879 1489 luceru
897 1446 969 1498 ooguos

185 1512 265 1556 cuntur
278 1508 387 1557 tenebrae.
400 1508 464 1557 Unde
473 1506 528 1556 dicit
534 1507 664 1572 Dionysius,
674 1509 724 1571 vll,
735 1522 785 1571 cap.
798 1510 829 1556 de
839 1511 891 1559 dio.
904 1509 967 1558 Noun

184 1575 246 1639 quod
264 1594 278 1624 «
294 1579 354 1629 Deus
373 1578 578 1641 persemetipsum
595 1580 739 1629 tenebrarum
755 1578 842 1643 accipit
864 1579 965 1629 visionem

185 1660 232 1695 non
250 1648 341 1697 aliunde
359 1647 440 1699 videns
455 1650 562 1699 tenebras
574 1649 642 1713 quim
656 1649 669 1698 ir
683 1649 776 1699 lumine.
792 1667 806 1695 »

217 1718 250 1766 ld
273 1718 370 1780 primum
389 1732 442 1781 ergo
465 1719 601 1783 dicendum,
618 1720 679 1783 quod
696 1722 790 1771 verbum
804 1719 936 1784 Philosophi
950 1730 969 1767 cr

87 1838 96 1859 ⁸
185 1787 406 1851 cointelligeretur,
416 1788 613 1853 quddinlellectus
621 1792 662 1855 qui
672 1805 719 1840 non
726 1796 761 1841 est
775 1792 802 1843 iu
814 1792 932 1855 potentia,
942 1801 969 1837 no

186 1858 303 1923 cognoscit
317 1858 469 1923 privationem
483 1876 525 1925 per
536 1862 686 1925 privationem
698 1862 723 1911 in
738 1859 969 1926 promisserunt

186 1930 231 1979 troc
245 1929 348 1993 congruit
358 1944 411 1981 oum
425 1944 467 1993 eo,
485 1932 547 1994 qnod
557 1946 625 1995 supra
643 1932 750 1983 dixerat:
768 1932 830 1996 qudd
846 1938 969 1997 punctuor

222 2100 251 2162 tl]
262 2104 306 2147 Vel
316 2102 446 2159 expressids
456 2104 516 2161 apud
523 2103 555 2147 ro
562 2107 702 2161 interpretes
712 2121 718 2149 r
728 2090 849 2164 Ieserrfflss
857 2113 880 2152 es
887 2105 969 2164 perdid

186 2175 322 2232 mousson
334 2178 392 2219 rens
403 2175 470 2232 apoc
482 2176 625 2225 murreum,
635 2165 741 2236 (φανερὰ
755 2166 910 2237 παρὰκυριῴ)
924 2181 948 2220 vt
959 2174 967 2216 ¹

188 2246 250 2284 vers.
263 2236 340 2281 videre
359 2242 409 2290 est;
428 2238 578 2283 conformiter
595 2237 624 2282 ed
643 2238 699 2283 illud
712 2250 805 2295 quoque
821 2240 969 2297 quddhdllelt

188 2296 242 2345 dod,
257 2299 343 2354 XXVI,
355 2311 415 2343 vers.
428 2298 443 2342 6
455 2315 460 2342 :
475 2300 563 2347 Nodos
573 2301 851 2360 internosceremus»,
863 2309 888 2349 et
897 2302 969 2349 suile*

188 2361 221 2403 est
232 2360 408 2417 operimentum
413 2362 553 2419 perditioni
563 2380 571 2407 .·
581 2363 626 2407 Ubi
633 2364 732 2423 explicet
739 2364 801 2411 Beda
808 2366 878 2422 quod
884 2364 969 2423 perdiu

190 2421 233 2475 qne·
246 2420 357 2468 diodotus
368 2436 418 2467 non
434 2422 537 2469 absurdi
548 2426 664 2474 sentitur,
676 2438 700 2471 ss
712 2424 740 2471 ab
756 2425 969 2485 omnipotentiam

187 2491 238 2525 non
250 2484 379 2539 proeooieot
390 2482 534 2531 abscondere
546 2505 553 2531 .·
564 2488 612 2533 N'ec
620 2487 724 2533 dissimili
734 2501 804 2534 sensu
815 2492 943 2548 Gregorius
952 2488 969 2533 li

189 2545 266 2602 XVII,
282 2546 386 2597 Ilorci,
397 2559 450 2604 cap.
466 2546 495 2591 re
506 2566 512 2592 r
522 2549 621 2609 Inferni
634 2552 656 2594 et
666 2550 816 2607 perditionis
831 2554 936 2597 nomine
950 2552 969 2607 (ir

189 2602 250 2666 quit)
262 2606 516 2669 diobolnmomnespne
523 2611 688 2657 damnationis
700 2612 838 2670 ejnssoeios
848 2614 969 2673 designant

190 2666 225 2713 sic
235 2674 259 2713 et
269 2666 322 2719 too,
330 2670 369 2729 XI,
382 2684 443 2717 vers.
457 2671 499 2717 11:
509 2674 563 2731 Ipse
574 2675 642 2718 novit
652 2672 779 2721 leoninum
789 2680 932 2725 oonitotcrn
944 2674 968 2735 lsi

187 2741 251 2795 juxta
272 2739 302 2785 70
316 2758 321 2785 r
337 2744 404 2787 rrooit
422 2756 496 2801 opero
509 2745 670 2802 iniquorum,
683 2737 741 2806 ἔργα
755 2737 867 2809 ανόμων)
885 2755 908 2795 et
917 2747 969 2792 uide

190 2802 346 2859 iniquitatem
357 2817 437 2849 nonne
449 2806 604 2855 oorrsiderot?
617 2820 658 2854 sou
671 2807 800 2854 vindicare
811 2822 870 2855 non
886 2810 969 2870 negligi

186 2868 216 2906 ut
226 2878 304 2911 rursus
315 2865 348 2913 ibi
360 2867 422 2911 Beda
437 2884 443 2909 ι
458 2870 488 2913 Et
499 2869 589 2915 Psolm.
600 2872 700 2916 nxt'111.
714 2870 748 2914 Tn
759 2873 807 2916 sois
820 2873 969 2933 insipientis

191 2930 280 2985 mom,
292 2930 313 2972 et
325 2928 412 2972 delicto
426 2942 477 2974 ntea
489 2931 503 2973 d
521 2936 542 2975 te
556 2945 606 2976 non
618 2938 674 2976 sunl
687 2932 845 2982 ammedera.
859 2942 908 2981 etc.
