1992 3342
130 193 176 242 tlt
335 202 396 242 rm
411 203 433 252 r,
450 201 544 248 quaer.
559 203 604 254 tx,
621 203 676 242 aar.
692 205 721 243 v.

131 281 179 329 Det
189 279 248 344 (cap.
258 281 322 342 ult),
333 280 459 330 uleoemnt
469 280 575 330 civitatee
584 280 641 330 duaa
649 281 794 330 amoreeduo
805 285 932 331 :terrenam

129 351 229 414 scilicet,
247 365 309 402 aanor
320 351 356 402 aui
369 365 441 414 usque
454 353 482 402 ad
497 352 536 402 ltei
549 356 722 415 contemptum
733 353 857 403 caelestem
869 353 932 412 vero,

130 435 193 474 amor
202 425 240 474 dei
251 437 322 488 usque
331 423 359 474 ad
367 427 520 487 contemptum
528 424 572 474 rui.
581 440 596 470 u
606 425 665 488 Ergo
673 423 771 486 diligere
780 425 857 474 Deum
867 438 933 490 snpra

130 494 230 559 rapum
247 508 292 546 non
306 499 341 546 eet
354 496 465 545 naturale.

161 568 206 617 Sed
219 571 297 618 contra
312 583 318 616 z
331 567 406 618 omnia
419 565 512 618 moralia
525 565 583 629 legis
598 571 712 631 praecepta
724 570 780 617 sunt
792 569 886 632 delego
894 581 932 618 na

130 642 196 688 tura.
212 639 257 690 Sed
270 642 410 704 preceptum
424 641 452 690 de
469 637 585 702 diligendo
600 640 673 688 lieum
687 652 758 702 supra
773 640 880 704 smpsum
897 645 931 694 est

130 715 266 776 preceptum
279 711 361 762 morale
376 711 442 775 legis.
456 713 515 774 argo
527 716 563 762 est
573 713 602 762 de
612 713 663 776 lege
676 716 853 776 natura3ergo
868 714 935 764 dilee-

130 781 191 834 tione
202 781 298 832 uaturali
310 782 403 846 angelus
416 781 488 846 diligit
502 783 572 834 lteum
585 795 655 847 cupra
665 782 778 846 seipsum.

163 853 320 919 (concursio,
330 879 360 892 -
370 853 426 904 Cim
436 855 496 905 Deus
504 853 775 910 sitnuireraalebouuuu
783 856 863 906 omnis
870 870 934 906 mea·

131 930 201 987 ture,
215 925 310 990 angelus
322 925 398 990 ipsum
413 924 465 990 plua
478 924 548 990 quim
560 939 586 976 ae
602 924 675 988 diligit
687 926 788 978 naturali
803 927 933 989 dilectione,

131 1011 177 1049 non
191 999 267 1048 autem
279 1010 354 1048 amore
370 997 583 1061 concupiscentia.)

162 1070 296 1136 Respondeo
312 1070 444 1134 dicendum,
461 1068 625 1134 quodquidam
638 1067 747 1122 dixerunt
761 1070 828 1134 qudd
840 1071 935 1134 augelus

131 1141 227 1206 naturali
239 1141 359 1194 dilectione
371 1141 445 1206 diligit
457 1143 530 1192 Deum
543 1140 596 1204 plus
609 1139 678 1204 quam
689 1156 729 1206 ae,
741 1158 835 1193 aurore
847 1157 933 1192 coucu-

130 1215 259 1278 pr'eceutr'oe
267 1252 277 1274 ,
286 1213 338 1278 quia
351 1213 436 1264 sulcu
445 1213 498 1277 plna
507 1213 595 1278 appetit
603 1213 648 1264 eibi
656 1213 742 1264 bouum
751 1215 860 1264 diuinum
867 1214 933 1278 quim

131 1285 215 1338 bonum
227 1300 308 1349 cuum3
321 1285 424 1338 atellam
438 1300 525 1336 amore
534 1286 676 1349 amicitie,
684 1285 710 1336 in
721 1291 837 1350 quantum
847 1285 934 1336 seiliod

130 1359 225 1422 angelus
234 1357 283 1408 uult
292 1356 424 1408 naturaliter
432 1357 478 1408 lieo
489 1357 564 1421 majus
572 1356 734 1420 bonumquim
741 1358 802 1420 silii3
813 1357 933 1410 rulteuiu

131 1429 262 1482 naturaliter
276 1431 347 1482 Mum
368 1442 420 1480 esea
433 1430 518 1490 Deum,
536 1442 562 1480 ae
577 1433 654 1480 auum
666 1429 718 1479 uult
730 1431 818 1482 habere
832 1434 933 1480 aduram

130 1503 253 1568 propriam.
272 1503 316 1554 Sed
332 1501 467 1566 simpliciter
481 1501 608 1566 loquendo,
622 1501 720 1551 naturali
741 1501 869 1554 dilectione
886 1503 934 1566 plus

130 1573 204 1638 diligit
214 1589 239 1626 se
250 1574 319 1639 quim
328 1576 413 1636 Deum,
423 1573 477 1638 quia
485 1572 597 1624 intenaiire
605 1576 629 1624 et
642 1571 794 1637 principalius
801 1574 934 1624 naturaliter

132 1647 206 1710 diligit
222 1661 248 1699 se
262 1647 330 1712 quam
342 1648 424 1697 Deum.

164 1719 206 1770 Sed
223 1718 311 1770 talsitas
329 1717 399 1782 hujus
412 1716 528 1781 opinionis
548 1715 667 1767 manifeste
681 1719 792 1779 apparet,
805 1717 829 1766 si
844 1718 899 1782 quie
914 1716 934 1765 iu

132 1791 200 1842 reluta
212 1789 352 1840 mturalilrue
364 1789 492 1842 consideret
502 1788 531 1837 ad
539 1786 595 1850 quid
603 1801 642 1838 rea
649 1787 786 1838 naturaliter
796 1793 932 1838 moveatur:

133 1857 251 1914 inclinatio
262 1858 583 1924 enimnaturalieiulriaquae
593 1859 705 1910 santuine
714 1859 815 1923 ratione,
827 1863 934 1913 demons-

134 1937 178 1986 trel
189 1933 362 1985 inclinationem
371 1933 496 1985 naturalem
505 1930 531 1982 iu
538 1932 652 1982 uoluntate
662 1931 828 1983 intellectualis
840 1938 935 1984 nature.

134 2001 316 2070 Unumquodque
327 2007 403 2056 aulem
413 2003 439 2054 in
451 2004 519 2055 rebam
526 2004 666 2069 naturalibus
678 2003 753 2066 (quod
758 2005 890 2056 seeundum
900 2019 937 2054 na

132 2083 206 2132 turam
220 2080 264 2129 hoo
276 2078 351 2142 ipsum
360 2078 422 2141 quod
433 2080 482 2141 eal,
496 2072 592 2130 alte'rius
604 2074 654 2139 est)
668 2074 822 2138 principalius
832 2082 860 2126 et
868 2077 937 2140 magis

132 2149 254 2201 inclinetur
266 2151 291 2200 iu
303 2150 326 2200 id
337 2151 402 2216 eujus
416 2154 464 2214 est,
479 2149 549 2213 quam
558 2150 583 2199 in
592 2150 707 2211 seipaum3
719 2152 743 2197 et
755 2149 809 2199 nec
818 2148 936 2216 inclinatio

133 2222 242 2272 naturalis
261 2223 427 2272 demonstratur
440 2236 467 2274 ex
481 2223 520 2272 his
535 2235 587 2294 qua
602 2218 735 2270 naturaliter
748 2223 870 2283 agimtur,
887 2220 938 2284 quia

135 2310 149 2341 r
162 2294 338 2358 utrumquodque
349 2293 410 2344 aient
424 2294 499 2356 agitur
509 2291 656 2352 naturaliter,
668 2291 704 2340 sic
712 2294 792 2353 aptum
805 2295 889 2342 uatum
905 2296 938 2342 eut

134 2367 186 2429 agi,
199 2382 213 2412 u
229 2369 254 2416 ut
265 2365 345 2418 dicitur
357 2363 381 2415 in
394 2367 423 2416 11.
434 2365 535 2430 poprie.
549 2364 612 2428 (text.
625 2366 673 2422 78l·
683 2361 793 2415 Videmus
802 2361 869 2412 euim
879 2364 938 2427 qudd

134 2437 267 2489 naturaliter
287 2451 340 2502 pare
356 2450 381 2487 ee
396 2438 489 2501 exponit
505 2436 535 2487 ad
553 2434 749 2486 consematioueur
766 2434 839 2483 totius
856 2451 864 2481 ε
881 2435 939 2485 sieut

133 2523 214 2560 manus
224 2511 345 2574 exponitur
355 2509 413 2560 ictui
427 2510 512 2573 absque
521 2505 684 2558 dolomatioue
694 2505 723 2555 ad
736 2507 938 2557 conseruationem

134 2581 204 2632 lolius
224 2581 331 2645 corporis.
354 2579 382 2630 Et
403 2581 457 2644 quia
476 2579 533 2630 ratio
549 2579 649 2630 imitatur
669 2580 790 2641 naturam,¹
804 2577 937 2641 hujusmodi

133 2652 284 2714 imitationem
292 2652 420 2704 invenimus
428 2652 452 2704 in
462 2653 585 2703 virtutihus
594 2645 710 2714 politicis:
723 2653 759 2698 est
768 2648 832 2700 enim
840 2648 937 2699 virtuosi

134 2723 193 2773 ciris
203 2727 228 2771 ut
243 2737 267 2772 se
281 2727 381 2786 exponat
394 2723 473 2774 mortis
485 2723 585 2786 periculo
597 2735 639 2786 pro
651 2720 721 2772 totius
734 2719 869 2783 reipublice
883 2733 935 2772 oon

135 2793 277 2856 servatioue3
290 2798 313 2843 et
325 2793 345 2844 si
356 2795 424 2844 homo
435 2797 495 2844 esset
505 2793 676 2857 naturaliapars
685 2791 755 2855 hujus
765 2791 878 2853 ciuitatis,
888 2793 935 2842 hac

134 2863 252 2916 inclinatio
266 2868 329 2914 eesot
343 2865 494 2916 eluaturalie.
509 2865 567 2926 ouria
579 2865 651 2930 igitur
662 2864 746 2915 honum
760 2863 890 2914 universale
903 2867 935 2913 eet

134 2933 183 2996 ipse
197 2936 270 2996 Deus,
282 2937 305 2984 et
320 2935 363 2985 auh
376 2935 437 2988 bono
448 2936 577 2988 continetur
589 2936 660 2988 otiam
673 2933 768 2998 augelus
778 2936 900 2999 altono,
913 2937 935 2986 et
