1992 3342
326 236 358 272 na
374 235 518 272 mnenoom.
792 227 823 274 13
855 218 862 230 ’

47 312 109 358 autem
126 308 153 360 sit
167 311 192 362 de
208 324 261 364 vero
278 311 432 363 demonstrari
451 310 589 362 conbenum
605 310 643 376 (1)
651 349 659 375 ,
677 310 823 361 manifestum

45 385 72 428 est
89 383 217 444 probationes
233 399 284 448 quae
304 386 386 434 eontra
400 383 468 441 fidem
485 383 633 446 inducuntur,
651 396 697 433 non
716 396 766 433 esse
785 383 824 433 de·

46 453 203 518 miroslrationes,
217 455 257 506 sed
271 454 376 506 solubilia
390 459 531 518 argumenta.

72 524 196 587 ltprimum
211 541 266 588 ergo
280 525 418 588 dicendum,
436 523 496 589 qudd
514 525 568 574 lieet
583 528 717 587 argumenta
731 524 824 576 rationis

46 593 130 645 dornone
147 611 189 648 non
202 599 305 648 habeant
321 596 397 646 locum
415 597 444 645 ad
462 597 603 659 probandum
620 610 670 659 quae
686 596 739 646 lidel
756 602 823 661 sunt,

49 666 107 714 tamen
120 681 143 718 ex
157 669 256 719 articulis
275 669 330 718 fidei
346 670 397 719 liaeo
415 667 517 718 doctrina
536 668 626 719 adalia
644 673 824 733 argumentatur,

52 739 70 782 ut
79 736 141 789 dietum
150 745 190 791 est.

73 809 98 856 ld
110 813 222 863 secundum
240 811 377 874 dicendum,
394 809 455 874 qudd
474 812 671 874 argumentation
690 812 824 864 auomrltate

47 882 72 926 est
84 881 164 932 maxime
177 883 293 948 proprium
306 882 377 946 hujus
389 882 512 946 doetrinae,
524 897 552 934 eo
560 882 621 946 qubd
633 884 744 948 principia
755 884 825 947 hujus

47 949 130 1004 doctrine
151 969 188 1019 per
207 955 376 1005 revelationem
396 955 518 1018 habentur,
539 958 562 1004 et
581 955 629 1018 sio,
653 959 743 1018 oportet
764 957 824 1019 quod

46 1023 127 1072 credatur
136 1025 260 1076 auctoritati
273 1039 354 1076 eorum
370 1024 451 1088 qviibm
464 1026 574 1087 revelatio
587 1026 646 1075 laeta
660 1030 703 1076 est.
717 1027 764 1076 Nee
781 1027 826 1076 boo

47 1091 120 1156 derogat
133 1097 231 1160 dignitati
243 1097 317 1161 hujus
330 1095 439 1146 doetrinae
455 1111 460 1144 :
474 1110 526 1146 nam
542 1097 596 1146 lieet
608 1098 671 1147 loeus
681 1097 710 1147 ab
728 1097 825 1147 auotori-

46 1164 90 1225 333,
102 1181 144 1228 que
156 1169 281 1219 tundantur
294 1179 364 1230 super
376 1166 463 1217 ratione
477 1168 592 1230 humana,
603 1167 633 1218 sit
642 1168 823 1230 infirmissimns;

45 1230 92 1284 loeus
103 1241 206 1290 tamenab
221 1238 359 1290 auctoritate
376 1251 426 1300 quo
441 1238 548 1289 tundatur
560 1253 629 1302 super
640 1238 779 1288 revelatione
790 1238 825 1288 di-

46 1303 95 1368 rioa,
107 1313 136 1358 est
147 1311 325 1361 efficacissimus.
339 1308 415 1358 Utitur
425 1312 502 1360 tamen
515 1324 579 1359 saera
589 1310 691 1359 doctrina
706 1310 774 1359 etiam
788 1324 825 1358 ra-

46 1373 92 1425 tione
101 1380 188 1432 bumana
203 1382 238 1447 (i)
244 1421 253 1446 ‚
270 1394 318 1430 non
330 1379 423 1444 quidem
434 1381 462 1430 ad
475 1381 617 1444 probandum
629 1382 695 1430 tidem
707 1381 774 1445 (quia
785 1395 826 1444 per

46 1443 77 1494 loo
85 1443 303 1528 tillereimmeritum
316 1449 385 1514 lidei)
393 1452 432 1501 sed
441 1452 470 1501 ad
481 1451 671 1500 manifestandum
683 1452 826 1516 aliquanda,

47 1529 83 1575 oue
93 1524 200 1575 traduntur
209 1527 235 1575 in
246 1527 294 1575 lieo
305 1521 417 1573 doctrina.
428 1522 486 1574 Cium
495 1523 557 1573 enim
573 1522 645 1586 gratia
654 1535 700 1572 non
710 1523 774 1572 tollat
786 1537 827 1573 na-

48 1589 111 1654 turam,
126 1596 163 1644 sed
246 1597 251 1606 ’
435 1593 480 1644 ubd
497 1594 607 1643 naturalis
627 1599 686 1644 ratio
702 1594 828 1644 subserviat

47 1657 428 1720 blei:sieutetnaturalisinelinatio
438 1680 491 1716 vou
655 1667 660 1676 '
721 1667 825 1719 ,banaa

47 1729 92 1782 l'nde
102 1739 121 1784 et
130 1741 247 1801 Apostolus
261 1737 364 1798 dioitll.
377 1737 413 1786 od
428 1739 485 1786 Cor.
500 1739 537 1788 ll:
552 1755 566 1785 «
579 1739 605 1786 ln
620 1738 776 1801 captivitatem
792 1751 829 1788 re·

43 1800 124 1863 llberos
137 1823 224 1862 omnem
236 1810 386 1861 intellectum
403 1808 428 1858 in
445 1810 578 1873 obsequium
594 1810 686 1860 Christi.
702 1826 716 1855 o
733 1811 762 1859 Et
773 1809 826 1860 inde

44 1878 82 1934 est,
94 1881 145 1940 qirod
163 1883 231 1933 eliam
249 1880 427 1933 auetoritatibus
443 1881 629 1944 philosophorum
647 1895 711 1931 sacra
726 1880 828 1931 doctrina

45 1945 106 2009 ulitur,
116 1951 151 2000 ubi
159 1967 199 2016 per
209 1954 327 2004 rationem
339 1953 465 2002 naturalem
472 1953 593 2002 veritatem
604 1967 739 2016 cognoseere
748 1957 829 2016 potue·

45 2021 244 2089 runtsieutPaulus,
253 2027 369 2075 fletuum
377 2024 446 2086 llllll,
453 2023 541 2074 inducit
550 2025 644 2074 verbum
654 2025 725 2087 breti,
734 2024 811 2074 dioens
822 2039 828 2072 ι

46 2101 56 2127 o
69 2089 118 2141 Siout
133 2098 154 2144 et
169 2097 261 2160 quidem
274 2099 398 2160 potiamur
414 2099 542 2146 vestrorum
559 2096 678 2159 dixerunt,
695 2099 771 2146 Genus
788 2095 829 2144 liei

45 2168 111 2212 smnus.
128 2169 195 2220 »Sed
208 2172 290 2220 tamen
310 2180 375 2218 saona
391 2166 491 2218 doctrina
509 2167 640 2232 hujusmodi
659 2167 831 2218 auctoritatibus

72 2322 95 2384 [ll
106 2331 158 2378 ilino
166 2334 235 2380 etiam
246 2335 271 2379 in
282 2332 372 2379 Gonoil.
385 2334 460 2378 Later.
471 2334 597 2378 subLeone
606 2334 634 2391 X,
644 2335 706 2378 Sess.
715 2333 738 2393 8,
749 2340 829 2380 contra

47 2397 77 2430 eos
89 2395 121 2446 oui
133 2397 230 2443 animam
242 2399 372 2442 humanam
389 2407 439 2442 esse
453 2397 574 2440 mortalem
590 2397 732 2454 astruebant,
747 2397 780 2440 sio
790 2398 831 2442 de-

47 2455 127 2500 verritur
142 2477 147 2502 :
168 2460 228 2505 Com
246 2460 337 2504 veriam
361 2470 417 2502 vero
436 2459 537 2504 minime
555 2459 719 2508 contradicat,
738 2471 829 2504 omnem

48 2520 177 2566 decetionem
195 2524 301 2568 veritati
316 2521 465 2566 ittomtooaoe
484 2521 543 2580 fidei
561 2523 713 2566 3333333333
729 2523 830 2567 omnino

47 2575 114 2628 [oleam
124 2597 167 2630 erae
180 2585 326 2645 definimus.

72 2640 95 2697 ll)
110 2647 136 2690 Ut
147 2648 169 2692 in
180 2649 255 2704 nmina
268 2645 423 2704 responsione
441 2646 469 2690 ad
480 2646 597 2692 Ambrosii
612 2647 773 2692 auctoritatem
781 2648 830 2703 iam

50 2698 163 2754 dictumest.
174 2712 239 2756 Unde
251 2712 365 2768 ipsemet,
377 2708 394 2752 l.
409 2706 432 2765 d,
446 2708 469 2753 in
479 2711 564 2754 Lunam
580 2721 649 2764 super
661 2709 716 2754 illud
729 2722 782 2764 oap.
795 2708 810 2751 b
822 2727 828 2755 :

50 2760 88 2806 boo
96 2770 119 2812 io
128 2773 203 2818 olium
216 2772 289 2835 (quod
301 2771 403 2818 cbristus
414 2773 480 2816 Petro
494 2768 570 2830 dixit),
580 2771 735 2830 molendum
745 2771 831 2828 diepo-

50 2828 145 2877 toilonum
158 2837 338 2894 interpretatur;
354 2840 377 2878 et
389 2835 447 2878 retia
458 2835 558 2890 explieat
570 2835 640 2878 atoue
653 2833 767 2890 33333333
777 2846 833 2877 oro-

49 2888 105 2998 dioillo
121 2901 140 2941 et
159 2899 361 2958 disputationum
381 2909 499 2946 33333333,
517 2897 561 2953 qui
579 2895 763 2953 mactaverint
782 2906 832 2936 Μ

49 2962 84 2994 einr
94 2961 146 3004 leiti.
752 2981 757 2990 ¹
