1992 3342
164 203 195 240 ne
207 199 370 242 rumulone
382 199 527 243 enectorum
539 207 564 243 nr
579 203 637 244 aaa!
650 205 754 242 amrin.
812 193 855 241 itti

60 277 129 343 tinia,
144 283 168 329 et
180 279 232 331 ideo
246 293 292 331 uon
308 280 384 332 statim
400 293 451 332 eam
466 279 480 331 l
495 281 606 346 principio
625 277 753 332 debuerunt
764 281 857 332 habere.

94 351 128 400 ld
140 351 237 416 primum
251 365 305 416 ergo
316 353 446 415 dicendum,
457 353 518 417 qu'od
527 353 644 404 beatitudo
656 353 689 404 iii
700 353 810 419 accipitur
817 365 859 418 pro

60 423 102 473 illa
117 423 255 486 perfectione
267 425 376 490 mntdrali,
391 439 458 488 quam
472 426 567 488 angelus
584 426 664 476 habuit
675 426 701 475 iu
714 429 776 476 stetu
793 425 859 476 iuno·

61 495 154 545 cantiae.
379 541 382 549 ,
763 509 767 519 ·

93 567 127 616 Ad
141 569 263 618 secuudum
274 569 406 632 dicendum,
416 569 477 634 quid
490 572 593 620 creatura
606 569 729 634 corporalis
744 568 821 619 statim
834 568 859 619 iu

60 637 174 703 principio
188 653 234 690 suae
250 641 370 692 creationis
385 643 468 692 habere
485 655 529 692 nou
546 641 620 705 potuit
640 641 816 704 perfectionem,
831 641 860 691 ad

61 717 131 774 quam
146 723 187 776 per
197 725 260 762 auam
274 713 427 777 operationem
439 711 572 778 perducitur
584 728 589 762 :
603 713 663 763 unde
675 711 800 763 secundum
813 715 860 762 Au»

61 783 179 845 guatinum
195 783 331 846 germinatio
348 785 475 848 pleniorum
494 798 524 834 ex
537 787 599 834 terra
616 797 665 834 non
680 784 758 835 statim
775 784 819 833 luit
829 784 860 834 vin

60 853 147 918 primia
154 854 272 919 operibus,
283 855 307 906 in
321 856 403 920 quihus
415 855 486 906 virtus
504 856 553 906 mle
571 855 721 918 germinativa
732 856 860 920 plantarum

62 927 115 976 data
131 925 298 991 estterrmglp
315 925 344 976 lit
361 925 466 978 einriliter
479 931 581 977 creatura
594 927 695 990 angelica
707 927 731 976 iu
748 926 860 992 principio

62 1011 111 1047 sum
128 999 247 1049 creationis
264 998 344 1049 habuit
360 999 524 1062 perfectionem
542 1011 590 1048 anm
608 1002 711 1061 nature,
726 1003 861 1050 nouantem

60 1069 227 1132 perlectionem
236 1071 338 1134 adquam
346 1083 387 1135 per
396 1083 458 1121 suam
467 1069 622 1135 operationem
630 1069 860 1134 perveniredeteoet.

95 1143 127 1192 ld
138 1141 231 1193 tertium
248 1141 382 1206 dicendum,
397 1141 456 1206 qnod
472 1142 567 1206 angelus
581 1141 695 1206 duplicem
707 1142 777 1192 habet
792 1142 860 1193 Verbi

62 1213 216 1276 coguitionem
228 1225 314 1265 :unam
323 1214 458 1277 naturalem,
467 1212 565 1264 etalium
573 1213 665 1276 glorie3
675 1213 802 1263 naturalem
811 1213 862 1278 qoi-

62 1285 131 1348 dem,
143 1299 188 1350 qua
207 1285 324 1350 cognoscit
345 1285 443 1336 letum
460 1299 501 1350 per
516 1285 567 1349 ejus
587 1285 760 1345 similitudinem
775 1285 800 1334 iu
819 1294 861 1336 sut

62 1361 146 1408 natura
164 1359 318 1422 relucentem
333 1356 555 1422 cognitionem'verd
575 1358 670 1421 gloria,
683 1370 727 1422 qua
747 1359 862 1421 cognoscit

62 1427 163 1480 Verbum
182 1443 224 1494 per
238 1443 304 1480 suam
324 1429 454 1480 canentiam.
467 1431 504 1480 ‚Et
520 1429 615 1493 utrique
633 1429 751 1494 cognoscit
768 1431 863 1493 augelus

62 1515 102 1551 res
113 1501 138 1550 iu
154 1503 241 1567 Verbo'3
253 1505 292 1554 sed
303 1501 399 1553 naturali
413 1501 503 1566 quidem
515 1501 654 1566 cognitione,
668 1501 813 1565 imperiecti3
824 1515 863 1552 co

61 1573 167 1637 gnitione
180 1573 235 1625 iero
250 1575 340 1639 glorie,
351 1574 461 1638 perlecti.
477 1574 553 1624 Prima
566 1585 620 1636 ergo
632 1573 732 1636 cognitio
744 1587 820 1625 rerum
837 1574 863 1624 in

62 1645 138 1697 Verbo
149 1647 221 1698 adluit
234 1647 315 1710 angelo
328 1645 341 1696 i
357 1646 470 1711 principio
483 1659 530 1697 aue
548 1645 684 1710 creationiag
692 1647 790 1696 aeonum
804 1645 863 1696 uero

63 1731 126 1778 non,
141 1719 181 1768 aed
194 1718 284 1783 quaudo
293 1719 348 1768 laeti
360 1723 413 1770 sunt
423 1718 485 1770 noun
495 1731 538 1783 per
545 1717 718 1769 conversionem
728 1719 757 1768 ad
767 1718 861 1769 honum.

63 1791 93 1841 Et
103 1792 154 1843 nec
165 1789 257 1856 proprie
269 1790 351 1842 dicitur
363 1788 475 1855 cognitio
487 1790 626 1840 matutino.

360 1876 519 1979 ammonens
532 1879 565 1961 rr.
635 1954 637 1964 .

68 2016 155 2064 Uirium
169 2019 267 2076 angelate
277 2017 412 2092 indiguerit
422 2019 504 2125 llgiel'la
517 2019 549 2063 ad
558 2018 600 2062 toc
609 2019 671 2076 quid
686 2022 863 2064 converteretur

403 2093 430 2124 m
477 2093 526 2126 aem.
625 2100 628 2103 ·

96 2191 129 2242 nd
149 2191 272 2254 secundum
288 2189 322 2240 sic
334 2190 462 2257 proceditur
470 2190 517 2256 (t).-
526 2189 622 2243 Videtur
634 2189 695 2254 quod
708 2191 804 2254 augelus
817 2205 863 2242 nou

64 2260 189 2326 indiguerit
206 2261 278 2326 gratil
294 2261 321 2312 ad
337 2263 381 2312 lroc
394 2261 455 2326 quid
469 2265 638 2312 converteretur
653 2261 677 2311 iu
696 2263 777 2312 neum.
789 2263 822 2316 ad
837 2277 864 2313 ea

63 2333 128 2386 cuim
137 2347 187 2398 quae
196 2331 328 2384 naturaliter
339 2347 467 2398 possumus,
479 2333 606 2400 gratlinon
618 2332 754 2398 indigemus.
766 2334 811 2384 Sed
822 2348 863 2384 ua—

64 2405 168 2458 turaliter
182 2407 276 2470 augelus
288 2405 427 2456 convertitur
442 2404 467 2454 iu
482 2406 567 2468 ileum,
582 2403 634 2468 quia
649 2405 781 2467 naturaliter
793 2407 864 2456 mum

64 2477 155 2542 diligit,
169 2482 195 2528 ut
205 2491 234 2530 ex
243 2477 313 2542 sopri
324 2475 393 2531 dictis.
403 2480 467 2541 patet
474 2474 518 2542 (3).
530 2475 589 2540 Ergo
602 2476 698 2538 augelus
709 2490 757 2527 nou
766 2476 865 2540 indiguit

64 2544 139 2614 gratii
152 2551 179 2607 ad
191 2551 234 2600 hoc
243 2553 268 2600 ut
279 2552 449 2600 converteretur
462 2549 486 2598 in
500 2551 581 2598 neum.

100 2657 133 2723 (i)
148 2661 265 2719 (lolligitut
277 2673 306 2706 ex
320 2660 362 2705 lib.
374 2661 405 2720 V,
421 2659 502 2717 Super
518 2659 578 2704 Gen.
588 2658 620 2703 od
629 2657 682 2707 tic,
695 2657 781 2715 capi.

101 2731 131 2796 (il
150 2735 182 2778 lle
196 2733 231 2777 luis
247 2733 316 2778 etiam
332 2733 404 2790 inii,
417 2732 495 2780 sent„
512 2730 565 2775 dist.
584 2728 616 2787 5,
630 2741 672 2786 qn.
692 2724 865 2786 2,'art.1,et

66 2798 121 2843 diet.
133 2795 172 2852 28,
188 2801 231 2841 art.
243 2794 271 2849 ἐς
287 2801 311 2840 ot
327 2795 417 2840 Contra
435 2794 516 2842 Gemi„
531 2794 690 2853 lin.1v,cap.
706 2793 750 2846 'iffi
764 2799 789 2837 ut
802 2797 826 2836 et
839 2791 862 2849 l,

65 2861 96 2921 i,
108 2874 148 2918 qu.
162 2858 216 2917 109,
232 2864 275 2904 art.
287 2857 311 2904 6.
390 2877 392 2884 ·

100 2929 135 2996 (3)
149 2931 259 2978 Nimirum
273 2943 312 2987 qu.
331 2928 376 2988 od,
391 2934 435 2974 art.
451 2926 480 2986 5,
497 2928 538 2973 ulei
554 2939 600 2973 non
613 2927 702 2975 tantum
716 2927 811 2984 diligere
823 2938 866 2972 na-
