1992 3342
116 217 166 265 ulls
311 225 372 264 runs
385 227 404 276 r,
418 225 510 272 onnon.
528 225 613 276 xtvru,
628 225 682 264 aur.
698 224 732 266 tv.

119 305 195 369 aliquo
213 303 274 354 bono
291 305 375 354 orento.
394 303 454 366 Ergo
474 303 559 352 malum
578 302 691 354 consumit
708 302 810 356 totaliter
828 305 927 358 bonum.
983 266 985 343 i

151 377 196 427 Sed
204 379 283 426 eontra
294 377 341 438 est,
353 375 412 439 qnod
422 373 560 436 Augustinus
571 373 626 424 dicit
634 373 659 424 in
669 375 786 439 Erebis,
796 377 839 426 ubi
847 377 927 443 suprh‚
983 410 984 421 ³

119 448 180 514 qnbd
191 465 206 496 u
216 448 301 497 malum
312 459 359 498 uon
370 449 445 510 potest
457 444 557 496 totaliter
566 457 699 496 oonsumere
710 447 807 497 bonum.
821 464 835 495 o
983 484 984 511 ἶ

152 519 345 584 (Concursro.—
359 517 440 568 linium
458 517 581 580 corrumpit
594 521 667 567 totunm
681 517 724 568 sibi
738 519 875 582 oppositum
887 522 927 571 bo·

119 604 187 653 nnm3
199 603 314 654 nunquam
324 592 399 640 antem
412 590 497 638 bonum
507 589 568 651 qnod
578 593 613 638 est
622 589 768 654 subjectum,
779 604 826 641 neo
838 593 926 643 bonum

119 665 192 713 totum
201 663 260 726 quod
269 664 303 711 est
310 661 418 712 habilitas
427 661 524 723 subjecti
532 661 560 711 ad
568 664 652 724 aetum,
663 674 812 726 eorrumpere
823 665 924 728 potest.)

125 793 130 802 ι
150 732 284 798 despondeo
293 732 424 796 dicendum,
436 731 495 796 quhd
505 733 590 782 malurn
602 746 650 782 non
662 737 738 798 potest
750 734 855 785 mutter
873 750 926 786 oon·

119 819 207 856 sumere
222 806 317 856 bonum.
335 806 368 856 dd
379 806 443 870 cnjus
459 803 597 855 euidentiam
609 806 801 857 oondderandum
813 811 850 858 est
865 808 925 873 qudd

119 879 153 927 est
165 877 248 941 triplex
256 877 350 929 bonum.
364 877 480 936 Quoddam
492 878 552 940 quod
565 891 608 942 per
618 879 702 927 malum
714 878 818 929 totaliter
826 881 923 945 totlitur,
983 884 985 909 ³

119 953 142 1000 et
155 949 199 1000 hoe
215 953 249 1002 est
269 951 353 1000 bonum
368 949 496 1014 oppositum
512 950 586 1013 ma103
600 949 659 999 siout
673 950 752 1000 lumen
766 951 872 1003 totaliter
885 967 925 1017 per

119 1021 224 1072 tenebras
234 1021 335 1085 tollitur,
348 1025 372 1072 et
380 1021 441 1071 visus
449 1035 490 1086 per
499 1020 634 1071 oaedtatem.
645 1022 764 1081 Quoddam
772 1023 830 1074 verd
839 1026 924 1076 bonum

119 1099 166 1156 est,
184 1093 245 1160 quod
259 1108 302 1145 nec
316 1093 416 1145 totaliter
433 1092 520 1144 tollitur
537 1106 579 1158 per
595 1095 694 1157 malum,
712 1107 756 1144 nee
774 1094 924 1162 diminuitur,

118 1167 206 1218 scilieet
220 1168 305 1217 bonurn
319 1165 379 1230 quod
395 1169 429 1216 est
440 1166 567 1229 subjeetum
582 1164 649 1229 unali3
667 1179 713 1216 non
727 1166 790 1216 emm
804 1182 847 1232 per
859 1173 924 1220 tene·

119 1241 171 1290 bras
191 1239 276 1304 aliquid
294 1239 321 1288 de
341 1237 468 1288 substantia
486 1235 545 1286 aeris
559 1235 701 1287 diminuitur.
723 1239 843 1298 Quondam
870 1241 925 1292 uerd

119 1313 203 1364 bonrum
220 1316 268 1375 est,
279 1311 338 1375 quod
351 1309 483 1360 diminuitur
492 1309 585 1374 quidem
594 1321 636 1373 per
647 1309 791 1371 natumsed
802 1325 851 1362 uon
862 1317 925 1364 teta·

120 1385 171 1436 liter
182 1384 281 1448 tollitur3
292 1386 315 1433 et
328 1385 371 1432 hoo
381 1383 467 1432 bunum
478 1384 514 1432 est
525 1380 631 1431 habilitas
641 1381 739 1446 subjecti
750 1383 781 1432 nd
791 1387 878 1435 notum.
888 1385 925 1435 bi-

122 1457 218 1509 minutio
227 1462 304 1507 autem
313 1456 383 1520 hujus
391 1454 445 1506 boni
455 1468 501 1505 non
509 1458 545 1504 est
553 1453 686 1518 aceipienda
693 1468 734 1518 per
741 1456 922 1508 subtractionem

119 1531 128 1595 (
136 1531 195 1581 siout
210 1533 245 1582 est
258 1527 376 1579 diminutio
392 1527 417 1577 in
427 1525 620 1591 quantitatibus),
637 1540 677 1576 seu
692 1539 734 1590 per
744 1528 923 1594 remissionem,

119 1602 178 1652 sient
190 1604 225 1652 est
241 1598 362 1650 diminutio
375 1599 399 1649 in
417 1598 563 1664 qualitatibus
575 1601 599 1648 et
611 1598 698 1648 formis.
714 1599 829 1651 Remissio
843 1604 921 1652 autem

121 1675 188 1738 hujus
203 1671 327 1724 habilitatis
342 1675 377 1722 est
392 1669 524 1735 accipienda
542 1668 684 1720 deontiario
696 1667 824 1721 intensioni
841 1669 922 1736 ipsius.

121 1743 247 1795 Intenditur
263 1741 324 1794 enim
338 1741 470 1806 hujusmodi
485 1742 593 1793 habilitas
606 1755 648 1806 per
661 1737 824 1807 dispositiones
838 1745 922 1810 quibus

121 1817 215 1869 materh
222 1816 398 1881 preparatnrad
408 1817 482 1865 autum
487 1852 496 1878 ‚
504 1828 554 1878 quae
565 1813 651 1878 quantb
660 1814 733 1878 magis
741 1815 921 1880 multiplieuntur

120 1889 144 1940 in
154 1890 255 1953 subjecto
261 1926 270 1952 ‚
283 1887 348 1938 tautd
357 1887 456 1938 habilius
465 1889 501 1937 est
509 1886 538 1936 ad
551 1885 708 1952 recipiendam
719 1887 888 1950 perlectionem
899 1893 922 1940 et

121 1960 217 2010 formant
233 1963 274 2012 :et
285 1957 298 2010 t
309 1958 420 2010 corbario
429 1957 552 2009 remittitur
562 1972 603 2023 per
617 1957 777 2022 dispositiones
785 1960 921 2026 contrarias,
983 1992 984 1999 κ

123 2047 173 2096 qne
187 2031 272 2097 quanti
286 2031 357 2095 magis
373 2031 528 2096 nurttiplioatae
545 2035 598 2082 sunt
612 2029 638 2081 in
653 2030 749 2081 materia
762 2034 787 2082 et
800 2033 875 2096 magis
887 2033 922 2083 in-

121 2110 202 2170 tense,
210 2105 275 2158 tanto
284 2105 357 2168 magis
366 2104 489 2155 remittitur
499 2105 602 2168 potentin
615 2105 644 2158 ad
653 2106 738 2155 actum.
747 2103 772 2154 Si
782 2105 855 2169 igitur
868 2119 922 2158 oon-

121 2180 196 2230 trariae
206 2178 365 2244 dispositiones
374 2176 524 2229 inininitum
534 2175 680 2242 multiplicari
686 2180 710 2227 et
716 2176 808 2227 intendi
816 2191 922 2243 nonpos

121 2255 184 2314 sunt,
197 2253 237 2302 sed
245 2263 317 2315 nsque
328 2249 356 2300 ed
365 2253 451 2303 eertum
461 2247 598 2311 terminum,
610 2261 684 2312 neque
692 2247 801 2299 habilitas
811 2251 921 2314 praediola

122 2322 147 2372 in
160 2322 276 2374 inlinitum
290 2320 422 2372 diminuitur
442 2321 480 2371 vel
492 2318 628 2382 remittitur
643 2321 702 2370 simu
721 2323 785 2383 patet
803 2320 831 2371 iu
847 2323 919 2386 quali·

123 2393 207 2444 tatibus
220 2394 300 2448 activis
313 2396 337 2444 et
347 2392 445 2457 passivis
457 2392 621 2443 elementorum
635 2391 764 2455 :frigiditas
773 2392 837 2443 euim
846 2398 872 2446 et
880 2396 923 2446 hn-

123 2464 229 2529 miditas,
243 2479 284 2530 per
297 2479 347 2530 quae
362 2463 494 2514 diminuitur
503 2462 552 2516 sine
564 2462 690 2514 remittitur
701 2462 923 2524 habilitastmateriar

123 2537 152 2586 ad
168 2536 263 2586 formam
278 2537 352 2600 ignis,
374 2549 419 2586 non
437 2537 532 2599 possunt
553 2533 698 2599 multiplicari
716 2533 741 2584 iu
754 2534 878 2587 inlinitum.
898 2537 923 2587 Si

123 2606 178 2658 verb
192 2607 351 2672 dispositiones
361 2607 480 2658 contrariu
493 2605 519 2655 in
529 2605 644 2661 inlinitum
656 2606 806 2670 multiplicari
815 2614 920 2673 possunt,

124 2683 147 2728 et
160 2679 266 2730 habilitas
279 2679 387 2744 predicta
407 2679 432 2728 in
448 2678 563 2729 inlinitum
577 2677 710 2728 diminuitur
728 2680 767 2729 uel
783 2679 918 2742 remittitur,

124 2763 170 2799 nnn
187 2753 264 2800 tamen
278 2751 377 2800 totaliter
387 2751 486 2814 tollitur,
496 2749 550 2813 quia
563 2763 655 2813 semper
665 2752 745 2800 manet
757 2749 783 2799 in
795 2765 837 2801 sua
846 2751 921 2803 radice

124 2835 174 2883 que
186 2823 222 2870 est
231 2821 357 2870 substantia
367 2822 463 2886 subjecti
474 2838 480 2869 z
491 2821 552 2872 siout
560 2821 580 2871 si
590 2821 614 2869 in
623 2820 738 2870 inlinitum
746 2821 921 2886 interponantur

124 2895 219 2954 torpore
232 2903 302 2952 opaea
316 2890 376 2940 inter
388 2895 459 2943 solem
474 2896 499 2942 et
511 2905 604 2953 aerem,
616 2892 641 2941 in
655 2892 771 2942 inlinitum
782 2894 921 2947 diminuetur

124 2960 229 3009 habilitas
237 2959 296 3010 aeris
307 2961 335 3010 ad
346 2961 436 3028 lumen3
447 2977 564 3028 nunqnam
574 2968 653 3014 tamen
663 2963 763 3015 tohliter
773 2964 862 3017 totlitur
873 2979 920 3019 ma·
