1992 3342
226 270 258 324 or
274 267 387 307 sansonis
403 269 436 307 ao
451 270 583 309 sssrurrarr
599 273 706 313 nnuarrs.
817 267 863 311 563

61 346 177 409 qnantum
194 343 281 395 seilicet
296 346 321 395 in
331 346 437 397 omnibus
451 348 554 411 personis
570 349 652 401 divinis
668 350 717 415 ipso
730 354 765 401 est
781 352 864 417 princi-

60 416 138 480 pium.
151 417 200 465 Nec
213 418 301 479 oportet
313 416 374 482 qudd
387 418 416 469 sit
425 418 561 483 principium
576 420 612 473 sui
623 421 704 486 ipsius,
716 421 775 473 sicut
784 424 865 488 aliquis

62 490 91 539 de
107 488 195 551 populo
209 488 292 537 dicitur
300 493 376 540 rector
386 490 455 540 tutius
468 491 560 556 populi,
578 506 625 543 nou
639 497 716 545 tarueu
732 494 767 545 sui
782 494 863 561 ipsius.

61 560 107 611 Vel
120 559 260 625 potcstdici
275 561 336 625 quod
350 579 364 609 (ι
381 566 416 612 est
428 561 566 629 principium
583 564 658 615 totius.
667 566 768 629 deitatis,
786 584 799 613 a
819 581 865 618 non

63 630 120 696 quia
128 644 180 681 eam
191 636 285 692 generet
295 636 319 684 et
327 634 407 699 spiret,
416 634 457 684 sed
465 634 520 701 qrria
529 648 579 687 euna
591 638 721 701 generando
728 642 751 693 ot
759 638 864 705 spirando

63 703 227 755 communicet.
256 767 260 773 ⁵
746 738 751 744 -

362 797 520 861 tortuosos
533 799 570 849 Vl.

66 902 155 946 Utrum
161 910 271 974 mooun
278 903 370 959 possint
379 904 504 960 predicari
513 904 541 949 dc
550 906 685 951 transitibus
694 910 864 956 essentialibus.

96 1012 132 1062 sd
142 1015 234 1063 sertum
241 1012 273 1062 sic
280 1012 411 1077 proceditur
420 1013 463 1079 (1).
471 1011 565 1065 Videtur
574 1014 635 1080 qndd
644 1030 746 1081 persona
758 1032 804 1068 non
814 1033 866 1083 pos·

64 1083 111 1133 sint
127 1082 250 1147 praedicnt
265 1085 293 1135 dc
306 1084 438 1135 nominihus
452 1086 609 1137 essentialibus
626 1088 751 1151 canendis,
767 1094 792 1139 ut
806 1090 866 1142 dica-

65 1158 121 1209 tur:
137 1173 152 1201 a
163 1155 225 1208 Deus
234 1159 270 1205 est
282 1161 329 1206 tres
338 1169 474 1220 personam
483 1158 522 1207 rel
531 1174 545 1205 u
557 1162 591 1208 ost
602 1158 698 1209 trinitas.
711 1176 725 1206 »
737 1162 790 1211 Hac
804 1162 866 1212 euim

65 1230 101 1277 cst
112 1227 187 1279 falsa:
204 1243 219 1273 «
227 1228 300 1277 Hormo
310 1232 345 1277 est
354 1227 429 1278 omnis
440 1229 522 1291 homo,
534 1245 547 1276 u
563 1228 616 1292 qnia
631 1243 675 1293 pro
686 1230 748 1280 nullo
762 1232 866 1296 supposi-

65 1302 141 1349 torum
154 1298 270 1350 verificari
279 1303 368 1363 potest,
382 1300 530 1363 nequeenim
545 1301 649 1351 Socrates
659 1304 693 1351 est
704 1300 777 1351 omnis
791 1304 867 1367 honio,

64 1384 141 1435 neque
156 1372 224 1422 Plato
229 1408 238 1435 ,
256 1385 330 1435 noque
344 1371 425 1434 siquis
437 1372 505 1422 alius.
520 1372 565 1421 Sed
583 1372 685 1423 similiter
699 1372 743 1423 iata
759 1389 765 1421 :
781 1391 795 1421 a
809 1376 868 1426 Deus

66 1446 103 1491 est
112 1443 218 1506 trinitas,
229 1460 243 1490 a
255 1456 297 1506 pro
307 1443 369 1495 nuto
378 1444 546 1507 suppositorum
561 1448 649 1495 natura
659 1444 742 1495 dirinae
756 1444 868 1495 verificari

68 1517 155 1578 potest;
169 1528 244 1579 neque
254 1514 316 1565 enim
324 1517 391 1572 Pater
400 1520 435 1565 cst
444 1514 626 1579 trinitas,neque
638 1515 719 1578 Filius,
728 1529 803 1579 neque
814 1515 867 1580 Spi-

67 1584 124 1636 ritus
132 1590 238 1638 sanctns.
251 1588 310 1649 Ergo
320 1588 370 1637 tanc
383 1592 419 1637 est
431 1586 505 1638 falsa:
522 1604 535 1635 n
547 1588 606 1637 [teus
619 1591 654 1638 est
664 1587 762 1637 trinitas.
775 1604 790 1634 n

100 1662 123 1708 Ξ.
132 1661 261 1722 stateres,
272 1658 381 1708 interiora
391 1673 438 1709 non
449 1659 602 1723 praedicantur
610 1661 638 1711 de
649 1659 696 1711 suis
704 1659 868 1723 superioribus,

66 1730 113 1781 uisi
130 1730 268 1783 accidentali
284 1730 458 1794 predicatione,
477 1735 502 1780 ut
520 1731 572 1781 cdm
595 1732 645 1782 dico
667 1747 671 1781 :
694 1749 708 1779 n
727 1730 817 1781 animal
835 1736 870 1782 est

67 1802 151 1866 hom03
164 1802 273 1852 »accidit
285 1802 347 1854 enim
358 1802 509 1852 animatiesse
525 1802 649 1852 hominem.
661 1803 706 1853 Sed
719 1804 763 1853 hoc
775 1815 868 1866 nomeu,

67 1875 144 1930 Deus
158 1888 186 1925 se
198 1874 269 1925 habat
281 1874 311 1925 ad
323 1878 369 1925 tres
382 1888 504 1938 personas,
516 1874 575 1925 sicut
583 1888 703 1925 commuue
714 1875 741 1924 ad
751 1873 869 1937 interiora,

68 1948 94 1993 ut
112 1946 268 1997 damascenus
279 1946 334 1998 dicit
348 1946 402 2011 (rin.
417 1946 449 1994 111
466 1945 571 1996 orthod.
591 1946 679 2001 Fidei,
697 1958 747 2009 cap.
761 1948 796 2001 tt.
811 1946 870 2007 Ergo

67 2016 158 2068 ridetur
168 2017 232 2082 qnod
241 2018 334 2068 nomina
347 2030 493 2080 personarum
504 2030 549 2067 uon
560 2016 646 2079 possint
657 2015 776 2080 predicari
787 2016 815 2065 de
826 2017 870 2066 troc

68 2089 162 2140 nomine
168 2127 178 2153 ‚
193 2091 269 2147 Deus,
281 2089 325 2139 uisi
335 2087 514 2139 accidentaliter.

100 2163 145 2213 Sed
153 2163 238 2227 contra
246 2165 290 2223 est,
297 2159 358 2224 quod
364 2159 564 2222 Augustinusdioit
573 2159 596 2208 in
605 2172 708 2209 sermone
714 2158 746 2207 de
752 2158 868 2223 Fidetatz

71 2252 86 2282 a
93 2235 214 2287 crodium
223 2232 296 2283 unum
303 2233 374 2283 Deum
383 2245 451 2281 uuam
458 2244 508 2282 csse
521 2230 592 2282 divini
603 2229 701 2281 nominis
711 2228 835 2279 trinitatem
855 2248 870 2278 a

101 2308 259 2373 (Concuusro.
271 2304 405 2354 -Nomina
419 2307 466 2353 tam
477 2302 605 2367 personalia
616 2301 683 2367 quim
696 2300 835 2365 nemoralia,
851 2302 872 2352 si

69 2383 122 2429 sunt
132 2377 263 2443 adjectiva,
278 2391 324 2426 nou
337 2376 489 2440 praedicantur
499 2376 528 2426 de
543 2375 641 2425 essentia
651 2390 657 2438 3
666 2373 685 2423 si
697 2372 753 2423 rerd
764 2372 810 2423 sint
820 2375 872 2425 sub·

70 2452 168 2503 stantira
175 2488 184 2515 ,
203 2451 232 2500 de
248 2462 276 2499 ea
291 2447 470 2513 predicantur.)

101 2563 135 2630 (i)
147 2570 182 2613 lte
197 2566 318 2613 nisenam
330 2567 355 2624 1,
370 2564 448 2613 Sunt„
462 2562 516 2608 dist.
530 2561 576 2620 68,
590 2573 629 2617 apr.
642 2560 670 2619 2,
686 2566 730 2605 art.
746 2560 773 2618 d,
790 2560 820 2606 nd
830 2560 854 2605 5.

12 2627 13 2630 Ἴ
101 2638 135 2703 (2)
150 2642 324 2696 Nauportum.
340 2635 399 2695 tas,
412 2636 440 2681 de
451 2641 524 2691 temp.
537 2635 574 2679 ret
585 2646 656 2682 serm.
667 2631 691 2689 3,
703 2632 776 2677 serim
787 2632 872 2688 quinta

71 2706 95 2749 in
104 2717 172 2750 cuna
182 2703 275 2748 Domini
289 2701 329 2758 qni
341 2698 472 2743 inscribitur
487 2698 516 2742 de
527 2697 574 2756 fide
587 2698 669 2748 recta,-
679 2707 725 2739 nou
737 2695 766 2739 de
780 2694 826 2751 fids
841 2694 872 2739 od

71 2770 188 2817 Pomm,
197 2765 337 2822 sicutprids.
351 2762 410 2807 Nam
421 2769 497 2817 neque
508 2761 568 2805 libor
581 2759 625 2803 iste
639 2757 760 2818 Augustini
772 2763 820 2811 est,
833 2757 873 2801 sed

71 2830 198 2890 Brigantii,
206 2840 282 2886 neque
292 2828 363 2873 rerba
373 2825 424 2869 tnnc
434 2825 513 2869 haben
524 2822 588 2869 Unde
598 2824 620 2867 iu
630 2821 785 2877 manuscripto
796 2830 873 2864 exem·

73 2896 129 2951 ptari
142 2891 239 2939 notatur
247 2894 313 2938 iocus
323 2895 349 2935 ut
360 2888 409 2940 ttio;
420 2886 497 2932 sedin
512 2885 630 2943 impressis
642 2884 727 2941 passim
740 2887 766 2927 ut
775 2894 803 2927 ex
812 2880 872 2926 libro

72 2958 100 3002 de
112 2957 175 3016 fide,
190 2955 299 3013 quamvis
314 2954 343 2999 ad
353 2950 480 3006 marginem
493 2950 622 3009 corrigantr
635 2948 697 3005 quod
710 2946 733 2991 in
746 2950 810 2991 textu
822 2954 873 2989 cor-

72 3021 113 3079 rigi
126 3020 240 3078 oportuit.
