1992 3342
123 200 126 207 ’
146 220 192 268 tat
336 230 397 267 runs
408 228 433 279 r,
447 228 539 274 oonsr.
554 228 642 278 xum,
654 228 711 269 sss.
728 228 755 265 ll.

144 320 199 357 nien
211 305 322 370 quantum
334 305 479 368 adsensum,
489 303 637 369 etpreciput
648 303 688 355 ubi
703 302 759 355 dicit
768 300 856 367 Filius,
872 304 946 355 doun.

144 379 209 441 xvi,
219 378 248 427 de
258 375 345 440 Spiritu
358 381 438 427 sancto
446 377 542 440 loquens
553 392 558 425 :
570 394 584 425 u
595 376 635 426 lile
647 388 684 427 me
696 373 845 437 clarificabit,
854 374 910 439 quin
921 374 949 424 de

144 463 195 499 meo
208 448 313 512 accipiet.
321 465 336 494 o
348 449 490 511 Regulamter
504 449 574 501 eliam
587 448 612 499 in
620 461 684 499 sacra
693 447 808 512 Scriptura
819 448 949 499 tenendum

144 525 192 584 est,
205 519 265 585 qobd
277 520 301 571 id
315 521 376 585 quod
389 521 418 572 de
432 522 501 571 Patre
515 520 614 583 dicitur,
629 522 720 584 oportet
736 520 765 569 de
779 517 837 571 Filio
849 517 950 581 intelligi

143 591 252 656 (ebnmsi
259 591 329 643 dictio
339 591 457 643 exclusiva
467 591 585 657 addatur),
596 590 641 643 nisi
652 589 726 643 solbm
737 590 761 643 in
774 590 819 641 illis
832 589 950 655 inquibus

143 664 212 713 Pater
230 666 254 712 et
267 663 338 713 Filius
355 663 480 715 secundini
493 664 610 728 oppositas
620 662 742 715 relationes
758 662 949 725 distinguuntur3

144 733 197 783 edm
212 734 275 785 enim
290 735 399 786 Dominus
410 736 501 788 blatto.
519 737 564 797 xl,
579 734 635 785 dicit
655 751 661 785 z
677 752 691 783 «
701 736 775 787 Nemo
786 734 851 785 nouit
865 734 949 786 album

144 804 189 855 nisi
201 808 269 857 Pater
275 843 283 870 ,
294 821 308 854 s
319 821 366 858 nou
376 807 503 859 excinditur
512 807 645 872 quintilius
656 806 756 872 seipsum
769 811 906 871 cognoscat.
914 807 949 856 ste

143 875 227 941 igitur,
240 877 294 929 dam
313 879 395 929 dieitur
410 879 471 944 qubd
484 896 499 926 u
515 879 613 944 Spiritus
626 882 717 931 sununs
730 876 745 929 d
760 880 828 929 Patre
844 877 949 943 proeedit

146 948 250 1013 (etiamsi
262 951 384 1002 adderetur
395 950 455 1014 qudd
465 950 480 1001 la
491 952 541 1001 solo
553 953 620 1003 l‘atre
635 948 752 1015 procedit)
758 988 767 1014 ‚
778 964 827 1001 non
841 952 949 1001 exclude

145 1024 209 1072 retur
221 1022 275 1076 inde
289 1022 372 1086 Filium
386 1023 440 1087 quia
449 1022 561 1087 ouantium
575 1025 603 1073 ad
614 1024 659 1075 boo
668 1024 729 1088 qood
740 1026 775 1073 est
789 1038 842 1085 esse
852 1025 948 1088 prinei-

144 1094 219 1157 ptum
232 1095 330 1158 Spiritus
338 1094 426 1158 sancti,
437 1108 485 1147 non
499 1098 646 1159 opponuntur
656 1096 724 1146 Pater
734 1098 757 1145 et
768 1095 851 1160 Filius,
863 1097 906 1147 sed
918 1110 948 1146 so

145 1163 193 1215 idm
206 1166 318 1229 qnsutdm
331 1167 361 1217 ad
371 1168 417 1217 boc
425 1165 486 1230 quod
498 1166 583 1219 meost
594 1170 670 1231 poter
681 1170 705 1217 et
718 1166 756 1217 ille
770 1167 854 1231 fitius.

176 1238 211 1288 ld
228 1239 356 1289 secundum
370 1238 507 1301 dicendum,
522 1237 582 1301 qudo
593 1239 618 1287 in
633 1239 734 1303 quolibet
746 1238 846 1290 concilio
859 1238 948 1291 insitu-

144 1313 195 1359 tum
211 1310 257 1361 tuit
272 1311 400 1374 symbolum
417 1309 510 1374 aliquod
528 1314 621 1375 propter
638 1322 740 1362 errorem
753 1311 855 1375 aliquem
870 1312 909 1377 qui
926 1312 947 1360 in

144 1382 240 1433 concilio
255 1383 404 1433 damnabatur
421 1398 428 1431 ε
444 1383 504 1433 nude
528 1396 627 1447 sequens
646 1382 768 1433 concilium
785 1397 833 1434 non
852 1383 948 1435 tumebat

144 1453 206 1504 aliud
214 1454 344 1518 symbolum
356 1452 426 1518 metm
438 1454 554 1518 primum,
564 1456 604 1505 sed
612 1454 636 1505 id
647 1454 708 1518 quod
718 1454 829 1521 implicite
843 1456 947 1506 contine·

146 1525 215 1577 batur
224 1526 250 1575 in
259 1525 333 1589 primo
343 1526 447 1589 symbolo
459 1538 501 1591 per
511 1526 586 1590 aliqua
599 1526 676 1577 addita
689 1527 856 1591 explorabatur
870 1532 947 1589 eontra

145 1598 245 1648 hereses
259 1597 412 1660 insurgentes.
430 1600 494 1649 Unde
507 1599 533 1649 in
551 1598 742 1651 determinatione
755 1600 948 1652 Chalcedonensis
990 1608 991 1650 l

145 1670 227 1733 synodi
240 1669 338 1734 dieitur,
349 1670 412 1735 qood
428 1689 443 1720 «
451 1670 486 1721 illi
504 1672 544 1735 qai
561 1672 652 1723 luerunt
666 1672 798 1735 mugregali
812 1672 839 1724 in
852 1673 947 1725 concilio

146 1741 397 1806 cumuntmopolitano
408 1743 538 1795 doctinam
555 1744 583 1795 de
596 1743 681 1808 Spiritu
694 1747 774 1794 saneto
791 1745 946 1808 tradiderunt3

147 1826 193 1865 non
201 1812 263 1877 quod
275 1814 351 1864 minius
362 1818 423 1865 esset
432 1815 457 1865 in
465 1816 648 1879 precedentibus
657 1814 697 1879 qai
706 1815 766 1880 apud
780 1815 885 1867 Nicaeam
897 1831 948 1868 ron·
989 1870 990 1879 ¹

147 1886 236 1949 gregati
247 1891 319 1950 sunt,
331 1885 473 1950 inistentes,
484 1889 526 1939 sed
536 1888 678 1939 intellectum
689 1900 767 1938 eorum
782 1887 894 1941 adversius
904 1892 948 1941 be-
989 1880 990 1922 l

146 1958 231 2011 reticos
240 1958 390 2009 declarantes,
402 1975 417 2005 o
432 1958 491 2019 Quia
507 1959 577 2023 igitur
588 1960 725 2024 intempore
740 1959 889 2025 antiquorum
897 1976 949 2013 oon·

146 2031 362 2083 citiorumnondum
370 2036 464 2083 exortus
472 2033 549 2083 tuerat
563 2044 626 2083 error
632 2030 758 2083 dicentium
767 2032 882 2095 Spiritum
888 2048 949 2085 sano

147 2108 195 2155 urm
209 2116 256 2157 nou
273 2103 396 2168 procedere
408 2102 422 2153 d
435 2103 510 2167 Filio,
527 2117 574 2154 non
590 2104 633 2155 luit
649 2102 805 2155 oecononum
826 2104 890 2169 qudd
909 2108 948 2157 boc
988 2160 989 2173 χ

147 2177 256 2243 explicite
270 2180 408 2241 pounsetur3
418 2179 459 2229 sed
466 2183 547 2241 postea
557 2178 690 2243 insurgente
704 2190 780 2228 errore
790 2181 948 2242 quorumdam,
988 2176 989 2194 *

146 2250 172 2299 in
182 2251 282 2314 quodum
293 2248 390 2301 coocdio
401 2250 427 2300 in
437 2249 617 2306 occidentalibus
628 2250 731 2314 partibus
744 2254 901 2316 congregato,
913 2265 950 2302 es-

146 2334 250 2384 pressnm
268 2320 312 2372 init
323 2321 463 2372 authoritate
480 2322 569 2373 romani
585 2322 702 2373 Pontificis
709 2358 718 2386 ,
732 2322 800 2385 enjus
813 2324 950 2375 authoritate

145 2393 216 2443 etiam
229 2392 322 2457 andana
331 2394 633 2458 comediamngregabantur
643 2398 667 2445 el
677 2394 883 2445 confirmabantur.
895 2397 951 2447 Coo-
987 2443 988 2464 χ

146 2462 262 2515 timebatur
274 2469 353 2515 tumen
365 2464 477 2530 implicite
489 2466 515 2515 in
525 2468 568 2517 boc
582 2466 633 2531 ipso
647 2464 708 2530 qudd
722 2464 841 2515 dicebatur
854 2466 952 2531 Spiritus

147 2540 240 2586 sanctus
252 2536 267 2586 d
278 2538 345 2587 Putre
358 2539 490 2601 procedere.

179 2606 458 2672 conrumpendam,
473 2608 533 2673 quod
545 2607 678 2673 «Spiritum
692 2611 797 2659 sanctum
808 2621 857 2659 nun
873 2622 953 2675 proce-

148 2675 202 2727 dere
213 2676 227 2725 l
239 2677 306 2740 Filio,
316 2695 330 2724 o
344 2678 419 2743 primd
430 2679 473 2734 iuuit
483 2679 497 2729 t
509 2678 649 2730 Nestorianis
663 2678 831 2741 introductum,
848 2684 874 2731 ut
890 2685 953 2745 patet
986 2685 987 2736 l

147 2747 172 2795 in
187 2748 286 2811 quodum
300 2750 405 2813 symbolo
418 2750 603 2802 Nestoriauorum
617 2750 723 2801 munau
737 2750 762 2799 in
781 2750 902 2814 lipbesina
915 2766 953 2816 sp·

149 2818 225 2880 uodo;
240 2824 265 2869 et
274 2820 337 2871 bane
351 2834 451 2872 errorem
465 2827 557 2873 secutus
568 2822 612 2873 tuit
624 2822 774 2873 l'beodoritm
786 2823 953 2885 nestorianus,

150 2893 175 2939 et
185 2889 261 2951 plures
272 2894 324 2953 post
333 2891 408 2955 ipsum
415 2930 424 2957 ‚
437 2893 564 2957 intorques
579 2892 623 2943 tuit
633 2894 703 2945 etium
713 2893 879 2945 Damascenus.
890 2896 954 2947 Unde

150 2960 174 3008 in
189 2961 246 3022 boo,
255 2960 306 3023 ejus
311 2964 434 3017 sedunis
444 2976 492 3017 non
501 2969 536 3017 est
543 2964 657 3017 eundum.
668 2965 776 3027 Qamtis
789 2965 803 3015 d
814 2966 955 3030 quibusdam
