1992 3342
178 241 209 278 us
223 239 367 280 cosmnotu
380 239 527 281 eremmon
538 234 660 280 ummo
672 236 789 280 marsa.
837 226 884 279 too

80 317 230 375 lleusmeati
242 319 350 382 medice
368 317 484 383 impressit
498 322 575 368 rerum
593 310 769 378 mmffitudiuos,
789 325 846 381 quas
859 318 885 368 iu

80 403 134 442 esse
143 389 241 440 naturali
253 389 369 454 pmdunit.
384 391 411 442 lu
422 390 497 441 Verbo
509 389 641 440 autem'ltei
654 391 684 440 ab
692 391 779 442 aterm
794 387 886 440 extite-

81 465 145 526 munt,
156 461 284 518 nousolbm
294 459 396 513 rationes
404 475 480 514 rerum
488 461 646 526 corporalium,
655 463 696 513 sed
705 461 775 512 etiam
784 461 886 512 rationes

57 539 59 544 '
81 533 186 584 omniurn
198 533 348 598 spiritualium
362 537 521 585 creaturarum.
539 533 659 597 sicigitur
673 533 796 598 modique
812 533 886 598 spiri-

83 605 179 656 tualium
187 609 340 656 creaturarum
349 605 363 656 d
372 607 445 656 Verbo
453 605 495 666 Dei
504 604 621 670 impressae
632 609 687 656 sunt
695 619 775 656 omnes
783 605 886 656 rationes

81 690 162 728 rerum
175 675 293 738 omnium,
309 679 357 726 mm
373 676 524 741 corporalium
536 675 605 740 quam
625 676 790 742 spiritualium,
801 677 836 727 ita
848 679 885 727 ta·

83 761 138 801 rnen
153 747 214 812 uudd
226 747 347 812 ubicmque
361 747 442 812 angelo
451 748 562 813 impressa
574 751 611 799 est
621 748 679 799 ratio
688 763 736 801 suet
744 749 838 812 speciei,
848 761 886 799 se-

84 819 184 870 cundbm
197 834 248 870 esse
260 821 363 870 naturale
377 823 401 870 et
414 820 568 871 intellectuale
582 819 663 884 simul,
677 819 812 871 itascilicet
825 819 886 886 qnod

81 891 107 942 in
122 895 204 943 natura
218 905 268 952 suae
282 893 368 957 speciei
381 893 531 953 subsisteret,
545 895 569 942 et
581 886 623 957 per
633 895 684 942 eam
697 906 723 944 se
735 892 882 958 intelligeret

83 963 179 1013 alierum
195 963 250 1014 verb
263 963 401 1016 naturalium
417 966 464 1014 mm
481 962 634 1029 spiritualium
651 963 719 1027 quim
737 965 887 1029 corporalium

81 1034 186 1086 rationes
195 1035 290 1086 conteis
299 1035 416 1101 inpressa
426 1035 609 1086 secuudbmesse
617 1034 772 1086 intellectuale
782 1035 883 1100 tanturn,

80 1106 233 1158 dividelicet
251 1121 293 1171 per
308 1107 440 1173 hujusmodi
459 1107 548 1172 species
563 1107 686 1171 impressas
696 1110 752 1156 ‘um
773 1111 888 1159 creatum

83 1180 215 1244 corporales
228 1179 295 1243 quarn
308 1179 438 1244 spirituales
452 1182 623 1244 cognoscerent.

116 1252 151 1301 Ad
163 1251 261 1315 primum
277 1264 331 1314 ergo
344 1251 479 1314 dicendum,
493 1250 554 1316 qudd
565 1250 654 1302 nature
668 1249 800 1315 spirituales
818 1265 889 1316 ange·

83 1324 158 1374 lorum
172 1323 200 1372 ab
216 1321 317 1372 inuicem
334 1321 505 1386 distinguuntur
520 1322 599 1373 ordine
616 1323 729 1387 quodam,
743 1322 803 1373 sicut
820 1323 889 1388 sopri

83 1393 171 1444 dictum
182 1397 217 1444 est
225 1394 275 1460 (qu.
286 1397 326 1459 to,
336 1398 379 1446 art.
391 1394 424 1458 it.
437 1393 467 1446 nt
476 1394 511 1446 sic
518 1397 599 1446 natura
608 1395 679 1445 unius
692 1395 767 1460 augeb
780 1406 826 1446 nou
835 1409 890 1460 pro

87 1465 154 1517 bibet
172 1465 312 1517 intellectum
325 1465 398 1530 ipsius
410 1466 423 1516 a
437 1467 602 1530 cognoscendis
617 1466 670 1521 aliis
688 1465 775 1517 natans
797 1468 890 1531 angelo-

85 1551 139 1588 rum
149 1577 156 1600 ,
168 1536 221 1588 com
233 1539 281 1588 mm
292 1537 419 1602 superiores
429 1537 496 1602 quim
509 1537 633 1588 miseriores
646 1538 744 1603 babeant
754 1538 888 1589 nbmotern

88 1623 141 1660 cum
147 1612 230 1660 nutura
236 1609 295 1674 ejus,
304 1603 430 1660 differentit
437 1609 551 1660 existente
557 1609 649 1660 mamm
655 1608 781 1660 meandum
787 1608 890 1662 diuersos

88 1681 172 1746 mades
185 1679 340 1746 perfectionis.
763 1742 765 1749 Ι

121 1753 155 1803 lid
175 1753 298 1804 secuudum
312 1749 515 1817 dicendum,·qnbd
530 1753 588 1804 ratio
605 1766 688 1804 cauom
698 1755 723 1804 et
735 1755 834 1803 comati
844 1767 891 1806 uon

5 1865 7 1872 ,
88 1826 146 1877 iacit
160 1825 188 1876 ad
197 1827 241 1876 boc
253 1817 314 1888 quod
328 1837 387 1874 unus
396 1825 489 1890 angelus
502 1825 572 1876 aliurn
585 1829 724 1890 cognoscat,
742 1826 891 1879 uisitatione

5 1893 7 1908 '
89 1895 261 1957 similitudinis,
271 1896 296 1962 ip
313 1898 423 1959 quantum
438 1909 507 1948 causa
520 1899 545 1947 et
555 1900 672 1965 causatum
688 1899 743 1947 sunt
754 1897 846 1948 similia
861 1900 891 1950 nt

81 1964 141 2022 ‘idco
163 1969 184 2020 si
198 1968 259 2020 inter
275 1969 367 2030 aaeelos
388 1972 486 2032 ponatur
499 1968 623 2019 similitudo
636 1969 722 2033 absque
742 1969 889 2034 causalitate,

89 2039 218 2094 remanebit
232 2037 258 2092 in
270 2053 316 2091 uno
330 2039 431 2104 cognitio
445 2041 546 2101 alterius.

122 2116 157 2166 ld
174 2113 267 2164 tertium
287 2111 422 2173 dicendum,
440 2111 500 2176 qndd
511 2126 570 2162 unus
584 2113 679 2176 angelus
692 2113 810 2177 cognoscit
822 2107 892 2165 abtum

90 2201 132 2253 per
147 2185 249 2251 speeiem
262 2185 313 2249 eius
325 2184 351 2234 in
364 2184 482 2236 intellectu
496 2199 538 2236 suo
552 2185 704 2247 existentem,
714 2199 764 2249 quac
776 2185 852 2236 dillert
865 2187 892 2236 ab

91 2259 137 2311 alio
151 2258 247 2322 angelo,
262 2258 329 2322 cujus
346 2257 469 2308 similitudo
483 2261 532 2319 est,
552 2270 600 2307 non
615 2256 740 2309 mcuuddm
758 2273 808 2306 esse
822 2263 894 2310 mate-

91 2331 147 2382 riale
161 2334 185 2381 et
197 2328 358 2394 immateriale,
375 2331 415 2380 sed
429 2328 555 2381 secundum
566 2344 616 2380 esse
631 2329 733 2380 naturale
746 2333 770 2380 et
785 2329 894 2382 intentio-

91 2405 153 2455 nale.
168 2403 226 2468 Nam
236 2401 288 2466 ipse
305 2401 399 2466 angelus
413 2404 449 2452 est
462 2402 534 2453 forma
547 2401 674 2452 subsistens
684 2402 709 2451 in
721 2416 774 2452 esse
785 2403 894 2465 naturali,

91 2477 230 2530 nouantem
246 2473 335 2538 species
349 2474 399 2540 ejus
415 2471 465 2537 qua
480 2478 517 2524 est
532 2475 556 2524 in
571 2472 689 2524 intellectu
704 2473 797 2525 alterius
810 2475 892 2540 angeli3

92 2549 132 2601 sed
152 2547 221 2598 babet
238 2545 269 2596 ibi
284 2560 335 2595 esse
348 2545 491 2610 intelligibile
506 2546 609 2608 tantbm,
623 2546 682 2596 sicut
698 2546 767 2596 etiam
781 2550 805 2597 et
822 2547 894 2598 torma

94 2620 177 2673 coloris
191 2617 216 2669 in
233 2618 324 2685 pariete
333 2619 402 2668 babet
414 2633 464 2668 esre
478 2620 595 2682 naturale,
610 2618 635 2668 iu
646 2618 721 2668 medio
741 2621 821 2669 autem
834 2620 895 2670 dele·

93 2698 160 2746 rente
173 2695 245 2744 babet
261 2705 312 2742 esse
324 2691 474 2742 intentionale
487 2691 585 2742 tantiam.

127 2767 160 2818 ad
170 2768 276 2829 quamam
285 2763 406 2816 dicendum
415 2803 422 2824 ,
430 2763 490 2828 quid
503 2765 564 2816 Deus
576 2777 757 2828 unamquamque
770 2767 895 2815 winton

96 2839 153 2892 iecit
168 2837 363 2904 proportionatam
376 2837 496 2900 uniuerso,
511 2838 572 2901 quod
582 2837 657 2893 iacere
668 2835 790 2902 disposuit.
801 2836 832 2884 Et
844 2832 896 2885 ideo

87 2915 119 2968 ,si
131 2915 191 2968 neus
209 2908 347 2966 intendisset
361 2909 436 2964 iucem
455 2910 533 2974 plures
551 2910 644 2974 angdos
656 2909 694 2960 uel
714 2909 790 2973 plures
802 2910 897 2958 naturas

98 2998 189 3049 rmum,
199 2984 278 3050 plnres
291 2981 379 3048 species
389 2979 543 3048 inteligibiles
553 2982 668 3035 mentibus
678 2978 788 3045 angelicis
799 2978 897 3046 impres·
