1992 3342
152 227 198 270 276
347 234 407 268 rans
424 233 446 278 ι,
464 230 557 274 quasa.
574 230 632 277 xva,
651 229 704 265 aar.
723 229 756 264 av.

182 310 227 359 Sed
241 312 318 359 eontra
334 323 338 354 :
354 308 413 370 quod
429 310 465 355 est
477 306 505 355 iu
515 304 635 368 pluribus,
651 307 686 353 est
705 303 769 365 prius
780 305 913 356 secuudhm
931 324 969 359 ra-

152 380 246 431 tionem.
265 378 309 427 Sed
330 391 417 427 vnum
438 382 473 429 eet
494 376 519 425 iu
539 374 689 439 quibusdam,
712 374 738 423 iu
758 374 840 437 quibus
859 390 912 427 non
933 388 972 431 est

152 454 263 510 bouum,
284 449 371 499 seilicet
387 448 412 496 in
434 447 627 499 mathematicis:
650 459 704 507 ergo
724 460 813 495 onum
832 453 873 497 est
899 454 974 514 prius

151 520 282 570 secundina
294 514 406 570 rationem
418 518 488 582 quim
503 521 600 568 bonum.

183 591 340 654 (maurusio.
355 618 385 626 -
399 590 482 639 Verum
498 588 551 639 eim
568 587 720 651 propinquius
734 587 825 637 silenti
838 588 917 651 quim
932 594 977 644 ho

153 676 208 711 rrum
219 699 227 723 ,
238 665 263 711 et
279 662 351 725 ipsam
366 661 523 724 cognitionem
538 659 645 723 respiciat
667 672 719 721 que
741 658 803 722 prior
822 664 861 709 est
875 668 978 727 appeti-

153 732 225 795 tione,
240 746 306 796 qnam
321 733 414 796 respicit
426 734 527 794 honum,
542 735 578 781 est
594 732 658 794 prius
672 729 797 780 secundhm
813 744 882 781 suam
899 737 981 786 ratio-

153 816 224 866 nem,
239 802 307 865 quim
321 802 432 866 honum.)

185 875 322 937 Respondeo
339 874 475 935 dicendum,
489 871 618 934 quodlicet
631 873 722 921 haum
738 874 761 920 et
772 885 865 922 oerum
880 888 983 942 suppo-

154 944 197 1001 sito
211 949 373 997 convertantur
391 958 443 995 euro
460 948 514 997 eote
531 943 580 1009 (l),
590 949 671 996 brnen
689 943 776 994 ratione
799 944 939 1013 didcruut3
957 958 984 1001 er

154 1016 280 1067 secundum
293 1018 338 1067 hoo
344 1052 353 1079 ,
367 1030 453 1066 odem
467 1014 570 1065 absolute
586 1015 700 1079 loquendo
710 1012 837 1063 secumdum
851 1019 984 1072 rationem

154 1088 216 1149 prius
223 1092 257 1137 est
264 1088 331 1150 qutun
344 1088 445 1141 bonum.
456 1087 516 1148 quod
528 1100 557 1136 ex
568 1087 655 1136 duobus
665 1088 767 1149 apparet.
781 1084 862 1137 Primd
874 1090 985 1152 quidem

154 1170 183 1206 ex
200 1160 244 1208 hoc
264 1158 323 1221 qubd
344 1172 432 1207 verum
452 1156 602 1220 propinquitas
623 1170 647 1205 se
668 1156 735 1205 habet
749 1157 775 1204 ad
790 1170 845 1212 erre,
861 1163 933 1222 quod
947 1177 987 1213 est

155 1228 217 1291 prihs
228 1228 297 1293 quim
311 1232 415 1279 donum:
428 1242 481 1278 narn
496 1242 584 1278 verum
597 1226 690 1291 respicit
699 1226 774 1290 ipsum
791 1241 846 1276 esse
859 1229 989 1295 simplici-

155 1306 188 1349 ter
202 1304 226 1349 et
236 1300 381 1362 immediate,
391 1300 449 1349 ratio
460 1302 538 1351 autem
548 1297 604 1348 honi
614 1297 762 1361 consequitur
771 1312 825 1347 esse
837 1304 989 1357 secundum

155 1370 215 1433 qubd
230 1373 265 1420 est
279 1370 354 1434 aliquo
369 1371 436 1421 modo
452 1370 600 1433 perlectum,
614 1368 647 1417 sic
659 1369 721 1418 enim
733 1368 862 1431 appetibile
873 1376 924 1422 est.
939 1377 991 1427 Se.

154 1442 229 1493 eundh
243 1446 336 1507 apparel
347 1455 375 1491 ex
385 1443 429 1491 hoc
440 1440 501 1504 quhd
511 1439 612 1503 cognitio
621 1438 755 1489 naturaliter
765 1442 885 1502 precedit
897 1457 988 1510 appe.

154 1513 235 1576 titum3
249 1514 323 1575 unde,
335 1512 389 1562 ehrn
398 1526 482 1562 oerum
492 1510 600 1574 respiciat
609 1509 773 1573 coguitionem,
786 1508 885 1561 bonum
895 1522 991 1569 autem

155 1583 289 1646 appetitum,
299 1584 361 1647 prius
374 1583 417 1633 erit
428 1580 593 1644 eorumquiin
601 1581 690 1631 donum
698 1580 827 1631 seouudhru
840 1584 989 1646 rationem,

174 1655 220 1711 ,hd
239 1653 338 1716 primum
355 1668 410 1717 ergo
429 1654 567 1716 dicendum,
588 1652 649 1716 qubd
665 1653 772 1703 voluntas
789 1658 813 1703 et
837 1654 992 1711 intellectus

157 1722 235 1773 rnutub
255 1738 279 1773 se
299 1724 420 1774 includunt
438 1724 490 1789 (2),
512 1738 564 1773 narn
579 1723 711 1773 intellectus
730 1722 841 1787 intedigit
859 1729 992 1783 volunta-

157 1798 203 1844 tem
210 1831 218 1856 ,
240 1799 263 1843 et
284 1796 390 1845 uoluntas
404 1796 607 1845 subintellectum
620 1794 758 1857 inlelhgere.
773 1794 812 1845 Sic
827 1810 900 1863 ergo,
918 1802 992 1854 inter

158 1866 197 1916 illa
210 1866 405 1931 praeordinantur
418 1868 447 1917 ad
460 1867 576 1929 objectum
591 1865 724 1928 uoluntatis,
738 1867 895 1919 continentur
906 1876 992 1925 etiarn

158 1951 185 1987 ea
199 1951 249 2001 quae
262 1941 314 1986 sunt
325 1937 464 1999 intellectis,
476 1942 499 1985 et
510 1936 650 1986 econverso.
666 1936 730 1987 Unde
745 1936 770 1985 in
781 1938 864 1992 ordine
880 1950 992 2008 appeti.

157 2008 237 2059 bihum
250 2010 342 2058 honum
361 2021 385 2057 se
404 2009 473 2059 hahet
485 2013 510 2057 ut
523 2007 666 2070 universale,
680 2012 703 2057 et
714 2022 803 2057 oerum
817 2014 845 2059 ut
865 2017 992 2075 parm*

157 2081 204 2131 lare
214 2097 221 2143 3
231 2081 256 2129 in
269 2080 348 2131 ordine
367 2084 443 2129 auteur
459 2079 653 2142 intelligibilium,
663 2083 699 2129 est
711 2078 724 2128 t
737 2094 860 2133 woverso.
878 2086 924 2139 Ex
943 2091 991 2140 hm

158 2166 211 2213 ergo
225 2151 284 2215 qubd
292 2159 384 2201 uerum
398 2156 433 2201 est
444 2152 558 2213 quoddam
571 2152 669 2213 honuni,
683 2152 787 2214 sequitur
800 2152 865 2215 quoa
877 2156 991 2211 dorius

157 2222 186 2272 sil
204 2222 267 2284 prius
283 2221 308 2270 in
326 2220 405 2271 ordine
423 2220 597 2284 appetibilium,
615 2234 661 2270 non
679 2226 757 2271 autern
775 2223 839 2285 quiid
855 2225 891 2275 sit
919 2233 991 2293 prim

158 2291 299 2355 simpliciter.

188 2362 222 2411 hd
231 2364 356 2412 secundun
369 2363 497 2426 dicendum,
506 2362 567 2426 qu'od
576 2363 700 2413 secuudhm
709 2366 754 2413 hoc
762 2368 797 2415 est
807 2365 905 2429 ahquid
920 2377 991 2435 priu

157 2432 261 2497 ratione,
278 2433 338 2497 qubd
351 2434 414 2496 prius
425 2434 487 2483 eadit
500 2434 524 2483 in
537 2433 662 2484 intellectu.
681 2436 815 2486 intellectus
829 2442 925 2490 autem
952 2460 990 2509 pe

157 2504 219 2567 prius
239 2505 390 2569 apprehendit
407 2505 481 2569 ipsum
497 2520 554 2569 eus,
576 2509 600 2555 et
618 2506 753 2557 aeeuudarib
772 2510 954 2572 apprehendit
977 2534 991 2568 s

157 2574 283 2638 intelligere
298 2589 353 2639 eus,
368 2581 391 2625 ot
406 2577 472 2627 tertih
490 2578 641 2642 apprehendit
659 2592 683 2627 se
700 2582 810 2643 appetere
829 2593 886 2629 ens.
923 2588 990 2637 tuq

192 2736 221 2796 (i)
235 2740 305 2784 Velut
316 2739 345 2783 ad
356 2740 416 2785 idem
427 2743 571 2799 suppositum
581 2743 617 2788 vol
630 2744 762 2798 subjectum
774 2746 957 2801 pertinentia.

194 2808 223 2867 (ἰ)
240 2812 367 2855 Secundini
388 2814 501 2861 rationem
515 2816 614 2872 objecti,
629 2822 654 2861 ul
666 2816 777 2871 adjuncta
794 2816 941 2871 suplicans
955 2826 969 2871 ξ
984 2842 991 2869 t

160 2884 206 2914 non
220 2873 308 2916 lanlhrn
322 2874 382 2929 quaid
395 2876 449 2931 quia
469 2888 537 2920 omne
556 2879 617 2932 quod
634 2879 705 2922 habel
724 2878 897 2939 intellectum,
919 2886 992 2933 habt

161 2934 229 2976 etiarn
247 2936 401 2995 rolurrtuteni,
415 2945 438 2981 et
452 2938 464 2981 i
480 2951 601 2983 conuerso.
