1992 3342
346 236 378 271 BE
394 236 522 273 minutis
539 238 587 273 bnt.
822 234 866 280 ΞΜ

91 316 255 378 (immansio.
264 336 297 347 -
306 310 355 361 iioe
362 324 455 374 nomen,
464 313 540 373 mor,
553 313 627 375 quoad
639 312 670 376 id,
682 316 710 365 ad
724 316 784 379 quod
795 317 868 381 impo-

60 388 131 447 nitur,
143 384 249 434 diuinam
263 383 413 433 snbstmtiam
425 383 546 447 importet,
558 384 714 447 operationem
727 387 783 437 verb
792 392 867 451 quood

58 458 99 519 iii,
116 455 194 517 tquo
206 465 294 503 nomen
305 452 456 517 imponitur.)

89 526 231 589 homonum
244 524 382 586 dicendum,
392 524 454 588 quoti
466 539 513 575 non
526 530 561 575 est
574 538 664 589 semper
677 526 737 577 idem
749 529 786 592 id,
798 530 811 579 t
822 544 867 593 quo

57 597 188 660 imponitur
198 608 285 645 nomen
295 596 324 644 ad
337 594 526 658 significandum,
542 602 565 647 et
577 597 601 647 iti
617 598 645 647 ad
661 600 721 659 qnod
737 600 868 662 significan-

57 670 112 717 dum
120 680 210 717 nomen
219 665 354 729 imponitur.
366 665 431 715 Sicut
441 666 504 716 enini
515 666 664 717 substantiam
675 667 710 718 rei
722 682 750 720 es
765 672 866 735 proprie-

57 740 142 789 tatibus
159 739 200 787 vel
218 736 393 799 operationibus
411 737 463 799 ejus
480 737 651 799 cognoscimus,
668 739 701 789 ita
718 742 865 793 substantiam

57 812 91 859 nei
100 808 280 860 denominamus
288 808 428 870 omnisque
436 808 465 857 ab
475 808 552 872 aliqua
563 812 614 871 ejus
624 811 755 872 operatione
766 814 804 863 uei
814 828 867 876 pro-

57 882 162 942 prietate.
186 879 254 929 Sicut
275 877 429 929 substantiam
447 878 529 942 lepidis
549 880 723 931 denominamus
745 884 866 948 abaliquo

58 953 147 1002 notione
160 951 229 1014 ejus,
238 948 296 1013 quia
306 948 369 999 taetit
381 949 479 1012 pedem3
491 963 538 999 non
549 955 628 1001 tamen
639 954 683 1002 hoc
694 967 778 1004 nomen
788 954 864 1019 impo-

58 1024 126 1072 situm
140 1027 177 1073 est
193 1023 223 1071 ed
240 1020 418 1083 significantium
436 1022 496 1071 bone
514 1020 644 1084 notionem,
661 1024 702 1073 sed
714 1025 863 1075 substantiam

59 1093 147 1155 lupinis.
160 1093 185 1143 Si
198 1107 244 1155 qua
256 1089 314 1143 verb
325 1094 594 1155 omnipraesentium
606 1106 629 1143 se
642 1098 696 1144 sont
713 1098 767 1145 nota
784 1097 863 1158 nobis,

61 1168 86 1210 ut
99 1164 175 1225 calor,
188 1163 277 1226 nnis,
291 1162 374 1212 nibede
393 1166 416 1211 et
432 1162 578 1226 hujusmodi,
594 1178 640 1215 non
653 1166 681 1215 ab
699 1165 750 1215 aliis
763 1167 865 1217 denomi-

59 1238 151 1285 nantur,
167 1236 229 1285 Unio
248 1235 275 1283 in
294 1233 381 1283 tatibus
401 1233 462 1284 idem
475 1238 511 1285 est
525 1236 585 1297 quod
599 1248 682 1285 nomen
701 1236 828 1299 significat,
841 1241 865 1286 et

58 1306 80 1354 id
90 1305 103 1354 i
112 1320 159 1370 qno
169 1304 300 1369 imponitur
315 1317 401 1353 nomen
411 1305 441 1354 ad
452 1304 635 1367 significandum.
649 1307 706 1363 Quin
720 1306 791 1367 igitur
804 1308 864 1356 Deus

58 1390 102 1425 non
113 1381 148 1427 est
159 1381 232 1426 notus
242 1375 313 1425 nobis
323 1375 349 1423 in
360 1375 397 1426 sni
410 1378 500 1437 natura,
512 1377 551 1427 sed
560 1376 682 1425 innotescit
693 1376 758 1425 nobis
768 1390 798 1425 en
809 1390 864 1439 opo-

56 1449 180 1498 rationibus
191 1448 232 1497 uel
243 1445 368 1495 effectibus
380 1444 484 1508 ejns3e1
495 1446 532 1495 his
541 1459 661 1510 possumus
671 1458 724 1495 enm
734 1446 863 1509 nominare,

54 1523 79 1565 ut
94 1519 159 1582 sopri
176 1519 272 1569 dictum
289 1520 334 1566 est.
353 1516 419 1565 Unde
439 1518 484 1567 hoc
501 1530 601 1579 nomen,
625 1518 705 1572 Deos,
726 1520 760 1567 est
781 1530 864 1567 nomen

55 1591 190 1652 operationis
200 1591 319 1654 qnantum
331 1588 363 1642 ati
376 1588 401 1637 in
417 1588 431 1637 b
445 1602 491 1651 qno
504 1588 628 1652 imponitur
640 1590 667 1639 od
680 1588 863 1651 significandum.

55 1660 178 1723 imponitur
193 1660 262 1711 enim
276 1660 322 1708 hoc
337 1670 423 1707 nomen
437 1658 466 1707 ab
479 1658 605 1709 nmversali
615 1672 690 1709 rerum
709 1659 861 1722 providentia.

55 1735 136 1783 timuis
146 1734 211 1783 enim
219 1732 345 1795 loquentes
355 1731 383 1779 de
394 1731 451 1792 Deo,
461 1732 505 1781 hoo
512 1730 636 1781 intendunt
645 1732 763 1781 nominare
773 1734 862 1787 Deum,

54 1804 113 1863 quoi
122 1805 194 1854 babet
216 1800 390 1866 providentiam
410 1800 563 1851 universatem
581 1804 609 1851 de
628 1802 712 1864 rebus,
728 1803 789 1851 unda
809 1802 864 1851 dicit

53 1873 171 1938 Dionysius
183 1871 328 1923 duodecimo
340 1870 416 1933 capite
430 1872 460 1919 eie
475 1872 525 1920 dio.
539 1873 624 1927 Nom,
640 1870 700 1934 nubi
713 1889 726 1918 n
739 1872 815 1921 Deitas
829 1876 864 1921 est

54 1958 101 2005 qno
113 1945 192 1995 omnia
201 1943 269 1992 uidet
278 1941 425 2005 providentii
434 1944 460 1991 et
470 1940 573 1991 bonitate
587 1942 688 2005 perfecti
699 1940 741 2005 (t).
754 1957 767 1986 n
777 1942 810 1989 Ex
821 1943 863 1990 hac

51 2099 152 2152 ‘punam
167 2110 222 2142 esse
239 2097 272 2141 ait
286 2107 340 2152 qoem
357 2095 476 2139 evidentis
487 2096 662 2153 proprietatem
676 2095 774 2139 deitatis
789 2098 864 2139 osteo·

52 2163 125 2210 itant,
136 2166 162 2205 et
176 2161 223 2203 boc
242 2169 330 2202 nomen
344 2157 438 2213 reponit
453 2157 513 2201 inter
527 2158 575 2201 ilia.
590 2159 734 2212 Rursumque
746 2155 860 2200 interibo:

52 2224 197 2271 remmio,
215 2222 304 2279 fitius,
321 2220 483 2277 eminentior,
506 2220 683 2277 principaliter
699 2218 814 2263 indicant
832 2232 863 2263 ccc

52 2287 96 2329 meo
109 2286 213 2331 Filium
225 2303 233 2327 .·
247 2284 324 2332 Deos,
341 2283 404 2331 cito,
418 2284 525 2331 veritos,
538 2282 654 2327 uirtutem
675 2281 727 2337 ejice
749 2282 864 2339 monifes-

53 2353 162 2406 tontqno
182 2344 299 2390 cosedidit
313 2348 336 2389 et
357 2343 487 2388 subsistere
503 2345 561 2403 fecit
584 2347 729 2388 creatorem.
745 2344 790 2387 Sub
812 2344 863 2397 ejus

52 2418 125 2455 nutem
141 2408 301 2465 inscriptione
313 2419 384 2463 super
397 2406 453 2451 iilud
464 2406 495 2451 ad
511 2406 564 2451 Get.
580 2406 613 2449 111
627 2423 632 2447 z
648 2404 712 2449 Dens
730 2417 796 2449 onnes
816 2409 862 2453 cot,

51 2480 73 2515 nt
88 2472 136 2517 bic.

82 2542 111 2602 (i)
126 2545 182 2588 sive
193 2540 288 2597 pteniirs
304 2558 310 2583 ι
326 2539 411 2584 Deitas
425 2542 458 2584 eet
467 2538 626 2596 providentio
638 2537 747 2580 omnium
761 2540 863 2581 comtem-

50 2607 146 2660 ptotrix
153 2616 210 2663 qoem
215 2603 326 2647 bonitate
328 2602 440 2660 perfecto
448 2601 617 2661 circumspicit
626 2600 708 2643 omnio
718 2602 739 2643 et
748 2600 862 2647 continet,

51 2681 77 2709 oe
91 2670 174 2727 scipso
193 2666 299 2712 ommino
312 2665 399 2722 impiet
416 2669 443 2708 ut
457 2664 481 2707 in
493 2662 556 2708 nott.
573 2661 699 2719 groco-iat.
716 2661 792 2705 videre
811 2667 861 2718 est,

54 2739 168 2796 otinga,
184 2738 227 2783 nbi
242 2736 345 2781 babetur
358 2730 462 2793 θεωμενη
477 2724 589 2793 πρόνοια,
605 2732 792 2789 contemplatrix
802 2744 863 2787 pro-

55 2810 172 2862 timus,-
188 2820 240 2852 non
252 2795 365 2864 προνοία,
380 2806 442 2851 sieut
455 2812 521 2850 tetus
536 2806 649 2859 interpres
668 2802 727 2847 sorte
742 2803 797 2860 tegit
810 2802 861 2845 oiim

58 2872 120 2916 nertin
133 2880 158 2917 ut
176 2872 216 2915 hic
233 2882 266 2915 ex
283 2869 323 2912 iiio
340 2869 414 2914 reiert
429 2871 452 2914 S.
470 2868 583 2925 Thomas,
603 2867 685 2911 omnic
697 2865 763 2919 videt
777 2865 862 2921 proni-

56 2930 149 2983 demin,
160 2936 186 2977 in
199 2932 317 2978 ablativo.
