1992 3342
208 215 239 250 uu
254 213 399 252 suessonum
414 215 514 252 snorum
528 213 610 258 worn
625 216 730 254 cotenu.
820 207 865 253 sta

67 289 164 340 alterius
184 293 273 354 poterat
295 290 402 340 estimari
426 289 612 353 impedimentum
636 292 689 342 boni
707 291 809 341 affectati
826 304 867 356 per

66 362 174 425 angelum
185 361 281 422 malum,
298 361 344 410 nisi
356 362 380 410 in
393 363 503 424 quantum
516 361 632 412 ellectavit
644 363 801 413 excellentiam
815 364 868 413 sin-

66 435 169 498 gulerem
177 471 185 496 ,
202 445 252 496 quae
268 433 356 496 quidem
375 433 519 496 singularitas
538 448 580 498 per
597 435 690 485 alterius
708 435 868 485 excellentiam

67 509 154 556 cessat.
172 507 200 554 tlt
218 505 334 568 ideo'post
353 508 470 568 peccatum
491 506 601 569 superbiae
623 510 769 557 consecutum
787 510 823 556 est
843 507 868 557 in

67 577 151 639 angelo
165 580 272 640 peccante
286 577 369 626 malum
383 575 488 640 invidiae3
504 577 629 627 secundirm
641 577 702 641 qubd
715 579 743 627 de
756 578 816 628 bono
826 579 870 628 ho·

67 649 139 698 minis
147 647 230 708 doluit,
241 653 264 698 et
272 649 340 698 etiam
350 649 377 702 de
389 649 522 698 excellentia
536 650 622 712 divina,
630 649 755 700 secundum
763 650 821 713 quod
834 650 869 700 eis

66 721 130 769 Deus
145 724 222 769 muna
234 719 374 769 voluntatem
388 719 460 782 ipsius
473 719 556 773 diaboli
574 720 646 769 utitur
658 719 682 769 iu
699 721 794 783 gloriam
811 721 870 770 diui-

68 803 133 840 nam.

102 861 134 911 nd
145 861 241 926 primum
255 875 307 924 ergo
323 861 455 925 dicendum,
475 862 536 927 quid
548 865 661 916 daemooes
672 877 718 913 non
729 863 870 913 delectentur

65 934 92 983 in
106 931 291 985 obscoenitatibus
304 933 427 987 carnalium
440 937 595 998 peccatorum,
607 935 672 997 quast
686 933 731 996 ipsi
740 934 868 984 alliciantur
915 955 921 963 ·

69 1005 99 1054 ad
119 1004 280 1054 delectationes
294 1004 406 1066 carnales3
423 1005 462 1054 sed
478 1006 521 1055 hoc
534 1008 607 1057 totum
617 1019 646 1054 ex
656 1005 743 1055 inuidia
752 1005 868 1069 procedit,

69 1075 132 1139 quod
145 1075 169 1125 in
182 1075 281 1140 peccatis
294 1075 412 1126 hominum
421 1075 592 1139 quibuscunque
603 1075 749 1139 delectantur,
763 1078 787 1126 io
796 1091 870 1140 quan·

70 1151 123 1196 tum
134 1150 185 1197 sunt
198 1146 361 1212 impedimenta
373 1146 466 1196 humaui
478 1142 540 1198 boni.

103 1219 272 1271 sesecundum
285 1216 417 1281 dicendum,
430 1216 490 1281 quod
503 1218 748 1282 evmitia,secundi1m
761 1218 820 1281 quod
832 1223 869 1269 est

69 1288 169 1354 speciale
183 1291 314 1352 peecatum,
326 1291 363 1346 est
375 1287 537 1340 immoderatus
546 1289 662 1353 appetitus
672 1303 747 1340 nerum
755 1293 870 1353 tempora-

69 1361 141 1423 lium,
154 1373 204 1423 quat
217 1360 313 1410 ueniunt
324 1363 349 1410 in
359 1374 425 1410 usum
434 1359 487 1410 vitae
501 1361 762 1425 hunane‚queeunque
775 1358 871 1423 pecunid

71 1430 179 1482 aestimari
193 1435 304 1494 possunt3
317 1433 340 1480 et
355 1431 384 1480 ad
400 1431 445 1482 ista
462 1444 509 1482 non
521 1430 655 1480 afficiuntur
668 1432 797 1493 demones,
812 1431 871 1482 sicut

69 1516 115 1553 nec
128 1503 153 1552 ad
170 1501 330 1552 delectationes
344 1502 446 1551 carnales
460 1519 467 1549 z
483 1502 543 1552 unde
563 1501 655 1552 avaritia
670 1501 760 1566 proprie
781 1504 873 1566 sumpta

71 1575 98 1624 iu
115 1573 149 1624 eis
165 1586 215 1624 esse
228 1587 273 1624 uon
292 1577 373 1638 potest
390 1573 434 1624 Sed
450 1573 471 1623 si
488 1572 583 1628 auaritia
600 1573 689 1639 dicutur
701 1571 775 1622 omnis
789 1572 872 1622 immo-

73 1646 152 1695 derata
159 1645 269 1708 cupiditas
276 1643 374 1694 habendi
385 1645 533 1708 quodcunque
545 1645 629 1693 bouum
639 1646 755 1706 creatum,
770 1643 803 1692 sic
816 1655 869 1692 ava·

71 1715 125 1766 ritia
146 1715 274 1765 continetur
286 1714 434 1778 insipentia
447 1728 497 1778 que
515 1718 550 1766 est
565 1714 590 1764 in
602 1714 750 1766 demonibus.
764 1715 800 1763 lue
816 1713 871 1764 verb

73 1801 126 1838 curo
140 1787 236 1849 quadam
248 1786 354 1850 passione
367 1790 416 1848 est,
429 1785 486 1836 sicut
498 1791 522 1838 et
534 1785 735 1850 concupiscentia,
750 1785 810 1835 unde
820 1785 874 1848 ipsa

72 1858 98 1908 in
110 1857 250 1908 demonibus
266 1871 317 1908 esse
331 1871 376 1910 non
389 1860 480 1922 potest,
491 1857 535 1908 nisi
547 1857 708 1920 metaphorice.
722 1857 806 1907 dcedia
816 1854 872 1906 uero

72 1932 108 1980 est
126 1930 227 1992 quedam
246 1927 337 1978 tristitia
351 1941 395 1992 qua
412 1930 479 1978 bomo
495 1929 595 1981 redditur
607 1929 684 1979 tardus
703 1929 731 1978 ad
743 1928 872 1992 spirituales

72 2004 139 2051 actus
155 2003 247 2064 propter
259 2001 398 2064 corporalem
411 2001 522 2062 laborem,
540 1999 580 2063 qui
592 1998 731 2050 demonibus
746 2012 793 2048 uon
809 2011 872 2048 com—

73 2071 141 2136 petit.
156 2073 185 2120 Et
195 2071 227 2120 sic
237 2074 300 2135 patet
313 2069 372 2134 qubd
387 2070 433 2122 sola
445 2071 551 2134 superbia
561 2074 585 2120 et
597 2069 681 2120 inuidia
696 2073 748 2120 suut
759 2069 814 2134 pure
826 2069 873 2134 spi-

74 2141 167 2192 ritualia
177 2145 271 2205 peccata
281 2155 332 2205 quae
342 2142 481 2193 demonibus
490 2145 618 2205 competere
628 2145 739 2206 possunt,
753 2141 784 2191 ita
794 2144 872 2190 tamen

73 2214 134 2279 quod
154 2212 239 2264 invidia
259 2227 305 2264 noo
322 2217 422 2263 sumatur
444 2227 483 2277 pro
501 2214 618 2277 passione,
634 2214 673 2263 sed
695 2227 736 2277 pro
756 2213 872 2262 voluntate

74 2285 188 2336 renitente
201 2284 260 2334 bono
275 2284 375 2337 alterius.

107 2357 140 2406 bd
156 2355 250 2405 tertium
263 2355 395 2418 dicendum,
411 2354 469 2418 quod
490 2356 532 2406 sub
549 2355 654 2418 superbia
669 2358 693 2405 et
706 2353 791 2404 inuidia
812 2366 873 2404 com-

76 2425 248 2492 prehenduntur
263 2427 339 2476 omnia
351 2431 443 2490 peecata
454 2441 506 2490 quae
521 2428 549 2478 ab
563 2426 608 2477 illis
619 2426 761 2489 derivantur,
774 2425 874 2492 proutiu

75 2497 214 2562 demonibus
235 2500 359 2562 ponuntur.
