1992 3342
365 232 398 269 DE
412 230 483 270 LIBRO
498 230 569 271 Vl'lAE.

360 372 517 423 ARTICULUS
532 371 573 421 111.

229 486 316 534 Uirium
325 489 415 546 uliquis
423 489 532 534 deleatur
541 488 569 532 de
579 488 639 533 libro
648 488 709 533 vita.

98 611 128 661 id
137 610 233 662 tertium
247 608 281 659 sio
294 608 425 672 proceditur
438 606 480 673 (i).
495 606 590 657 Videtur
605 605 665 671 quod
678 606 754 657 nullus
763 606 869 657 deleatur

71 683 97 733 de
114 683 168 733 libro
188 681 252 732 vitae.
273 680 334 731 uicit
351 680 412 730 euim
433 680 573 743 Augustinus
589 679 614 729 in
637 680 693 742 XX,
709 679 746 728 De
761 680 868 729 Cioitot.

70 756 127 818 Dei,
143 768 196 819 cap.
217 758 264 816 13,
279 750 341 816 quod
355 751 498 815 prescientia
516 751 558 801 Dei
578 762 627 815 que
647 764 693 801 non
713 754 787 814 potest
807 748 869 811 falli,

70 826 130 875 liter
142 829 205 876 vitae
218 829 261 876 est.
275 826 321 875 Sed
334 824 348 874 i
362 823 505 889 prescientia
514 822 556 873 Dei
574 836 621 873 non
633 826 709 887 potest
719 820 804 887 aliquid
817 820 872 871 sub·

71 898 140 963 uehi,
158 897 266 948 similiter
284 895 387 960 nequet
405 894 613 960 predestinatione.
628 896 686 958 Ergo
701 907 744 943 nec
764 893 791 944 de
812 892 870 943 libro

71 970 121 1021 uite
131 975 209 1037 potest
223 968 308 1033 aliquis
319 967 399 1018 deleri.

104 1048 126 1092 i.
137 1046 268 1104 merea,
281 1039 388 1105 puicquid
402 1042 437 1089 est
449 1040 474 1089 in
487 1038 581 1105 aliquo,
596 1046 630 1089 est
644 1036 668 1087 in
683 1050 710 1087 eo
724 1049 766 1101 per
778 1035 871 1087 modum

75 1114 98 1164 in
110 1129 150 1179 quo
161 1119 205 1166 est.
221 1114 268 1164 Sed
282 1112 347 1161 liber
359 1113 420 1161 vitu
431 1114 467 1161 est
480 1110 534 1175 quid
548 1115 659 1161 eternum
673 1112 696 1159 et
710 1108 868 1159 immutabile:

76 1187 242 1253 ergopuicquid
255 1184 328 1237 estin
340 1198 378 1249 eo,
392 1188 427 1235 est
437 1184 471 1233 ibi
486 1198 534 1234 non
547 1181 715 1248 temporaliter,
733 1180 773 1231 sed
791 1179 872 1229 immo-

77 1258 146 1311 biliter
158 1265 183 1311 et
193 1257 357 1310 indelebiliter.

105 1336 127 1382 a.
141 1334 273 1395 Paterae,
288 1328 372 1381 deletio
389 1328 508 1392 scripture
526 1325 657 1391 opponitru.
672 1324 717 1375 Sed
732 1322 812 1389 adquis
826 1334 873 1373 non

77 1406 188 1467 potestte
204 1417 267 1455 nouo
279 1400 350 1453 scribi
366 1400 392 1451 in
404 1399 463 1451 libro
473 1400 528 1450 uita
543 1415 549 1448 :
565 1412 618 1463 orgo
631 1410 707 1463 neque
727 1395 781 1446 inde
804 1394 874 1446 deleri

102 1550 146 1600 Sed
156 1553 237 1601 contra
243 1551 288 1611 est,
299 1547 360 1611 quod
370 1543 453 1595 dicitur
466 1544 492 1593 in
505 1542 601 1595 Psalm.
614 1540 716 1593 LXVlll:
733 1538 873 1591 «deleantur

77 1620 101 1672 de
113 1622 171 1673 libro
183 1620 315 1671 uiuentium
330 1617 373 1685 (2).
389 1634 403 1664 ο

104 1695 296 1760 (couneusio.-
305 1692 362 1743 Cim
374 1689 433 1740 liber
452 1690 506 1740 vite
527 1687 664 1753 conscriptio
677 1686 707 1738 sit
720 1685 875 1737 ordinatorum

79 1768 102 1815 ad
122 1767 194 1817 viam
214 1769 325 1816 eternam
347 1777 376 1814 ex
400 1761 600 1826 predestinatione
619 1764 643 1811 ot
658 1759 765 1825 presenti
784 1757 874 1821 gratia,

78 1838 146 1889 deleri
161 1839 251 1903 aliquos
270 1839 299 1888 de
311 1836 370 1887 libro
383 1834 437 1886 uita
455 1849 502 1885 non
521 1833 593 1885 solium
613 1831 737 1884 secundum
757 1830 876 1882 hominum

75 1911 221 1975 opinionem,
234 1910 275 1961 sed
288 1907 416 1960 secundum
428 1906 462 1957 rei
478 1905 599 1957 veritatem
613 1904 760 1955 asserendum
773 1900 834 1965 est.)

105 1984 241 2049 Respondeo
258 1981 400 2043 dicendum,
417 1976 479 2043 qudd
496 1976 590 2041 quidam
604 1974 683 2025 dicum
697 1974 759 2037 quod
774 1974 803 2023 de
818 1972 877 2021 libro

70 2053 128 2106 vila
148 2056 225 2106 nullus
245 2056 322 2118 potest
345 2050 416 2101 deleri
437 2047 563 2100 secuudum
586 2046 621 2097 rei
644 2044 779 2108 veritatem,
802 2044 878 2106 potest

70 2132 152 2177 tamon
161 2126 245 2191 aliquis
259 2123 330 2175 deleri
343 2121 467 2174 secundum
479 2120 612 2185 opinionem
625 2116 752 2167 hominum.
766 2116 806 2165 Est
816 2113 878 2164 enim

68 2204 207 2249 consuetum
234 2197 260 2248 in
285 2196 410 2261 scripturis
435 2198 462 2243 ut
483 2193 568 2257 aliquid
591 2190 678 2241 dicatur
701 2186 764 2251 fieri,
788 2183 878 2250 quando

66 2272 196 2322 innotescit
215 2286 222 2320 :
242 2274 266 2320 et
285 2268 412 2319 secunddm
426 2268 470 2317 hoc
489 2263 560 2328 aliqui
573 2262 679 2313 dicuntur
692 2273 741 2310 esse
753 2258 834 2323 scripti
854 2256 878 2307 in

64 2343 134 2395 libro
144 2345 208 2407 uite,
222 2343 249 2393 in
267 2345 378 2406 quammn
393 2338 499 2390 homines
513 2336 634 2400 opinantur
655 2347 694 2384 eos
712 2332 745 2383 ibi
766 2332 878 2395 scriptae,

63 2412 435 2482 propterpraesentemjusiitiam
450 2410 557 2475 quanin
573 2408 606 2458 eis
619 2406 716 2470 uident3
734 2406 773 2455 sed
788 2404 879 2468 quando

115 2533 142 2597 ii)
153 2540 186 2583 Be
200 2537 239 2583 his
258 2532 364 2588 etiami,
383 2532 462 2579 Seot„
475 2530 529 2575 dist.
544 2526 587 2587 31,
600 2531 682 2583 quest.
695 2526 708 2571 l
722 2558 728 2582 ,
743 2529 786 2570 art.
809 2524 838 2578 l3
855 2528 880 2569 et

59 2599 133 2647 dist.
145 2600 183 2661 tc,
195 2605 280 2657 quaest.
294 2598 317 2657 2,
334 2602 377 2641 art.
392 2597 414 2644 2.
432 2594 460 2639 ad
472 2592 499 2646 53
519 2596 543 2637 et
557 2595 637 2647 quest.
658 2590 685 2647 a,
700 2592 744 2633 uri.
764 2586 793 2641 3;
812 2586 880 2631 etad

60 2662 172 2722 Philip.
186 2666 231 2721 IV,
247 2662 302 2706 lect.
318 2660 340 2713 13
356 2664 380 2704 et
393 2658 422 2702 ad
435 2656 509 2702 Hedr.
524 2656 575 2712 ΧΠ,
591 2656 646 2698 leot.
658 2651 682 2710 l,
695 2652 741 2696 ool.
757 2649 782 2696 l.

118 2731 144 2794 lt)
163 2734 324 2780 Theodoretus
344 2731 416 2777 reiort
434 2730 495 2773 huuc
512 2738 603 2773 versum
621 2723 685 2769 adid
700 2722 761 2779 quod
775 2721 879 2779 Prul.I‚

60 2808 143 2847 vers.
155 2796 177 2856 6,
192 2799 344 2843 dictumest:
360 2795 415 2842 Nou
428 2795 557 2849 retorperet
567 2788 642 2845 impii
655 2789 684 2831 to
694 2786 794 2843 judicto
806 2796 882 2841 oopus

56 2865 211 2925 peccatores
225 2862 258 2905 tu
278 2857 381 2902 concilio
394 2856 538 2913 iustorum
553 2853 601 2897 sive
616 2850 643 2895 ad
659 2849 772 2906 judicium
790 2848 818 2892 de
834 2857 881 2902 quo

63 2924 169 2975 Daniel
178 2927 237 2982 vn,
254 2928 281 2967 ut
291 2921 416 2978 participes
429 2931 508 2965 eorum
520 2927 568 2961 uon
579 2914 625 2960 sint
636 2925 687 2971 quae
699 2910 826 2958 cultoribus
839 2908 881 2954 Dei

56 2986 246 3039 comedentur.
