1992 3342
325 205 357 239 nn
373 206 480 244 sernum
494 209 543 245 nnr.
796 208 841 255 itt

34 281 116 327 tentum
130 278 313 341 unumquodque
331 284 381 343 est,
395 281 420 331 in
437 287 546 345 quantum
559 286 680 349 participat
691 289 718 337 de
730 288 770 339 Dei
780 290 842 341 simi-

32 349 134 412 litunine;
144 348 207 398 sicut
218 351 399 414 unumquodque
410 352 434 402 in
446 357 533 404 tentum
541 359 576 406 est
582 356 689 422 calidum,
697 358 722 409 in
732 364 841 423 quantum

33 419 149 483 participat
164 419 277 483 calorem.
299 420 338 469 Sic
359 424 383 471 et
398 436 425 472 ee
437 438 488 487 quae
504 428 557 474 sunt
573 425 729 491 inpotentia,
743 430 811 481 etiem
821 430 840 481 ri

33 504 72 539 non
84 496 138 541 sunt
153 490 180 540 in
192 494 262 554 ectu,
279 499 448 554 cognoscuntur
460 494 473 544 i
489 497 544 546 lieo.

59 562 207 612 intertium
227 562 442 628 dicendum„quod
457 563 499 616 Dei
512 565 608 618 scientie
626 574 660 619 est
679 584 747 623 cause
764 584 839 623 rerum

32 634 143 683 rotnntete
164 633 286 697 adjuncta.
305 636 371 685 Unde
391 649 438 686 uon
456 640 546 701 oportet
560 638 619 702 qrrod
637 654 778 706 quecunque
797 644 839 694 seit

32 704 100 766 tiens,
115 704 180 768 sint,
199 703 240 753 rel
253 704 388 755 fuerintvel
398 706 476 757 futura
486 708 545 772 sint,
557 709 597 759 sed
607 711 680 761 solnm
690 725 718 762 ee
729 728 779 776 quae
790 713 839 763 vult

32 788 90 836 esse,
103 776 142 825 vel
154 775 275 839 permittit
287 790 349 827 esse.
367 778 396 827 Et
412 777 509 843 iterum,
521 793 567 831 non
586 784 621 831 est
637 782 661 831 in
676 783 771 835 seientia
781 786 836 847 liei,

31 849 88 906 quon
100 847 139 899 iliu
150 848 199 899 sint
204 885 214 911 ‚
229 845 271 899 sed
285 849 347 911 quod
360 862 410 899 esse
420 850 518 913 possint,

337 1002 494 1054 intestinus
509 1004 538 1055 Χ.

242 1126 332 1169 Uirium
342 1127 407 1186 Dens
416 1131 539 1183 cognoscat
549 1129 622 1173 mola.

64 1251 99 1300 itd
112 1251 221 1302 decimum
232 1252 267 1302 sie
277 1252 410 1316 proceditur
421 1252 463 1317 (1).
473 1253 569 1303 Videtur
577 1253 638 1317 qnod
651 1256 711 1305 Deus
725 1270 770 1307 non
786 1272 838 1320 cog·

32 1326 110 1371 noscet
121 1323 187 1373 mma.
204 1322 341 1373 sicutenim
355 1322 507 1387 Philosophus
516 1325 542 1373 in
553 1324 584 1373 lil
591 1362 599 1388 ,
613 1326 643 1374 de
654 1326 761 1382 Anima.
778 1327 837 1392 quod

31 1393 157 1443 intellectus
170 1394 211 1457 qui
229 1396 328 1443 nonest
346 1394 372 1443 in
394 1396 512 1459 potentia,
532 1408 578 1445 non
597 1396 712 1457 cognoscit
729 1396 837 1460 privatio

29 1478 100 1513 uem:
116 1465 158 1515 seu
171 1465 258 1514 melum
271 1467 307 1515 est
320 1465 419 1529 privatio
426 1466 497 1529 boui,
510 1470 536 1516 ut
545 1466 599 1515 dicit
608 1466 754 1529 Augustinus.
767 1467 838 1531 Igitur

27 1550 79 1584 cnm
88 1534 223 1586 interiectus
235 1535 279 1585 Dei
291 1549 410 1600 nunquam
421 1536 452 1587 sit
463 1536 488 1585 in
502 1537 605 1601 potentie
611 1574 619 1601 ‚
630 1538 670 1587 sed
680 1550 770 1603 semper
786 1542 837 1589 ectu

34 1608 66 1654 'ut
75 1621 104 1657 ex
115 1606 186 1657 dictis
196 1606 287 1671 patet),
299 1606 392 1657 videtum
404 1606 465 1671 quon
475 1609 535 1659 Deus
544 1618 590 1659 non
603 1613 724 1671 cognoseat
737 1610 803 1660 mela.

58 1683 81 1726 2.
104 1678 236 1741 Praeterea,
253 1677 331 1728 omnis
351 1677 450 1727 scientia
462 1680 501 1728 rel
520 1682 555 1729 est
573 1692 640 1729 cause
653 1680 717 1744 sciti,
731 1680 768 1730 ret
784 1694 837 1731 can-

28 1753 88 1797 satur
100 1749 130 1797 at
138 1762 176 1799 eo.
188 1749 235 1799 Sed
246 1748 343 1799 scientia
356 1749 398 1799 Dei
410 1763 458 1798 non
471 1752 506 1799 est
517 1758 584 1799 censa
596 1750 665 1813 meli,
677 1764 720 1801 nec
731 1756 835 1802 causetur

27 1821 38 1866 i
51 1820 122 1869 matu.
134 1822 198 1883 Ergo
208 1819 307 1869 scientia
321 1821 368 1870 Dei
377 1834 424 1870 non
436 1825 471 1870 est
481 1821 599 1870 malornm.
826 1818 829 1825 “

56 1894 80 1940 3.
95 1892 230 1953 Praeterea,
243 1904 313 1941 omne
327 1892 390 1955 quod
399 1892 552 1955 cognoscitur,
567 1891 709 1953 cognoscitur
718 1907 760 1957 per
772 1906 835 1943 snam

25 1962 216 2024 similitudinem,
226 1963 265 2011 rel
275 1976 319 2026 per
336 1976 404 2013 sunm
417 1962 553 2027 oppositum.
569 1962 679 2025 Quicquid
695 1964 771 2013 nutem
785 1977 837 2027 cog-

26 2034 97 2083 noscit
107 2035 182 2096 Dens,
196 2033 314 2095 cognoscit
326 2046 369 2097 per
380 2047 445 2083 suam
457 2034 594 2096 essentiam,
608 2036 635 2082 ut
648 2046 676 2083 ex
689 2033 754 2083 dictis
764 2038 834 2098 patet.

26 2105 196 2156 [rivinaeutem
207 2103 397 2167 essentimneque
408 2107 443 2155 est
453 2104 576 2155 similitudo
587 2102 653 2166 meli,
668 2116 741 2167 neque
755 2104 777 2155 ei
790 2118 837 2155 me-

26 2191 67 2224 um
79 2176 227 2241 opponitur,
241 2174 326 2225 muium
337 2174 401 2225 enim
413 2175 520 2226 essentie
534 2174 591 2225 nihil
601 2178 637 2225 est
650 2175 801 2239 contrarium,
811 2182 836 2227 ut

26 2248 76 2296 uicit
91 2246 255 2311 Augustinus,
270 2246 329 2308 xil,
343 2249 374 2295 de
390 2248 502 2297 Civitotc
517 2248 560 2297 nei
578 2243 621 2310 (t).
642 2246 835 2309 Ergo'iiensnon

53 2394 75 2438 s.
86 2392 226 2451 Praereu,
243 2388 305 2451 quon
325 2386 468 2449 cognoscitur
487 2399 534 2437 non
554 2387 722 2453 perseipsum,
738 2390 777 2440 sed
795 2404 836 2455 per

24 2462 95 2524 uliud,
111 2456 257 2525 imperfecte
276 2457 429 2521 cognoscitur.
446 2458 492 2508 Sed
506 2456 589 2509 maium
605 2471 651 2509 non
667 2461 835 2523 cognoscitur

55 2586 84 2647 (t)
98 2590 135 2635 Ite
146 2588 186 2634 tris
197 2584 273 2632 etiem
285 2586 310 2643 1,
322 2585 399 2635 Sest„
412 2585 466 2630 dist.
480 2583 520 2645 37,
532 2597 571 2643 qu.
586 2584 610 2644 1,
626 2591 669 2631 nrt.
681 2584 709 2641 s;
725 2593 749 2633 et
760 2600 799 2646 qu.
811 2590 834 2644 2,

24 2652 50 2693 oc
64 2652 143 2710 verit„
159 2656 207 2696 nrt.
223 2646 266 2700 15;
280 2653 305 2691 et
318 2646 387 2693 cnse.
402 2648 483 2697 nent,
492 2648 536 2693 lio.
550 2647 585 2707 11,
601 2660 652 2705 cop.
664 2647 703 2709 71,
715 2655 739 2695 et
752 2650 835 2709 quodi.

26 2712 63 2769 tt,
73 2726 113 2770 qn.
124 2714 151 2772 2,
164 2718 214 2758 nrt.
226 2710 308 2755 unico.
431 2711 436 2716 ‘

58 2782 88 2840 (ἢ
96 2786 133 2831 Se
140 2784 209 2830 enim
222 2780 258 2826 snt
268 2791 322 2836 cep.
332 2778 358 2834 ἰ,
366 2791 437 2836 prope
446 2778 516 2826 tinem
526 2794 532 2823 e
541 2780 572 2827 Et
581 2784 676 2827 catone
687 2784 835 2841 persomme

25 2853 73 2894 erc,
82 2848 212 2893 misma
221 2847 376 2888 notorum
384 2846 426 2892 est,
435 2843 487 2888 sisi
496 2854 548 2901 pom
556 2855 606 2887 uon
616 2848 657 2890 est:
669 2842 699 2897 sgr
706 2848 836 2903 propterea

26 2908 89 2957 Deo,
99 2908 166 2954 {dest
173 2916 281 2953 summer
291 2905 593 2953 numerusnumerous
603 2906 727 2951 contrario
739 2910 780 2955 est,
791 2908 834 2953 etc.
