1992 3342
109 208 156 255 taz
315 220 375 257 raas
391 221 412 269 1,
430 219 521 264 ouesr.
540 220 572 269 x,
591 218 644 256 aar.
663 221 698 256 iu.

107 300 160 345 sunt
179 293 319 357 neeessmia,
338 295 398 343 siem
419 294 495 345 omnia
519 294 630 358 principia
654 295 866 360 demonstrationis,
889 304 911 349 et

107 379 186 416 omues
205 365 370 428 propositiones
383 366 574 415 demonstrative.
589 367 647 427 Ergo
665 378 711 415 non
728 366 788 416 solus
801 368 862 417 Deus
876 374 913 418 est

108 441 215 488 eternus.

138 508 182 557 Sed
198 511 276 557 eontra
294 512 342 569 est,
361 507 423 571 prod
440 508 593 570 Hieronymus
607 508 662 557 dicit
680 508 707 557 ad
721 510 841 559 Damasum
860 512 912 575 Ep.

109 581 138 626 57
157 577 199 641 (liz
212 579 293 628 «bens
305 580 366 628 solus
379 582 423 640 est,
437 579 476 641 quai
489 578 607 627 exordium
622 592 667 629 nou
681 579 758 629 babet.
770 596 783 625 n
799 580 914 643 Quicquid

108 652 184 698 antem
205 649 324 699 exordium
344 650 428 712 babet,
443 662 488 699 non
505 653 539 699 est
554 654 665 699 aeternum
682 666 687 699 :
704 664 757 713 ergo
775 652 836 701 solus
849 652 916 702 Deus

109 723 144 768 est
156 723 262 769 eternus.

140 791 305 854 (Couenusm.
321 816 353 829 -
370 793 437 842 Solus
453 794 513 841 beans
533 792 588 841 verb
610 797 633 841 et
652 790 742 857 proprie
762 792 917 845 immutabilis

110 862 217 925 comsit,
232 867 331 913 aeternus
346 868 395 928 est;
412 868 493 914 caetera
512 862 566 913 verb
584 862 612 914 ed
630 867 715 913 aeterna
728 867 793 926 sunt,
808 864 853 928 qud
870 868 916 916 ali-

20 962 23 968 ,
109 945 177 994 mam
193 933 397 984 immutabilitatem
410 933 566 999 participant.)

141 1004 275 1066 {despondeo
286 1005 408 1055 dicendum
418 1004 488 1067 qubd,
500 1005 615 1055 aeternitas
624 1005 678 1054 vert
688 1010 711 1054 et
722 1005 812 1069 proprie
825 1006 850 1054 in
863 1009 917 1057 solo
983 990 984 993 Ἴ

109 1075 156 1124 ileo
169 1080 203 1124 est
219 1092 224 1123 :
240 1076 294 1139 qnia
307 1076 421 1126 aeternitas
440 1076 647 1125 immutabilitatem
663 1076 821 1141 consequitur,
837 1080 864 1126 ut
883 1092 917 1129 ex
985 1095 986 1099 ¹

110 1145 176 1195 dietis
187 1150 264 1209 patet;
278 1148 340 1197 solus
352 1150 428 1197 autem
441 1149 502 1196 lieus
511 1150 545 1196 est
558 1147 650 1197 omnino
664 1146 824 1209 immutabilis,
839 1152 866 1197 ut
877 1156 917 1199 est

109 1217 212 1280 superius
224 1222 348 1268 ostensum.
364 1219 494 1268 Secundum
509 1222 585 1267 tamen
598 1218 659 1279 quud
674 1218 749 1279 aliqua
763 1218 855 1281 abipso
870 1220 917 1269 im·
987 1276 988 1281 Ἰ

109 1287 281 1338 mutabilitatem
294 1290 439 1353 percipiunt,
454 1289 578 1338 meandum
595 1289 639 1337 boe
653 1288 729 1350 aliqua
749 1289 800 1351 ejus
820 1292 917 1339 aeterni-

109 1362 177 1408 talem
191 1360 334 1424 participant.
347 1361 454 1420 Quaedam
473 1373 527 1421 ergo
542 1363 652 1422 quantum
666 1359 695 1408 ad
707 1360 751 1408 boo
764 1358 917 1411 immutabili·
988 1367 989 1373 ’

109 1432 180 1479 tatem
195 1430 320 1480 moluntur
333 1430 346 1479 a
359 1432 419 1493 beo,
441 1431 501 1493 quod
521 1442 638 1492 nunquam
659 1442 708 1478 essa
732 1429 839 1480 desinunt
859 1448 865 1480 :
890 1439 916 1484 et
989 1457 990 1467 κ

109 1501 233 1550 seeundum
245 1503 290 1551 boe
306 1501 389 1550 dieitur
402 1501 493 1549 Euclea.
508 1501 530 1562 l,
546 1500 574 1549 de
593 1502 667 1563 terra,
684 1498 744 1562 quta
760 1501 785 1549 in
799 1504 914 1553 aetsrnum
990 1547 991 1557 ,

109 1574 167 1633 stat3
182 1574 206 1621 et
220 1572 254 1620 sio
267 1571 382 1621 aeternitas
395 1572 481 1633 angelis
492 1571 585 1621 attribui
604 1574 694 1633 potest,
715 1572 840 1621 seeundum
854 1573 915 1625 illud
929 1589 932 1596 ·

111 1641 179 1690 Paul.
190 1642 279 1691 LXXV:
291 1659 304 1689 u
312 1642 444 1692 illuminans
459 1646 485 1692 tu
497 1642 629 1692 mirabiliter
642 1640 656 1691 a
667 1642 780 1691 montibus
788 1644 890 1695 aeternis.
900 1664 915 1692 u

88 1709 93 1715 ’
110 1710 217 1770 Quadam
226 1712 294 1761 etiam
312 1715 398 1762 aeterna
410 1713 434 1762 iu
447 1712 563 1776 seripturis
574 1712 678 1761 dieantur
691 1716 783 1776 propter
799 1713 917 1765 diuturni-

111 1785 180 1831 tatem
193 1781 331 1845 durationis,
339 1783 394 1833 licet
401 1783 557 1847 corruptibilia
571 1783 624 1845 sint3
638 1782 698 1833 siout
710 1782 734 1830 in
748 1782 815 1832 Paul.
832 1783 917 1835 dieun-

110 1857 147 1900 tur
160 1870 174 1900 u
192 1858 280 1903 montes
294 1854 387 1916 eterni3
401 1870 416 1900 u
430 1857 453 1904 et
465 1856 541 1903 Dent.
556 1855 656 1905 xxxin.
670 1853 841 1917 obaudiatur,
855 1874 870 1903 «
885 1858 916 1909 de

112 1922 184 1985 {tomis
200 1924 291 1973 coliium
305 1929 448 1975 aeternorum.
464 1942 478 1971 »
493 1926 599 1985 Quaedam
614 1928 690 1975 autem
704 1924 799 1987 amplius
818 1927 916 1988 partiei-

112 1999 167 2057 pant
180 1998 207 2044 de
223 1996 309 2045 ratione
327 1995 470 2058 aeternitatis,
488 1996 513 2045 in
529 2000 638 2058 quantum
651 1994 736 2043 babent
749 1994 917 2047 intransmuta-

111 2066 234 2129 bilitatem‚
249 2068 285 2117 uel
301 2068 426 2117 seeundum
445 2081 511 2129 esse,
524 2068 561 2116 vel
582 2066 677 2115 ulterius
692 2065 818 2115 seeundum
832 2081 917 2131 opera-

111 2136 209 2199 tionem,
218 2139 276 2187 siem
284 2138 367 2200 angeli,
377 2142 400 2187 et
409 2138 527 2201 beati,qui
534 2138 608 2187 Verbo
616 2137 730 2199 fruuntur,
738 2136 792 2199 qnia
800 2143 916 2199 quantum

145 2294 175 2357 (l)
196 2299 247 2341 Non
264 2296 418 2355 Aupuatious
434 2298 465 2342 od
485 2298 634 2346 Marcellam,
648 2298 708 2343 siout
724 2295 761 2341 bie
777 2298 914 2355 notabatur,

112 2359 163 2403 edm
178 2359 206 2404 ad
220 2361 350 2405 Marcellam
364 2373 411 2404 non
423 2362 547 2418 scripserit,
558 2360 598 2405 sed
609 2360 637 2404 ad
645 2361 766 2405 Maximam
781 2359 817 2403 vel
832 2360 917 2405 Maxil-

111 2423 166 2479 lam,
179 2428 203 2466 et
213 2422 269 2465 nibil
279 2422 324 2466 tale
336 2423 369 2466 ibi
377 2423 446 2467 dicat.
459 2426 511 2468 Non
526 2424 689 2478 Hieronymus
699 2432 791 2479 quoque
800 2422 833 2465 ad
847 2422 916 2467 Mur-

113 2483 207 2533 eellum,
220 2490 246 2527 ut
258 2483 300 2529 lib.
317 2487 341 2541 1,
355 2484 432 2534 Soet„
445 2485 500 2530 dist.
515 2486 539 2543 8,
553 2486 577 2529 in
593 2484 729 2540 quibusdam
742 2484 917 2538 exemplaribus

112 2551 248 2598 annotatur;
264 2546 315 2589 olum
332 2559 375 2591 nee
398 2548 421 2591 in
441 2548 545 2603 epistolis
560 2559 617 2604 quas
630 2546 658 2591 ad
672 2545 804 2591 Marcellum
820 2546 917 2602 scripsit

112 2608 202 2663 plures,
217 2608 241 2652 id
258 2609 353 2653 omnino
366 2610 463 2663 babeat3
479 2610 522 2654 etsi
537 2610 645 2654 Rabanus
656 2609 680 2653 in
692 2606 814 2656 exosum,
827 2608 871 2652 lib.
891 2607 915 2667 i,

112 2682 165 2726 eap.
179 2669 203 2726 6,
216 2683 268 2715 oum
279 2671 308 2715 iis
321 2677 399 2716 nectat
408 2684 459 2728 quaa
474 2673 590 2716 habentur
603 2671 627 2715 in
641 2672 710 2727 epist.
724 2668 778 2727 1³6,
791 2668 821 2713 de
834 2670 916 2715 anema·-

112 2730 185 2775 m‘dua
206 2732 253 2777 Dea·
276 2732 307 2777 od
327 2733 474 2778 Marcellum.
496 2732 541 2777 Sed
559 2733 628 2790 optat.
645 2745 714 2789 quam
732 2731 869 2787 reponimus
887 2733 915 2778 ad

113 2795 244 2853 Damasum,
257 2802 342 2851 atquae
356 2796 442 2851 incipit.
459 2796 580 2851 moutam
591 2798 693 2844 uetusto,
704 2800 760 2851 ete,
769 2798 795 2837 ut
809 2798 834 2837 et
851 2805 916 2851 quae-

113 2855 165 2899 dam
180 2859 320 2914 exemplaria
333 2858 515 2902 Sententiarum
530 2858 631 2915 babent,
650 2864 674 2902 ot
691 2855 791 2900 retertur
801 2857 915 2913 expresse

113 2917 258 2979 iubentutis,
271 2918 343 2966 Gausd
355 2918 394 2976 dl,
408 2931 447 2973 qu.
459 2918 482 2979 l,
495 2933 548 2978 cap.
562 2919 692 2977 Quoniam,
708 2923 752 2962 ute.
