1992 3342
125 241 170 287 litt
343 252 403 287 raus
418 252 441 300 1,
458 252 549 295 numer.
567 252 592 299 x,
610 250 663 287 nur.
683 252 709 287 rr.

124 330 210 389 tatem,
222 338 269 375 nun
279 329 423 376 mensuratur
438 326 574 377 eternitate.
586 326 631 376 Sed
643 328 703 377 beue
714 329 749 375 εει
767 329 820 377 ante
834 326 927 378 eterui-
987 326 988 389 J

125 401 206 459 tatem,
223 399 249 445 ut
262 396 344 446 dicitur
359 396 384 445 in
399 397 457 447 libro
474 398 513 445 De
534 397 634 459 Caunis,
648 400 672 447 el
688 400 740 461 pust
757 398 927 460 aetemitatem3
987 394 988 415 ³

127 466 512 531 ulcitueninnnod.111.pubu
531 484 545 514 u
564 467 671 517 Dominus
691 467 796 531 regnabit
819 468 844 517 in
862 472 930 519 aster-

126 552 191 601 num‚
205 541 229 588 ει
242 538 301 587 ultra
315 536 358 603 (l).
372 554 387 585 u
408 540 467 601 Ergo
488 552 538 589 esse
560 543 670 589 eternum
685 551 731 589 uon
744 538 853 589 conuenit
872 540 928 589 beo.

159 614 183 658 ³.
195 610 322 671 Praeterea,
333 610 449 659 eternitas
464 621 570 659 mensura
584 610 688 672 maedam
699 613 747 672 est3
764 609 805 658 sed
822 610 870 659 beu
883 622 932 659 nou

128 679 235 730 eunveuit
255 693 304 730 εεεε
327 684 501 744 mensuratum3
520 693 574 743 ergo
600 693 646 731 nou
664 680 774 743 competit
790 679 813 729 ei
835 692 886 729 εεεε
906 680 932 729 in

128 753 247 801 aternum.
987 762 988 765 ’

161 830 185 875 t.
195 826 322 889 Praeterea,
335 829 360 874 in
371 825 499 875 aeternitate
510 838 556 875 nou
569 828 604 875 est
613 838 714 891 presens
721 862 729 889 ,
742 824 884 888 praeteritum
892 826 933 875 vel

128 897 243 959 smmum,
253 895 305 946 clun
316 898 347 947 sit
356 900 405 947 tota
416 896 492 960 simul
504 900 530 946 ut
539 896 624 947 dietum
637 900 680 947 εει.
695 896 742 947 Sed·
753 896 780 945 (ιε
792 896 839 945 beo
851 896 934 947 meun-

128 971 167 1016 tur
186 966 211 1016 in
232 967 349 1031 seripturis
367 968 438 1017 uerba
458 966 578 1030 presentis
602 966 725 1031 temperie,
750 966 874 1030 preteriti,
891 969 934 1019 uel

127 1038 208 1087 futuri.
220 1039 279 1100 Ergo
291 1040 351 1087 [leus
361 1052 408 1088 nun
418 1041 453 1087 est
466 1042 572 1088 aeternus.
987 1100 988 1103 Ἴ

161 1109 207 1159 Sed
227 1113 306 1159 eontra
328 1112 379 1171 est,
395 1109 456 1172 quod
473 1108 528 1157 dieii
548 1108 582 1173 (ι)
602 1108 766 1159 Athanasius:
794 1124 808 1155 u
822 1108 935 1159 AEternus

130 1181 208 1243 Pater,
221 1184 319 1230 aternus
330 1179 413 1242 Filius,
425 1183 523 1230 aeternus
536 1179 632 1243 Spiritus
645 1182 743 1231 sanetus.
758 1195 772 1225 u

162 1250 313 1315 (Conclusio.
335 1276 366 1289 -
384 1252 445 1300 Deus
462 1250 611 1301 inmutabilis
630 1250 745 1313 existens,
768 1253 867 1301 aeternus
882 1264 936 1301 non·

130 1320 203 1371 solum
216 1325 264 1384 est,
278 1322 319 1373 sed
337 1321 406 1371 ubam
416 1334 457 1371 sua
468 1320 602 1385 eternitas.)

162 1392 297 1455 Respondes
315 1391 448 1453 nuendum,
469 1389 530 1454 qull
549 1392 607 1441 ratio
631 1390 764 1441 aeternitatis
786 1392 944 1456 consequitur·

131 1463 350 1525 immutabilitatem,
365 1461 423 1512 sieut
438 1461 495 1511 ratis
508 1461 617 1525 temperis
627 1461 772 1525 consequitur
790 1466 892 1526 motum,
908 1468 935 1515 ut

131 1545 162 1583 ex
172 1532 237 1583 dietis
253 1536 323 1597 patet.
342 1532 407 1582 Unde
420 1531 473 1581 elim
485 1532 546 1583 Deus
560 1532 590 1583 sit
605 1530 703 1581 menime
716 1532 879 1597 immutabilia,
889 1536 938 1587 sibi

105 1598 111 1608 '
132 1602 230 1651 manime
246 1602 355 1665 competit
366 1615 415 1651 esse
429 1606 548 1653 eternum.
563 1604 610 1653 Nee
623 1604 697 1653 sulum
713 1607 749 1653 εει
768 1606 880 1669 eternus,
893 1609 936 1658 sed

133 1676 168 1723 est
181 1686 221 1723 sua
239 1674 367 1736 aeternitas3
385 1672 438 1723 erim
448 1677 526 1723 tamen
544 1674 606 1723 nulla
617 1673 661 1723 aba
679 1687 716 1723 res
727 1673 756 1723 sit
771 1688 812 1725 sua
834 1676 935 1740 duratio,
987 1670 988 1691 ³

133 1743 187 1807 quia
200 1756 246 1793 non
259 1747 293 1793 εει
305 1756 371 1793 suum
381 1756 440 1794 esse.
455 1745 516 1793 bens
526 1746 601 1793 autem
611 1746 648 1793 est
663 1757 727 1793 suum
743 1756 793 1794 esee
808 1746 936 1797 uniforme¹

134 1815 199 1864 llude
212 1814 269 1864 ment
282 1818 317 1863 εει
326 1827 366 1864 sua
377 1812 489 1875 essentia,
497 1813 531 1863 ita
542 1817 577 1863 est
589 1827 631 1863 suu
644 1814 766 1864 eternitas.
987 1848 988 1881 p

162 1887 197 1936 ld
206 1886 305 1949 primum
321 1898 376 1948 ergo
392 1884 528 1949 mendum,
540 1884 600 1949 quui
610 1897 671 1934 nune
689 1889 752 1935 mans
764 1885 847 1935 (linitur
860 1887 937 1940 lacere
987 1888 988 1941 l

134 1959 300 2022 eternitatem,
315 1957 439 2007 seeundum
452 1959 553 2006 nostram
568 1956 781 2019 apprehensionem.
792 1956 855 2007 Sicut
874 1960 937 2009 enim
987 1942 988 2021 l

134 2032 241 2080 pausatur
252 2028 276 2077 in
296 2028 361 2079 uobis
374 2026 526 2091 apprehensio
542 2026 664 2091 temporis,
678 2040 706 2077 eo
726 2025 787 2091 qubu
806 2030 938 2091 apprehen·
987 2022 988 2086 l

136 2101 210 2151 nimus
220 2100 306 2151 fluxum
315 2098 388 2163 ipsius
401 2112 476 2161 nune,
490 2097 524 2147 ita
537 2101 641 2147 causatur
655 2096 681 2147 in
698 2096 764 2147 uubis
783 2098 937 2161 apprehensio

136 2170 282 2233 eternitatis,
301 2171 326 2220 in
348 2172 459 2235 quantum
480 2169 672 2233 apprehendimus
693 2183 754 2218 nune
775 2172 847 2220 stans.
873 2174 939 2231 Quod

136 2247 213 2293 autem
224 2242 279 2291 dicit
290 2242 430 2305 Augustinus
439 2240 501 2305 qubd
513 2242 573 2291 Deus
583 2244 618 2291 est
628 2243 706 2290 auetor
715 2240 859 2305 eternitatis,
870 2242 941 2293 intel·
987 2290 988 2303 ,

135 2315 214 2378 ligitur
228 2314 256 2363 de
274 2312 399 2363 eternitate
418 2312 562 2376 participata.
579 2312 611 2362 Eu
627 2312 689 2361 enim
705 2312 772 2361 modo
785 2314 941 2363 communicat
987 2310 988 2383 l

137 2388 197 2436 Deus
213 2396 277 2435 suam
293 2383 442 2433 aeternitatem
456 2382 582 2447 aliquibus,
602 2395 647 2446 quo
666 2386 689 2432 et
707 2395 771 2432 suam
791 2381 942 2435 immutabili·
987 2384 988 2453 l

134 2460 215 2507 tatem.
987 2472 988 2509 ι

171 2532 198 2579 Et
216 2542 257 2593 per
273 2530 317 2577 bne
337 2530 401 2590 patet
416 2524 498 2576 solutio
517 2524 545 2575 ad
561 2525 692 2575 secundum.
711 2526 767 2575 Nam
781 2526 842 2577 beus
858 2528 945 2578 dieitur
987 2564 988 2595 p

173 2701 205 2763 (1)
221 2702 269 2747 Νεε
279 2699 367 2747 tantum
378 2700 424 2757 ibi,
437 2711 498 2744 vers.
514 2698 558 2757 ts,
574 2699 615 2743 sed
630 2705 654 2744 et
671 2698 815 2757 Mict.,1v,
832 2713 896 2747 vers.
910 2702 944 2747 δι

140 2762 322 2874 wittimirum
337 2763 367 2806 trs
379 2761 477 2806 nomine
487 2760 589 2807 Domini
598 2762 646 2807 'Dee'
656 2762 736 2807 suestre*
746 2764 775 2807 tn
786 2767 910 2809 laternum
925 2772 947 2811 et

141 2961 163 3005 fe
174 2896 244 3005 (9)ἐὲ
256 2896 363 2954 Symbolo
373 2891 425 2937 {idei
436 2891 498 2949 quud
509 2893 538 2937 ab
550 2892 588 2937 illo
602 2896 687 2941 editum
700 2909 728 2941 ex
742 2897 874 2943 (truentum
887 2910 947 2945 curr-
987 2920 988 2979 ἶ

165 2974 211 3006 5810
245 2994 250 3003 .
