1992 3342
130 203 175 251 stt
330 213 389 252 ruas
401 213 420 262 r,
434 212 526 257 onan.
540 213 608 262 nuru,
621 212 677 250 nr.
691 213 721 249 n.

129 288 252 339 carnalium
267 291 421 352 poeoniorum,
439 292 465 338 ut
478 289 615 352 Augustin·
633 287 701 346 dicit,
717 288 782 338 XIV.
798 291 840 339 De
853 290 932 340 Civil.

130 363 185 412 Dei.
199 363 258 424 llrgo
271 361 295 410 in
306 359 446 410 dromonibus
459 360 528 410 etiarn
542 363 634 425 peccatu
645 360 747 410 ramalia
759 367 862 425 possunt
874 377 933 412 esso.

160 437 183 484 t.
207 433 330 493 Prolem,
345 431 404 480 siout
417 432 523 497 superbia
537 435 560 481 ot
577 431 663 481 invidia
679 436 735 481 sunt
757 437 858 496 peooeta
869 434 935 499 spiri-

129 505 209 567 tualia,
219 503 250 553 ita
259 503 334 553 asadia
344 506 367 551 el
377 503 471 552 avaritia
482 507 506 552 et
516 503 557 553 ira.
567 504 610 554 Sed
619 503 712 566 spiritui
725 506 876 555 conveniunt
884 519 936 569 pec-
985 506 987 509 '

129 573 322 639 oataspiritnalia,
330 573 389 623 sicot
398 579 421 624 et
430 575 493 623 sarni
505 578 596 637 portata
605 573 711 623 carnalla.
722 575 787 638 Ergo
800 589 850 626 non
863 575 936 626 sollrm

130 645 233 710 superbia
247 648 270 694 et
282 644 367 695 invidia
381 645 405 694 in
420 645 507 707 angelis
520 658 571 695 osso
583 648 658 708 potest
663 682 671 708 ‚
682 647 723 695 sed
739 647 815 696 etiam
826 647 906 697 noodia
917 650 938 696 et

130 715 231 766 avaritia.

161 793 185 838 u.
200 789 325 851 amurca,
340 786 462 838 seeundum
475 787 606 851 Gregoriurn
620 786 645 836 in
662 786 768 846 Mor-ol„
783 801 815 838 ex
831 789 938 852 snperbia
985 768 987 811 ff

129 863 255 909 nascuntur
271 859 335 921 plura
352 859 420 922 uitia,
438 862 460 908 et
481 858 585 908 similitor
599 870 628 907 ox
643 856 738 906 invidia.
754 858 839 908 Posita
863 865 938 910 auteur

129 929 197 980 ranst
214 929 306 993 ponitur
323 930 423 980 eiectus.
439 929 462 980 Si
479 943 531 993 ergo
543 929 649 993 superbia
664 933 688 979 et
701 929 794 980 invidia
810 929 836 979 in
851 931 937 994 augelis

130 1013 181 1052 asse
197 1005 306 1065 possunt,
318 1002 367 1065 pari
382 1001 468 1052 ratione
483 999 563 1050 utalia
577 1000 633 1050 uitia
649 1001 674 1050 in
690 998 725 1051 eis
737 1013 791 1050 osse
809 1005 920 1064 possunt.

161 1073 203 1123 Soti
216 1076 293 1123 contra
305 1075 353 1130 est,
363 1071 421 1136 quod
435 1070 575 1135 Augustinus
587 1071 657 1136 aicit,
667 1072 725 1122 lllll.
745 1071 783 1121 De
799 1075 878 1124 civit.
890 1074 936 1122 Dei

132 1144 198 1208 (cap.
220 1146 267 1204 l),
281 1142 340 1206 quod
354 1159 368 1190 u
384 1143 486 1193 diabolus
509 1156 555 1192 non
569 1146 605 1192 ost
616 1142 740 1192 fornicator
755 1147 798 1191 aut
818 1145 934 1207 ebriosus

130 1227 205 1279 nsque
221 1215 304 1278 aliquid
321 1213 464 1277 hujusmodi;
479 1219 602 1264 esttamen
615 1213 725 1277 superbus
736 1217 760 1264 ot
772 1214 905 1266 invidus»

164 1287 323 1351 (Goncnnsro.
332 1313 362 1324 -
374 1286 465 1346 Quaevis
474 1289 569 1349 peccata
584 1286 609 1334 in
621 1286 708 1350 angulis
719 1300 771 1338 osso
784 1293 888 1350 possunt
902 1302 935 1337 so

131 1357 228 1410 nundum
244 1362 345 1420 reatum3
356 1356 478 1408 secunlum
492 1358 598 1407 allectum
611 1361 686 1407 auteur
699 1357 801 1421 primum
813 1363 933 1422 peccatum

131 1429 191 1478 alind
209 1439 321 1478 essenon
338 1427 426 1491 potnit,
440 1425 510 1494 quim¹
525 1427 643 1491 superbia,
658 1429 718 1490 qnod
731 1429 845 1491 eonsoqni
861 1431 934 1494 potnit

132 1499 215 1549 inillis
228 1498 318 1561 aliquod
331 1497 422 1548 inridiae
433 1498 575 1562 peccatum.)

163 1568 297 1634 Respondes
308 1568 439 1632 (licendum,
450 1569 510 1631 qnod
526 1572 642 1633 poroamrn
652 1568 743 1633 aliquod
754 1569 780 1619 in
796 1570 876 1635 aliquo
886 1586 935 1622 esse

132 1644 206 1706 potost
218 1639 338 1703 dupliciter
351 1655 356 1688 :
372 1653 418 1690 uno
432 1640 497 1690 modo
512 1639 637 1690 secundum
651 1643 748 1700 reatum,
759 1641 805 1692 alio
817 1644 888 1693 inodo
901 1657 935 1694 so·

133 1711 231 1762 nundum
245 1711 358 1761 allectum.
374 1711 517 1760 Secundum
529 1713 631 1759 reatum
647 1710 738 1772 quidem
750 1713 829 1761 omnia
840 1717 934 1776 peccata

131 1785 156 1834 in
174 1781 311 1833 damonibus
330 1793 381 1832 esso
399 1780 522 1844 contingit,
536 1781 589 1844 quia
609 1781 663 1830 dum
683 1781 788 1831 homines
810 1785 838 1832 ad
857 1785 933 1835 omnia

132 1857 225 1918 pensata
236 1853 363 1916 inducunt,
376 1852 477 1903 omnium
491 1856 634 1916 poooatorum
644 1856 731 1902 roatnm
744 1851 874 1904 incurrunt.
893 1860 933 1904 Se-

132 1925 243 1974 cundum
259 1925 382 1987 affectum
399 1921 467 1987 verli,
483 1923 521 1972 illa
534 1922 607 1975 sollum
622 1927 717 1987 paccata
729 1923 753 1972 in
767 1925 835 1975 unalis
847 1929 933 1990 angelis

133 2009 183 2046 osse
195 1998 301 2059 possunt,
311 1995 338 2043 ad
350 2007 399 2057 qun
411 1994 593 2057 contingit-allici
604 1994 746 2059 spiritualem
756 1999 873 2048 naturam.
884 1998 933 2062 Spi-

133 2067 237 2116 ritualern
256 2069 330 2116 autem
350 2068 455 2114 naturam
474 2065 535 2115 aitloi
555 2079 601 2116 non
618 2065 730 2128 contingit
748 2067 776 2114 ad
797 2066 859 2118 bona
883 2085 931 2133 qna

133 2141 186 2190 sunl
202 2137 291 2202 propria
311 2137 410 2200 corpori,
426 2139 465 2188 sod
484 2137 513 2187 ad
534 2149 561 2186 oa
581 2151 631 2200 quor
649 2137 674 2186 iu
690 2137 759 2186 rebus
777 2138 932 2201 spiritualibus

133 2209 230 2260 inveniri
243 2212 351 2275 possunl;
364 2208 420 2259 nihil
432 2211 493 2260 eninr
507 2208 605 2259 allicitur
615 2208 659 2258 nisi
673 2209 701 2259 ad
716 2208 741 2258 id
753 2210 816 2272 quod
831 2225 879 2262 suae
894 2226 932 2261 na-

134 2286 190 2331 turae
209 2285 285 2344 potost
304 2293 354 2330 esso
373 2281 537 2344 quodammodo
560 2281 708 2331 conveniens.
728 2281 755 2330 ln
778 2281 931 2344 spiritualibus

135 2356 210 2402 autern
229 2353 295 2403 bonis
313 2363 359 2402 non
379 2355 454 2415 polest
471 2365 522 2401 osso
538 2355 672 2416 prosatum,
687 2353 742 2401 dnm
761 2353 846 2417 aliquis
861 2355 890 2404 ad
906 2368 931 2405 oa

135 2421 246 2485 allicitur,
264 2422 310 2472 nisi
326 2435 366 2486 por
383 2423 426 2473 hoo
442 2421 502 2486 quod
518 2422 544 2472 in
560 2422 602 2471 tali
615 2421 699 2471 affectu
711 2422 839 2484 superioris
857 2425 931 2486 regula

136 2505 181 2544 non
194 2497 307 2557 senatun
323 2496 346 2544 ot
359 2495 402 2544 hoo
410 2497 446 2543 est
459 2496 577 2556 moratam
590 2493 716 2556 superbis,
728 2507 774 2544 non
790 2496 854 2546 subdi
866 2509 930 2560 supo

135 2565 189 2614 riori
206 2563 231 2614 in
248 2565 313 2635 ooiu
325 2577 370 2628 quo
388 2564 464 2614 debet.
479 2563 543 2614 Unde
555 2568 673 2626 pooratunr
687 2563 786 2627 primurn
797 2567 874 2629 angeli
887 2581 929 2617 non

135 2639 272 2698 potestesse
289 2635 348 2684 aliud
364 2633 431 2698 oulrn
450 2634 563 2697 superbia.
583 2635 629 2684 Sed
641 2640 809 2697 consequenter
821 2638 929 2700 potultin

135 2706 169 2754 eis
180 2717 230 2754 esse
240 2706 308 2754 etiam
324 2703 419 2754 inuidia.
430 2704 537 2768 Ejusdem
547 2704 607 2754 enm
616 2705 711 2754 rationis
721 2706 829 2769 estquod
841 2709 929 2758 allectus

135 2776 214 2824 tonlat
230 2775 253 2824 in
264 2773 348 2836 aliquid
359 2775 521 2838 appetendum,
533 2778 557 2824 ot
569 2775 629 2838 quod
644 2775 754 2825 renitatur
767 2779 882 2840 opposito,
895 2780 929 2828 ln

136 2845 201 2894 vidus
212 2847 326 2894 anteurox
340 2846 384 2894 hoc
397 2847 425 2894 ds
436 2847 495 2896 hono
509 2846 688 2909 alterins-dolet,
698 2845 843 2910 inquantum
851 2850 928 2900 honour

136 2915 227 2964 alterins
240 2915 338 2966 aestimat
356 2916 392 2965 sui
411 2917 465 2968 boui
479 2917 680 2983 impedimentum
694 2932 739 2970 non
755 2924 833 2972 antoni
848 2921 928 2973 bonurn
