1992 3342
109 196 154 241 lot
300 205 361 242 enus
377 204 399 252 ι,
415 204 507 248 oussr.
526 202 575 253 ιιι,
594 202 648 240 nur.
668 202 712 242 vri.

108 284 180 343 pmn.
207 278 966 345 omnesones-runichenosihieesthuoodun...

139 350 170 401 dd
181 354 217 401 est
231 363 273 399 cus
285 353 338 399 ectu
353 364 359 398 :
378 352 438 400 Deus
450 350 530 413 igitur,
551 350 617 413 cnjus
630 362 680 399 esse
699 353 734 399 est
747 348 875 411 inlinitum,
891 354 917 399 ut

108 410 177 485 supffi
188 409 305 470 ffusum
313 413 349 471 em
356 411 446 484 lquaest
460 420 505 483 7.),
512 419 601 469 infinith
612 418 772 482 cognoscibilis
781 423 825 468 est.
835 421 917 469 Nullus

109 496 185 552 lli-Q
197 492 246 553 'Q
246 492 329 541 llectus
344 496 525 557 creatus-,potest
536 493 609 559 ileum
620 492 709 541 infiniti
723 504 751 541 co
767 504 871 541 noscere.
900 506 915 541 n

108 567 198 614 tentum
213 563 276 613 enim
292 562 422 613 intellectus
433 567 525 613 meatus
539 558 640 613 diuinam
655 566 777 613 essentiam
789 576 830 625 per
842 562 917 613 ectius

108 636 146 685 uel
162 635 238 685 miuus
250 634 352 698 pcrfmto
367 635 499 697 cognoscit,
515 635 540 683 in
556 639 667 697 mentum
681 634 763 697 majori
777 635 815 683 vel
832 634 918 685 minori

108 706 194 756 lumine
210 706 288 769 glorie
304 706 456 769 perfunditur.
476 706 534 756 edm
547 706 618 768 igitur
634 706 711 755 lumen
725 706 801 768 glorie
813 709 919 755 creatum

109 778 135 826 in
152 790 288 841 quocunque
300 778 420 828 iutchectu
430 780 507 826 creato
518 779 649 839 receptum,
660 790 708 825 non
719 776 790 839 possit
802 788 853 826 esse
863 776 919 825 inli-

109 848 183 898 ultum
188 884 196 910 ,
215 847 355 911 impossihile
371 852 406 898 est
422 845 483 910 quod
498 847 580 909 aliquis
592 847 724 897 intellectus
737 849 827 895 creatus
842 848 918 896 lleum

108 918 198 967 induiti.
215 922 344 981 cognoscat.
363 919 426 968 Unde
439 916 579 979 impossihile
597 920 632 967 est
649 916 709 979 qodd
722 918 795 967 heum
811 930 918 979 compre·

109 990 195 1039 heudat
206 989 249 1054 (1).

140 1061 175 1110 lld
186 1060 285 1123 primurn
296 1074 350 1123 ergo
362 1060 497 1123 dicendum,
509 1059 570 1123 quhd
582 1059 766 1123 comprehensio
780 1058 863 1108 dicitur
873 1060 918 1109 du-

109 1130 208 1193 pliciter.
221 1133 272 1181 Uno
285 1132 352 1181 modo
365 1130 444 1181 stricti
459 1136 483 1181 et
494 1130 600 1195 proprie,
614 1132 740 1181 secundum
753 1129 815 1193 quod
828 1130 918 1193 aliquid

108 1200 232 1253 includitur
244 1202 270 1251 iu
282 1204 489 1266 comprehendente
508 1218 514 1250 :
532 1206 556 1253 ct
573 1202 606 1251 sic
620 1203 682 1253 uuho
696 1201 763 1251 modo
775 1202 837 1251 Deus
853 1215 918 1251 com-

108 1273 271 1336 prehenditur,
293 1287 336 1324 uec
355 1274 487 1335 intellectu,
507 1285 549 1323 nec
568 1272 644 1335 aliquo
664 1273 723 1334 olio;
747 1271 869 1335 quiscum
886 1273 918 1321 sit

109 1325 591 1410 thmnmmmmonmlm,
606 1347 632 1393 n
648 1343 733 1407 usquo
750 1343 840 1392 nurum
862 1356 918 1393 eum

107 1414 198 1466 monite
209 1416 297 1479 capiat,
309 1416 368 1466 sicut
385 1416 435 1480 ipse
452 1415 556 1465 infinitus
575 1416 625 1476 cst,
639 1417 663 1463 sl
678 1413 711 1463 sic
723 1414 752 1464 de
765 1416 919 1477 comprehen-

109 1484 173 1535 sione
185 1500 249 1537 nunc
261 1488 372 1549 queritur.
384 1487 434 1536 hlio
447 1487 515 1537 modo
527 1484 709 1549 comprehensio
720 1483 806 1546 largius
819 1484 919 1535 sumitur

108 1557 233 1606 secundum
251 1556 312 1619 quod
329 1558 501 1623 comprehensio
520 1555 656 1618 insecutioni
673 1559 796 1617 wippo-otuu
814 1572 820 1603 ι
839 1558 863 1605 el
881 1556 918 1605 sic

109 1627 170 1675 heus
186 1628 325 1689 comprehen
341 1626 386 1675 'tur
405 1625 420 1675 i
438 1626 521 1689 locatis,
543 1627 667 1678 secundum
688 1626 745 1675 illud
768 1628 840 1675 cont.
862 1626 894 1675 lll
913 1644 918 1675 :

110 1712 125 1742 u
137 1696 211 1745 Tenui
221 1709 283 1759 cunr,
297 1709 340 1745 nec
351 1696 471 1746 dimittam.
482 1713 497 1743 n
508 1699 536 1747 Et
551 1698 584 1747 sic
596 1696 755 1759 intelliguntur
768 1698 918 1747 auctoritates

109 1767 212 1828 Apostoli
224 1767 253 1816 de
270 1767 483 1830 comprehensione.
496 1769 525 1816 Et
536 1769 581 1818 hoc
597 1768 664 1818 modo
676 1767 862 1830 comprehensio
881 1772 919 1819 est

109 1850 156 1885 nnn
170 1838 199 1887 dc
215 1838 290 1887 trihus
305 1839 319 1887 d
345 1838 350 1847 '
407 1838 502 1902 anime,
514 1852 565 1902 quae
576 1838 699 1902 respondet
709 1837 772 1901 spei,
787 1838 846 1889 sicul
856 1838 918 1889 visio

109 1906 176 1971 fidei,
196 1912 221 1958 et
244 1908 322 1959 iruilio
344 1923 357 1958 c
400 1908 458 1959 'tati
479 1910 610 1979 imp-enim
628 1910 688 1972 apud
707 1912 929 1973 insomnem.

109 1978 917 2060 usmmnmnnrunmmmnnmnmumm

109 2051 812 2126 “wloemffimirnehnmnemfflrom
829 2055 915 2101 mmm

110 2122 216 2172 omnihus
229 2138 279 2204 ope
294 2125 405 2187 hahemus
423 2124 520 2184 [ιω
527 2126 587 2187 ,vel
605 2124 659 2187 quie
674 2136 720 2173 non
735 2125 874 2173 delectemur
891 2122 917 2172 in

110 2206 156 2256 ers,
167 2194 204 2243 vel
218 2208 272 2257 qum
282 2209 328 2245 nou
345 2198 398 2245 sunt
411 2194 505 2245 ultimus
521 2195 572 2245 linis
591 2193 697 2245 desiderii
710 2194 797 2257 nostri,
813 2199 840 2245 ut
855 2195 918 2245 desi-

144 2328 174 2390 (1)
184 2332 242 2375 Tum
250 2333 340 2377 ratione
348 2330 468 2377 infinitatis
479 2334 540 2391 ejus,
551 2334 606 2390 quin
614 2333 731 2391 qoicqoid
739 2332 845 2377 scicntia
853 2344 918 2376 com-

106 2393 287 2452 prehcnditns,
298 2395 408 2439 scientiis
419 2396 631 2451 comprehensione
642 2396 743 2453 finitor,
754 2395 786 2439 eit
800 2394 843 2439 llh.
862 2396 916 2447 ΧΠ,

109 2456 145 2499 De
157 2456 225 2499 cioit.
246 2455 307 2505 hei,
324 2468 376 2512 cap.
394 2456 436 2515 lo,
456 2456 615 2515 Augustinus:
634 2463 683 2502 tum
701 2458 789 2503 ratione
809 2458 917 2502 limitetur

109 2517 247 2573 cognitionis
265 2524 365 2573 nostre,
385 2530 437 2574 quoe
453 2531 506 2564 cum
525 2522 576 2576 ejus
594 2518 706 2565 infinitate
722 2519 853 2574 comparari
867 2530 916 2563 non

110 2585 199 2638 potest,
214 2581 269 2636 quin
282 2580 338 2625 ciem
350 2580 382 2625 od
395 2582 641 2639 incircumscriptum
653 2583 736 2627 tmnen
751 2581 789 2625 cci
805 2582 918 2625 hnmano

108 2642 147 2688 oct
159 2643 272 2699 anaetico
284 2655 351 2687 mens
363 2644 393 2686 in
410 2646 456 2694 iot,
466 2658 492 2689 co
504 2646 590 2702 ipsese
604 2656 650 2701 qno
662 2649 694 2689 cst
705 2646 829 2693 creatura,
843 2656 918 2687 coon-
957 2674 960 2679 -

109 2707 204 2759 posim,-
214 2709 235 2748 ct
245 2705 345 2762 cuper‘h
478 2708 671 2765 permefectnm
685 2706 772 2755 tendit,
783 2706 824 2751 ced
835 2710 917 2751 mosen

108 2765 163 2821 eins
175 2766 297 2823 [ciperem
310 2780 361 2811 com
406 2768 510 2813 hendcrc
523 2782 567 2813 nec
586 2768 690 2814 diletotu
702 2768 813 2827 sufficit,
833 2769 879 2825 qni
894 2772 917 2812 ct

109 2828 301 2873 transcendendo
315 2833 338 2875 ct
404 2829 477 2873 tohdo
495 2832 578 2874 omnio
591 2836 612 2875 ct
630 2830 754 2889 implendo
772 2830 917 2879 concludit,

110 2888 142 2932 eit
156 2889 198 2934 lib.
210 2889 248 2949 10,
262 2892 359 2949 oleran,
390 2904 427 2946 ep.
444 2890 469 2949 ⁷,
484 2893 615 2949 Gregorius.
