1992 3342
247 296 280 331 ns
295 295 435 332 mrsrsurrs
451 296 490 331 nri
508 295 532 331 ui
549 294 632 332 uuus.
791 285 838 332 tut

59 376 90 423 ,td
103 374 207 436 primum
221 384 278 434 ergo
291 370 422 432 uerutum,
433 369 494 435 putu
507 372 567 424 Deus
580 369 662 421 dicitur
673 382 721 421 esse
732 369 757 419 iu
767 370 842 419 omni-

31 448 68 494 tms
79 459 121 508 per
140 443 284 505 essentiam,
300 456 346 492 nen
366 440 458 504 quidem
471 455 561 503 rerum,
574 441 639 505 quasi
654 440 683 491 sit
699 442 726 490 de
745 440 843 491 essentia

30 531 102 566 earum
119 533 125 565 z
142 515 186 566 sed
201 529 246 579 per
260 514 385 565 essentiam
401 527 478 576 suam,
496 514 549 579 quia
572 514 699 564 substantia
720 528 764 563 sua
779 514 843 563 adest

30 589 132 639 erunibus
146 593 174 639 ut
188 600 261 637 eausa
278 583 386 647 essendi,
401 584 459 635 sieut
472 585 557 635 dietum
574 589 618 634 est.
662 630 665 635 ,

63 659 233 710 sesecundum
248 656 385 722 dicendum,
404 654 465 720 qubd
483 655 568 721 aliquid
586 658 660 719 potest
675 654 721 706 diei
741 668 842 719 presens

33 727 258 793 atirui,iuquautum
265 728 371 791 subiacet
381 727 431 791 ejus
438 726 579 792 conspectui,
586 727 645 790 quud
654 730 731 776 tamen
739 726 807 777 distat
814 728 843 778 ab

35 815 62 849 en
71 801 192 851 secuntum
201 812 270 852 suam
279 798 442 861 substantiam,
452 801 478 848 ut
491 798 631 849 dictumest.
644 799 671 847 Et
680 798 732 847 ideo
743 798 843 861 oportuit
905 815 906 818 ¹

34 874 88 923 duos
109 874 188 923 modos
209 871 279 936 puni,
300 870 388 922 seitieet
409 884 451 934 per
471 870 595 921 essentiam
615 874 638 919 et
657 869 810 933 presentiam·

60 946 93 994 td
107 944 202 995 tertium
211 944 346 1004 dicendum,
355 940 417 1005 qubd
430 942 458 991 de
469 941 558 1005 ratione
568 940 670 993 scientie
680 944 704 991 et
717 940 843 991 uoluntatis

32 1022 74 1078 est,
92 1016 155 1079 quud
174 1015 260 1065 scitum
274 1017 311 1064 est
327 1013 355 1062 iu
370 1013 456 1065 sciente
470 1016 495 1063 et
513 1012 608 1063 uotbum
625 1012 650 1061 in
661 1013 762 1062 volente.
778 1012 842 1061 Unde

32 1089 153 1137 sen-undum
162 1085 285 1137 scientiam
299 1088 324 1134 et
333 1084 476 1135 uoluntatem
484 1084 557 1145 magis
565 1095 603 1133 res
614 1082 698 1133 suntin
707 1084 763 1144 beo,
773 1081 843 1145 quam

32 1159 85 1209 brus
95 1160 125 1208 inv
135 1158 217 1208 rebus.
229 1155 275 1206 Sed
289 1155 318 1205 de
340 1154 429 1209 ratione
442 1154 551 1219 potentie
570 1157 619 1216 est,
634 1152 698 1217 iqubd
713 1153 741 1202 sit
759 1152 844 1218 prinei·

32 1231 87 1288 pium
99 1229 187 1293 agendi
205 1228 232 1277 in
248 1226 327 1289 aliud,
343 1225 404 1275 unde
422 1220 548 1276 seeundum
560 1224 687 1288 potentiam
700 1236 770 1285 agens
787 1235 843 1286 ope·

33 1308 87 1350 ratur
101 1306 127 1351 et
141 1298 274 1363 applicatur
287 1296 323 1347 rei
336 1295 459 1361 exterieri3
474 1299 499 1348 et
515 1295 550 1350 sie
563 1309 605 1359 per
620 1293 747 1360 potentian
764 1298 841 1357 potest

34 1371 88 1435 tiri,
103 1386 179 1435 agens
193 1383 244 1421 esse
258 1369 378 1419 innitere

62 1445 91 1493 tt
105 1446 218 1507 quartum
232 1440 371 1501 dicendum,
386 1437 527 1503 qubunulla
543 1433 588 1487 alia
608 1434 720 1499 persentio
735 1436 846 1497 superat·

35 1514 76 1562 dita
96 1513 252 1575 substantie,
277 1510 335 1562 tacit
351 1511 425 1560 Deum
442 1522 492 1560 esse
510 1507 536 1558 iu
559 1506 635 1571 atiquo
654 1505 713 1557 sieut
730 1506 846 1569 obiectum

37 1586 147 1643 cognitum
164 1590 189 1635 et
210 1587 330 1644 amatum,
355 1581 400 1631 uisi
418 1580 505 1645 gratia,
523 1584 547 1631 et
564 1579 617 1629 ideo
635 1578 682 1629 sola
700 1576 772 1641 gratia
791 1575 846 1627 fucit

39 1654 170 1715 singularem
186 1655 285 1707 modum
304 1652 395 1703 essendi
408 1653 481 1702 Deum
495 1650 521 1702 iu
539 1651 616 1701 rebus.
633 1650 673 1701 Est
691 1652 767 1700 autem
787 1644 844 1699 abus

37 1725 155 1788 singutaris
166 1728 252 1777 modus
271 1724 363 1775 essendi
374 1726 446 1775 iteum
458 1724 483 1773 iu
504 1722 596 1783 humine
613 1735 655 1785 per
670 1721 793 1783 mnunenu,
810 1720 840 1771 de

34 1800 152 1857 utromodo
166 1813 209 1849 sno
221 1799 273 1849 loco
288 1800 379 1859 agetur,
391 1794 460 1845 tertia
470 1798 549 1859 parte,
564 1786 811 1863 quaestionesecundu.

336 1930 492 1981 sustentus
509 1929 547 1979 lV.

196 2039 286 2084 Utrum
296 2050 346 2081 esre
354 2036 442 2092 nttpue
451 2036 484 2080 sit
492 2036 617 2093 propanam
626 2034 680 2081 Dei.

59 2152 92 2199 ,tn
108 2152 223 2215 quartum
238 2145 272 2197 sic
288 2144 419 2209 proceditur
435 2142 478 2207 (t).
497 2142 591 2193 Videtur
612 2139 673 2205 qubd
693 2152 742 2190 esse
761 2139 844 2204 ubique

31 2233 71 2268 nm
94 2223 125 2271 sit
151 2217 276 2284 proprium
298 2215 349 2266 ttei.
366 2213 499 2265 Universale
517 2213 579 2263 enim
597 2212 721 2265 seeundum
743 2209 845 2262 Philuse

29 2293 97 2351 ptmm
118 2296 156 2343 est
180 2288 285 2352 ubique,
305 2290 329 2337 et
342 2298 448 2349 semper3
463 2283 558 2336 materia
570 2284 638 2335 etiam
649 2282 736 2347 prima,
750 2280 802 2331 cium
815 2280 845 2335 sit

29 2362 49 2409 tu
68 2364 182 2413 erunibus
201 2358 350 2423 corporibus,
367 2360 403 2407 est
422 2357 515 2421 ubique.
535 2356 646 2407 Neutrum
667 2355 744 2403 autem
764 2354 845 2405 borum

27 2440 58 2481 est
74 2438 151 2498 bens,
169 2436 201 2482 ut
215 2444 247 2481 ex
262 2427 386 2494 premissis
404 2431 475 2491 patet.
492 2428 551 2491 Ergo
574 2440 623 2477 esse
639 2424 723 2489 ubique
741 2437 788 2475 neu
811 2428 846 2474 est

27 2507 149 2570 proprium
160 2502 216 2554 Dei.

54 2583 77 2626 2.
96 2580 234 2637 Praeterea,
254 2584 365 2621 numerus
385 2574 422 2619 est
444 2569 469 2619 in
484 2567 625 2629 numeratis3
650 2566 774 2616 sedtotum
794 2564 847 2615 uui-

25 2663 115 2700 v›ersurm
125 2653 163 2701 est
174 2645 332 2699 coustitutum
346 2643 372 2697 in
389 2655 494 2705 numere,
507 2645 534 2706 ut
544 2642 609 2705 patet
627 2638 742 2702 Supieut.
753 2638 783 2687 xl
799 2636 844 2701 (t),

55 2768 85 2827 tt)
102 2772 137 2815 lte
150 2767 279 2817 bisetium
292 2765 312 2821 1,
327 2762 405 2812 Seni„
419 2762 473 2811 dist.
485 2760 525 2822 37,
541 2773 581 2818 qu.
594 2759 617 2820 ἢ,
631 2765 675 2805 art.
691 2743 721 2810 ἓξ
738 2761 762 2806 et
774 2756 844 2801 Ceut.

25 2831 106 2882 Grau,
115 2833 158 2877 tib.
170 2832 197 2890 3,
213 2841 272 2886 cup.
284 2825 326 2886 68,
341 2831 365 2871 et
378 2824 421 2872 tib.
433 2824 457 2884 t,
472 2837 525 2882 cap.
539 2822 568 2868 17
581 2829 605 2868 et
619 2820 661 2876 195
674 2825 699 2866 et
712 2818 791 2875 quoti.
803 2816 841 2875 ta,

24 2894 151 3014 quffttiibi
160 2892 326 3003 giretitgbm
339 2950 466 2997 onnia-tu
475 2958 579 2997 numeru
590 2944 786 3002 disposuissent
796 2941 845 2995 tam

26 3031 109 3074 supra,
745 3043 747 3048 .
