1992 3342
125 282 173 339 tat
336 293 397 334 raas
407 290 540 344 meum.
554 290 594 343 ra,
610 289 665 330 mr.
680 290 715 331 rs.
977 334 978 355 χ

122 369 496 426 mmmmbsmtiairaivtam.
505 367 696 421 Undeindiviais
704 366 832 421 consono
842 370 927 425 nnius·
977 368 978 373 ’

126 457 172 511 pac
185 448 222 497 est
233 444 313 496 relatio
323 443 477 506 distinguens

158 519 193 569 Avi
205 518 331 570 samniam
340 515 461 567 (timasium
468 553 478 580 ,
491 514 553 579 qnod
568 513 706 578 paternitate
719 515 788 566 Pater
798 529 845 568 non
857 518 928 569 solim

127 592 165 643 est
175 593 250 655 pater,
263 590 305 639 sed
316 592 354 639 ast
362 600 476 653 persona,
489 591 514 637 et
527 588 563 637 ast
573 584 696 651 quispim
709 588 867 654 hypostasis).
882 593 929 642 Non

126 669 205 712 maren
214 660 316 725 seqnitur
326 660 387 724 qaod
398 658 471 709 Filias
479 672 526 709 non
538 658 568 709 sit
579 656 631 722 quis
641 656 699 723 (sive
706 660 861 726 hypostasis),
873 662 930 713 sicut
978 716 979 729 ἦ

127 730 289 796 noaseqvitar
298 732 359 797 prod
372 731 580 796 nonsitpersoaa.
978 734 979 751 ¹

160 804 194 854 ,aa
207 803 300 854 tertium
312 804 448 867 dicentium,
462 801 523 867 quon
537 800 635 853 intentio
647 802 767 865 inprstini
782 805 888 856 nonfuit
900 807 931 857 di-

128 888 182 926 cere
194 875 255 941 qaod
265 876 398 940 hypostasis
408 874 481 924 Patris
491 877 610 925 ramaneat
622 876 648 922 nt
660 874 778 938 ingenita,
791 876 882 927 remota
895 892 931 942 pa·

127 946 314 1012 temitate,qnasi
321 945 484 998 innascibilitas
492 944 617 997 constituat
626 946 781 1010 etimnnguat
789 948 931 1013 hypostasim

129 1018 205 1069 Patris
217 1019 350 1084 (hocenirn
359 1030 471 1070 essenon
487 1022 577 1083 potest,
591 1017 644 1068 sim
657 1014 799 1084 repetitum
816 1022 878 1071 nihii
895 1036 932 1087 po-

129 1096 183 1155 nat,
197 1091 239 1142 sed
250 1089 357 1154 negativa
371 1090 471 1154 dicatur,
489 1094 515 1140 ut
526 1090 625 1155 ipsemet
637 1089 719 1155 dicit)3
736 1092 776 1142 sed
793 1092 899 1156 loquitur
911 1095 933 1144 in
979 1144 980 1147 ,

130 1162 258 1227 communi,
274 1162 384 1229 quianon
397 1176 465 1213 omne
481 1162 612 1225 ingenitam
627 1166 661 1213 est
671 1166 743 1226 pater.
760 1162 862 1215 semota
881 1178 933 1229 erpo

129 1235 280 1300 paternitate,
294 1247 341 1286 noa
354 1240 456 1285 remanet
467 1234 492 1284 in
505 1232 589 1284 divinis
602 1234 733 1299 hypostasis
744 1234 838 1299 Patris,
849 1240 877 1286 ut
889 1238 933 1287 dis-

129 1307 242 1370 tinguitur
250 1308 279 1358 ah
290 1307 343 1357 aliis
350 1307 465 1374 paeonis,
473 1306 515 1360 scd
526 1307 552 1358 ut
563 1305 733 1371 stoingneum
742 1307 866 1373 creaturis,
877 1308 935 1360 sicat

131 1379 202 1436 imi
212 1377 352 1445 meumst.
980 1392 981 1397 ’

424 1477 584 1533 sanctatis
599 1477 637 1530 IV.

163 1588 250 1636 Utratm
257 1592 325 1635 noter
334 1588 466 1636 satiem
481 1587 703 1647 morarentur
712 1584 910 1643 monteronem.

164 1709 199 1759 Avi
208 1710 313 1773 quartum
322 1709 357 1760 sio
368 1707 498 1773 proceditur
509 1707 554 1773 (t).
564 1703 659 1759 Videtur
666 1705 728 1771 qma
736 1708 937 1759 setusnotionales
981 1718 982 1729 ¹

132 1778 335 1847 praeintelligantur
347 1779 532 1845 proprietatibus.
550 1778 608 1829 Dicit
624 1778 687 1831 enin
707 1778 829 1842 Magister,
846 1780 936 1831 xxvii.

133 1853 187 1906 dist.
203 1852 223 1901 1.
236 1852 435 1909 Sententiarum,
447 1850 510 1915 qaod
522 1864 635 1914 osonpsr
647 1851 715 1900 Pater
723 1853 772 1912 est,
782 1852 839 1914 qma
845 1865 938 1916 semper

133 1924 211 1991 genuit
222 1922 315 1975 Filiam.
327 1940 341 1971 n
351 1925 381 1973 Et
390 1922 424 1973 ita
433 1923 523 1973 videtur
531 1920 592 1987 qnod
603 1920 721 1986 generatio
730 1920 858 1975 amandam
871 1923 938 1975 intei-

131 1997 217 2050 lectam
228 1996 342 2059 pracedat
353 1996 522 2061 paternitatem.

164 2075 189 2121 a.
203 2070 330 2132 Praeterea,
336 2067 411 2119 omnis
416 2066 497 2118 relatio
507 2065 663 2132 presvpponit
673 2065 827 2118 iaiataltectu
837 2067 862 2119 id
871 2081 939 2132 snpra

132 2142 194 2206 qaod
206 2140 324 2205 tundatur,
337 2140 399 2191 sicvt
411 2138 531 2204 equalitas
539 2139 698 2203 quantitatem.
709 2138 755 2189 Sevi
765 2138 897 2203 paternitas
905 2143 940 2191 est

132 2213 215 2265 relatio
229 2213 325 2264 tundata
337 2225 406 2277 svper
424 2211 514 2264 aetiam
529 2224 580 2277 qna
593 2214 630 2263 est
643 2210 759 2275 gmeratio
772 2225 779 2259 :
794 2223 853 2276 ergo
864 2216 889 2263 st
901 2226 941 2277 pa-

133 2285 229 2335 ternitas
240 2282 397 2350 prssupponit
410 2283 589 2347 generationem.

167 2360 191 2407 3.
205 2357 329 2419 Preterea,
343 2354 404 2407 sicvt
420 2368 446 2407 se
459 2355 529 2407 habet
546 2354 660 2418 generatio
680 2353 753 2405 activa
766 2354 795 2405 ad
813 2356 942 2419 paternita-

133 2428 195 2490 tem,
210 2426 241 2477 ita
255 2441 281 2477 se
291 2427 361 2477 hahet
373 2426 480 2477 nativitas
490 2427 518 2476 ad
529 2426 671 2480 filiationem.
685 2426 730 2477 sea
741 2424 823 2477 iilistio
834 2440 942 2489 presup

134 2497 201 2565 ponit
216 2498 375 2549 nativitatem:
389 2497 442 2559 ideo
454 2496 517 2548 enim
529 2497 590 2549 itlius
605 2501 655 2561 est,
669 2497 723 2562 quia
740 2500 808 2549 news
821 2501 867 2549 est.
882 2499 942 2559 Ergo

135 2573 159 2623 ot
171 2569 295 2634 paternitas
306 2568 462 2636 prasuppopit
468 2568 652 2633 generationem.

168 2642 212 2691 Sed
223 2645 302 2692 matra
316 2641 450 2704 :generatio
464 2644 501 2692 est
511 2641 613 2707 operatio
626 2653 730 2706 personae
740 2640 828 2691 Patris.
841 2642 888 2693 Sed
903 2656 943 2704 pa·

136 2711 231 2765 territas
247 2712 363 2763 constituit
377 2726 497 2777 personam
511 2712 586 2765 Patris
601 2728 607 2763 :
622 2725 677 2777 ergo
690 2711 755 2778 prius
764 2715 800 2763 est
814 2712 943 2765 muniam

136 2783 279 2834 intellectum
293 2786 428 2850 paternitas,
440 2786 510 2852 qnam
520 2786 646 2851 generatio.

168 2852 328 2921 (Ceramussa.
343 2883 374 2899 ·-·
385 2858 453 2923 Origo
463 2858 558 2923 passive
571 2858 682 2924 presedit
689 2857 844 2924 proprietates
859 2871 944 2924 perso·

169 2956 203 3023 (i)
215 2962 248 3007 lte
262 2961 299 3007 iris
314 2965 384 3010 etiam
395 2968 421 3024 1,
435 2967 514 3020 stoc..
534 2969 587 3015 dist.
602 2968 649 3029 27,
665 2974 747 3029 quest.
763 2965 791 3027 1,
807 2973 853 3015 art.
867 2968 898 3021 Ως
920 2977 947 3014 et

137 3028 220 3083 qmrss.
236 3022 325 3085 ¹⁰‚ee
337 3032 439 3093 seman,
455 3038 499 3078 are.
513 3028 544 3088 υς
556 3039 582 3078 rr
596 3032 686 3093 opero.
702 3030 729 3091 ³,
745 3038 798 3087 cap.
816 3029 847 3076 aa
861 3036 886 3077 et
898 3030 944 3077 ot.
