1992 3342
352 246 385 281 uu
401 248 510 284 scissura
529 250 579 284 nar.
824 244 869 291 aaa

65 324 181 386 singularia
204 336 248 386 per
274 334 356 373 causas
374 321 515 373 universales
533 338 538 373 ε
563 338 615 374 uani
629 326 687 375 nilnil
704 330 738 377 est
756 326 781 377 iu
794 330 870 393 aliquo

64 392 300 458 singularium,un
315 406 364 443 uon
381 393 466 443 oriatur
480 408 509 444 ex
522 394 598 458 aliqua
611 410 680 447 caue
693 398 823 451 uniuersali.
843 393 871 449 Et

65 470 143 529 pouunt
168 466 303 531 exemplum
326 465 452 516 :Sicutsi
478 468 561 531 aliquis
581 470 706 533 astrologus
724 462 871 535 cognosceret

65 552 135 587 nunes
153 541 233 588 motus
254 536 398 588 universales
418 539 489 601 creti,
511 544 586 603 posset
611 542 764 605 praenuntiare
790 557 870 595 omues

65 611 151 673 eclipses
167 611 270 661 futuras.
292 610 339 660 Sed
355 611 418 661 istud
440 626 486 662 nou
506 612 610 665 sufficit:
627 612 679 677 quia
698 614 821 677 singularia
840 630 869 665 ex

65 683 130 733 ansis
149 682 324 733 universalibus
341 683 468 733 sortiuntur
486 686 595 749 quasdam
618 684 703 735 turmas
718 690 741 735 et
759 686 868 750 virtutes,

65 767 107 814 quae
120 759 334 818 quantumcumque
353 754 498 805 adinvicem
519 756 704 819 conjungantur,
720 771 767 807 non
786 756 869 808 indivi-

67 824 153 874 dnautur
162 864 171 889 ‚
193 826 239 875 uisi
254 840 296 888 per
314 827 436 877 materiam
451 828 617 878 individualem
633 844 637 876 :
654 828 715 878 unde
733 828 771 892 qni
785 842 870 892 coguo·'

65 900 130 946 soeret
139 898 262 947 Socratem
271 911 313 960 per
324 899 369 948 hoc
383 900 443 962 quod
457 903 492 949 est
505 901 571 949 albus
577 938 585 963 ‚
597 900 634 950 uel
643 896 790 963 sophanisnt
799 902 868 965 tilius,

66 967 98 1014 rel
115 968 225 1031 quicquid
250 969 313 1018 aliud
336 968 370 1018 sic
386 969 486 1034 dicatur,
511 984 557 1021 nun
580 974 727 1035 cognosceret
750 971 824 1035 ipsum
844 970 868 1020 in

66 1042 166 1097 quantum
186 1041 223 1089 est
242 1038 283 1088 iric
296 1040 375 1091 homo.
398 1041 461 1091 Unde
482 1043 607 1091 secundum
627 1044 720 1093 modum
735 1042 868 1106 praedictum

68 1107 123 1155 Deus
133 1121 177 1157 nnn
185 1114 338 1171 cognosceret
348 1110 472 1173 singularia
483 1110 507 1161 in
519 1126 558 1163 sna
571 1112 739 1174 singularitate.
755 1112 798 1162 dlii
813 1126 868 1165 uero

67 1176 177 1241 dierunt,
196 1181 259 1243 quud
279 1182 339 1231 Dens
357 1183 473 1244 cognoscit
493 1183 618 1245 singularia
639 1183 774 1247 applicando
790 1196 869 1234 causas

67 1248 198 1301 universales
211 1252 241 1301 ad
261 1250 413 1315 particulares
431 1254 534 1304 ollactus.
552 1254 597 1303 Sed
620 1254 663 1304 hoe
684 1253 742 1303 nilnil
761 1258 795 1305 est
815 1254 868 1317 qula

64 1320 136 1371 nullus
152 1326 230 1386 potest
245 1322 365 1387 applicare
381 1322 465 1386 aliquid
480 1326 508 1374 ad
526 1326 622 1374 alterum
631 1362 638 1387 ‚
661 1324 705 1375 uisi
729 1324 786 1374 illud
810 1326 869 1387 pre·

62 1396 194 1453 eognoscat:
207 1394 270 1443 unde
286 1391 348 1443 dicta
360 1394 483 1457 applicatio
498 1408 546 1445 uon
561 1398 696 1459 potestesse
712 1394 769 1445 ratio
786 1407 869 1457 cogno-

60 1464 135 1513 scendi
147 1464 306 1528 particularia,
318 1465 359 1514 sed
373 1465 528 1527 coguitionem
542 1466 691 1529 singularium
704 1466 867 1529 praesupponit.

89 1536 178 1586 Etideo
191 1536 260 1585 aliter
270 1535 394 1585 dicendum
409 1540 444 1585 est
461 1536 521 1599 quod
534 1537 586 1587 cim
600 1538 660 1587 ocus
671 1537 701 1587 sit
712 1550 780 1587 cansa
790 1550 868 1586 rerum

60 1618 170 1665 persuum
179 1606 346 1668 scientiam,ut
355 1606 440 1655 dictum
451 1607 503 1672 est(
511 1621 533 1657 a.
550 1610 572 1670 8)
587 1608 611 1657 in
626 1612 714 1658 tanrtnm
727 1621 751 1659 se
765 1608 868 1658 extendit

58 1676 152 1728 aieutia
165 1678 222 1740 Dei,
237 1678 384 1740 inquantum
394 1690 418 1727 se
429 1679 531 1729 extendit
543 1679 593 1742 ejus
605 1680 725 1730 causalitas
735 1680 777 1745 (l).
789 1681 867 1743 Unde,

58 1747 110 1797 cinu
121 1749 199 1799 uirtus
212 1748 290 1798 aetina
307 1748 350 1798 llei
367 1762 393 1798 se
410 1751 517 1800 extendat
535 1764 580 1801 nou
600 1752 674 1801 solum
695 1752 723 1801 ad
739 1752 868 1814 lormas,i

57 1819 138 1880 quitus
147 1820 264 1883 accipitur
269 1819 330 1869 ratio
343 1818 489 1883 uniuersalis,
499 1823 540 1871 sed
550 1822 619 1872 etiarn
629 1836 700 1885 usque
710 1823 738 1872 ad
749 1822 868 1873 materiam

57 1891 66 1931 l
72 1894 96 1939 nt
107 1892 169 1942 infra
183 1891 337 1954 ostenditur),
350 1904 447 1941 naccae
460 1895 495 1943 est
511 1892 571 1955 quod
588 1893 684 1943 edenda
700 1892 741 1942 liei
754 1895 825 1955 usque
839 1894 868 1943 ad

55 1962 179 2025 angularia
195 1977 220 2013 so
234 1963 357 2024 extendat,
371 1976 423 2026 quae
437 1976 478 2025 per
487 1964 606 2015 materiam
620 1962 867 2013 rotinicummauri

55 2035 116 2084 euim
130 2036 191 2085 sciat
204 2035 251 2083 alia
260 2033 274 2082 a
283 2048 309 2084 se
319 2034 492 2097 peresaentiam
505 2048 568 2085 suana
581 2036 726 2097 inquantum
739 2038 774 2083 est
789 2034 869 2083 simili·
926 2031 928 2037 '

54 2106 107 2155 tudo
115 2105 289 2168 rerum,uelut
298 2104 436 2168 principium
445 2105 544 2155 activum
553 2118 631 2155 aarum
644 2120 649 2152 z
664 2116 756 2153 necesse
766 2106 868 2167 estquod

52 2177 154 2227 essentia
167 2190 213 2227 sua
225 2175 258 2225 sit
270 2176 410 2239 principium
422 2176 536 2226 sufficiens
549 2174 700 2237 cognoscendi
715 2174 791 2225 omnia
797 2212 805 2239 ‚
817 2188 867 2239 qiua

53 2260 92 2365 ἵν
101 2248 183 2312 ipsum
197 2247 273 2309 fiunt,
289 2259 337 2295 unu
349 2246 423 2296 solum
433 2246 458 2295 iu
476 2246 600 2297 uniuersali
613 2246 653 2296 sed
666 2246 736 2297 etiam
748 2246 773 2295 iu
789 2247 867 2310 siugu-

73 2320 100 2367 ri.
121 2321 151 2369 Et
166 2323 232 2369 essct
245 2318 321 2367 simile
341 2318 371 2366 de
388 2316 483 2366 solantia
505 2317 609 2379 artificis,
625 2316 644 2367 si
660 2320 720 2369 esset
736 2318 867 2381 productiva

52 2390 174 2452 induami,
185 2393 212 2439 et
222 2402 271 2438 nou
283 2388 363 2438 forme
375 2390 473 2437 tantum.

81 2462 116 2511 ld
130 2462 239 2525 primum
250 2472 306 2521 ergo
317 2458 450 2521 dicendum,
464 2456 525 2520 qnid
535 2458 666 2515 intellectus
677 2464 755 2527 noster
768 2460 867 2523 speciem

51 2532 227 2595 intelligibilem
238 2529 355 2581 abaram
369 2527 383 2577 i
398 2528 516 2593 principiis
530 2530 733 2581 indiuiduantilnus.
742 2532 805 2581 Unde
817 2544 868 2593 spe-

83 2700 114 2760 (i)
137 2703 176 2746 Ita
194 2706 222 2745 ut
236 2698 296 2744 nitunt
316 2698 412 2742 omnino
431 2705 483 2743 actu
498 2705 577 2743 causet
589 2699 644 2755 quio
655 2699 712 2743 sciat
726 2699 781 2744 illud
790 2704 815 2743 ut
826 2709 867 2741 eus

53 2764 157 2815 artualea
169 2764 238 2810 sicut
250 2766 276 2807 et
289 2760 345 2805 nihil
361 2770 455 2816 prorsus
472 2772 567 2805 causare
582 2753 655 2815 pns'sit
667 2761 722 2817 quin
740 2761 796 2805 sciat
813 2758 867 2804 illud

53 2829 78 2863 ue
89 2826 204 2878 moue
221 2836 250 2869 ac
270 2824 334 2867 omni
349 2833 378 2867 eo
392 2822 459 2867 ruodo
473 2835 519 2878 quo
533 2822 643 2879 possibile
664 2822 809 2881 supponitur.
825 2820 867 2864 sed

52 2883 90 2927 tric
111 2886 140 2932 de
165 2887 255 2933 mauult
273 2884 366 2930 tantum
385 2884 519 2929 causalitate
540 2884 675 2930 nominatim
698 2885 779 2941 agitur,
802 2888 824 2925 ut
839 2880 866 2923 dn

50 2950 192 3003 coguirinae‘
200 2960 283 2994 rerum
294 2945 421 2991 actualium
431 2947 519 2992 tautum
535 2946 587 3003 quin
598 2944 761 3003 singularium,
778 2948 821 2986 cir.
