1992 3342
135 203 181 250 12⁸
357 213 418 248 raus
430 212 454 260 1,
467 212 560 258 oussr.
575 212 606 259 x,
618 210 672 247 suu.
685 212 710 248 v.

128 287 180 351 ejus
193 290 229 337 est
246 285 450 337 intransmutabile.
466 287 570 337 ltensura
582 298 636 347 ergo
646 284 752 349 ejusuou
764 284 860 337 babebit
873 287 937 350 prius
987 284 988 301 ¹

128 363 152 410 et
166 357 288 422 posterius.

160 432 201 480 Est
215 441 270 490 eruo
285 426 422 491 meandum,
438 428 513 492 qnid,
530 441 582 477 eum
596 427 712 478 eternitas
724 428 755 477 sit
767 440 877 478 mensura
888 442 939 480 esse

130 497 300 563 permanentis,
318 498 444 547 seeundum
463 499 527 562 quod
545 497 630 561 mquid
647 498 732 548 recedit
750 497 939 561 apermanentia

128 569 235 632 essendi,
249 570 373 621 meandum
385 570 429 619 boo
440 569 527 620 resedit
539 570 569 619 ab
583 569 719 619 aeternitate.
739 569 846 628 Quanam
859 572 941 620 autem

128 640 163 690 sio
174 638 470 702 rmeduntapermanentia
477 639 636 703 essendiqnod
645 652 696 690 esse
708 652 786 689 eorum
799 642 834 689 est
846 638 943 703 subjee-

127 715 176 761 tum
189 710 387 773 transmutationi,
400 711 438 761 uel
448 711 473 760 iu
485 710 678 761 transmutatione
689 709 800 773 consistit,
816 714 841 760 et
854 710 943 773 huJ'ns-

128 780 190 831 modi
202 784 362 831 mensurantur
380 786 495 845 tempore,
508 781 566 831 sieut
580 780 655 831 omnis
667 785 742 831 motus
754 784 778 830 et
795 780 868 830 mum
887 794 942 833 esse

128 852 231 903 omnium
241 853 432 915 eorruptibitium.
443 852 551 912 medam
566 851 621 903 verb
635 853 744 903 resedent
755 851 831 903 minus
848 850 863 899 b
885 865 943 917 per-

128 923 246 973 manentia
268 924 372 987 essenoli,
399 924 453 987 quia
471 936 522 974 ese
542 936 622 973 eorum
639 937 683 975 nee
700 923 726 973 in
745 922 941 973 transmutatione

130 994 248 1056 consistit,
272 1008 317 1044 neo
339 998 375 1045 est
391 994 519 1057 subjeetum
537 993 734 1057 transmutationi,
754 996 833 1043 tannen
851 993 945 1045 babent

129 1064 343 1115 transmutationem
359 1064 504 1128 adjunctam,
524 1064 606 1115 setin
626 1068 691 1128 aetu,
714 1064 752 1115 uel
769 1063 794 1113 in
815 1064 943 1129 potentia3

128 1134 188 1185 sieut
197 1139 261 1199 patet
274 1136 300 1185 in
312 1136 445 1199 corporibus
456 1136 589 1197 uolentibus
594 1172 603 1198 ,
617 1148 713 1199 porram
725 1147 776 1185 esse
788 1134 943 1187 substantiale

130 1210 166 1257 est
182 1205 393 1269 intransmutabile,
404 1210 483 1256 nmen
499 1219 550 1256 esse
569 1205 765 1257 iutrausmutabile
782 1204 870 1254 babent
883 1219 941 1255 eum

128 1276 345 1328 transmutabilitate
369 1277 495 1328 munium
515 1276 591 1326 loeum
614 1290 619 1325 τ
644 1280 670 1325 ut
692 1274 797 1325 similiter
817 1278 884 1339 patet
908 1277 942 1328 de

129 1347 232 1411 maelis,
242 1346 303 1411 quot
312 1348 399 1399 babent
414 1358 464 1398 esse
480 1345 675 1396 intransmutabile
689 1349 799 1409 mantum
812 1345 841 1395 ad
855 1358 941 1397 eorum

129 1421 235 1469 namram
255 1418 370 1483 pertinet,
389 1432 443 1468 euni
461 1416 677 1467 transmutabilitate
696 1417 822 1467 monadum
841 1416 943 1468 eleetio·

129 1502 183 1539 nem
195 1489 240 1554 (1),
252 1494 277 1540 et
289 1503 341 1540 eum
354 1487 570 1539 transmutabilitate
581 1486 783 1551 intelligentiarum
794 1491 817 1537 et
828 1486 939 1541 allectio·

129 1573 186 1610 num
204 1564 229 1611 et
244 1561 346 1611 locorum
357 1572 399 1610 suo
414 1560 489 1610 morlo.
510 1561 539 1609 Et
556 1559 609 1610 ideo
627 1559 758 1623 hujusmodi
772 1564 942 1613 mensurantur

130 1644 190 1693 ero,
206 1632 267 1695 quod
283 1634 319 1681 est
339 1630 440 1680 metium
457 1630 520 1680 inter
537 1630 689 1681 mternimem
707 1632 730 1681 et
750 1634 850 1693 tempus.
874 1632 936 1683 Fsse

129 1705 208 1751 autem
228 1700 290 1763 quoii
302 1703 417 1750 mensurat
429 1701 556 1763 emunitas,
570 1714 613 1751 nee
629 1700 747 1763 mutabile,
768 1712 811 1749 neo
831 1702 939 1751 mutabi-

129 1770 190 1820 litati
206 1771 346 1834 anjmetuu.
369 1770 408 1820 Sie
427 1785 481 1833 ergo
501 1775 591 1835 tempus
603 1772 673 1823 babet
684 1771 748 1835 prius
762 1776 788 1821 et
804 1771 939 1833 posterius3

132 1855 208 1891 aarum
221 1844 358 1891 autemnon
371 1842 440 1892 babet
456 1843 481 1891 in
494 1856 520 1893 se
532 1842 596 1905 prius
608 1846 632 1892 et
646 1841 772 1905 posterius,
786 1840 864 1891 seriei
880 1855 945 1892 eon-

129 1912 198 1975 juugi
209 1916 321 1976 pumunt3
340 1912 458 1962 eternitas
477 1917 555 1963 autem
572 1924 618 1962 uon
636 1913 707 1962 babet
719 1911 783 1975 prius
795 1924 871 1975 neque
883 1924 945 1975 pos-

131 1983 216 2047 terius,
232 1997 306 2047 ueque
317 1997 345 2035 ea
358 1983 506 2047 compatitur.

163 2056 319 2120 ltprimum
341 2068 395 2119 ergo
425 2054 566 2117 dicendum,
590 2052 651 2117 qubd
671 2056 785 2103 orentius
809 2051 948 2115 spirituales

132 2131 242 2191 quantum
257 2128 286 2177 ad
305 2126 440 2177 aileofioues
460 2130 484 2175 et
501 2124 680 2187 intelligentias,
697 2124 722 2173 in
742 2124 824 2187 quibus
838 2128 875 2175 est
886 2139 947 2177 sue-

132 2197 219 2260 oessto,
237 2201 397 2249 mensurantur
418 2202 531 2261 tempore,
553 2198 618 2248 Unde
637 2200 661 2246 et
683 2195 825 2259 Augustinus
851 2196 947 2249 ibidem

132 2268 204 2330 dieii,
219 2267 280 2331 qubrl
295 2282 336 2331 per
357 2273 448 2332 tempus
459 2268 561 2331 moueri,
580 2270 615 2319 est
630 2280 673 2331 per
692 2266 825 2318 afleebones
840 2270 946 2320 moseri.

133 2340 246 2398 Quantum
259 2338 314 2389 verb
324 2340 354 2388 ad
367 2349 445 2389 eorum
456 2350 506 2388 esse
515 2338 631 2401 naturale,
644 2341 805 2388 mensurantur
816 2352 877 2389 aevo.
892 2340 945 2391 Seri

134 2413 243 2473 quantum
258 2408 287 2458 ad
296 2408 409 2458 visionem
423 2408 499 2470 glorie
514 2408 652 2472 participant
663 2407 824 2473 eternitatem.

164 2480 198 2529 lid
210 2479 333 2530 seeundum
345 2478 482 2542 dicendum,
495 2478 556 2544 qubd
572 2492 646 2531 aeuum
659 2480 695 2529 est
709 2481 783 2529 totum
796 2478 882 2543 simul,
894 2494 947 2533 non

167 2640 199 2702 (1)
218 2644 270 2689 lton
288 2642 350 2698 queo
363 2643 533 2700 postaltuujus
548 2643 582 2687 rei
601 2643 739 2690 electionem
751 2642 777 2686 in
794 2646 945 2691 sommarium
987 2642 988 2687 l

136 2706 194 2751 verti
203 2704 306 2762 possint,
321 2706 363 2751 seri
372 2706 434 2761 quon
444 2717 496 2750 eam
510 2716 552 2761 pro
566 2705 661 2750 arbitrio
678 2706 763 2762 eligere
777 2710 848 2751 antea
859 2715 950 2765 potue·

135 2773 201 2820 rnnt;
220 2767 256 2812 uel
275 2768 330 2823 qiua
342 2773 439 2825 possunt
456 2768 481 2811 in
499 2773 552 2813 antu
572 2768 674 2813 exereito
691 2778 752 2812 nune
765 2766 790 2811 in
808 2767 856 2814 boe
874 2770 948 2823 ierri,
987 2800 988 2821 ;

134 2842 197 2874 nune
218 2829 243 2873 iu
262 2829 317 2873 illud
337 2829 496 2875 indifferenter
510 2836 578 2886 prout
591 2831 685 2883 voluut;
703 2834 729 2874 ut
744 2828 805 2875 inira
823 2842 870 2877 sno
892 2835 949 2879 loeo
987 2822 988 2873 l

135 2891 234 2950 dicetur,
250 2889 302 2936 ebm
313 2892 341 2937 de
354 2894 429 2938 libero
442 2903 523 2936 eorum
539 2892 634 2937 arbitrio
647 2892 760 2949 agendum
773 2892 827 2937 erit.
