1992 3342
114 218 145 267 ot
317 229 377 266 runs
393 229 415 277 r,
431 227 522 275 eonor.
540 229 581 278 rr,
599 228 653 267 nar.
670 229 706 266 ιιι.
987 284 989 298 Ι

114 303 213 369 imitari,
223 303 263 368 qui
271 315 318 354 non
326 303 428 368 perlecti
439 303 557 356 imitabilis
565 307 600 354 est
611 319 617 354 ι
628 303 747 355 dissimilia
756 303 825 368 verli,
833 317 920 356 secun
987 302 989 309 '

114 376 170 426 duru
188 375 249 438 quod
265 375 375 426 deficiunt
394 373 408 424 d
427 389 468 426 sna
481 389 565 438 causa,
582 387 630 425 non
646 374 720 425 solium
735 376 865 425 secundum
882 376 921 426 iu-

113 447 242 497 tentionem
255 449 278 496 et
290 446 462 509 remissionem,
475 445 537 498 sieut
548 447 625 497 minus
637 447 715 496 allium
728 447 805 498 deficit
818 445 922 510 imagis

114 518 180 581 albo,
194 519 234 568 sed
247 517 358 584 quianon
371 522 407 568 est
416 518 594 582 convenientia,
606 531 651 570 nee
663 519 791 570 seeundum
800 519 920 584 speciem,

114 601 159 638 nec
171 589 299 639 secundum
312 602 392 652 genus.

146 660 181 710 dd
193 661 320 710 merendum
333 661 470 724 dicendum,
483 655 546 724 qndd
558 661 619 712 Deus
630 673 678 711 non
689 674 715 711 se
727 660 798 710 habet
810 661 839 710 ad
852 674 923 713 erea-

115 733 179 780 turas
199 730 259 781 sicut
278 745 315 782 res
335 731 475 782 diversorum
494 744 618 795 generum
636 732 676 782 sed
689 732 750 783 sicut
768 730 792 780 id
808 732 871 795 quod
884 734 924 784 est

114 804 180 852 extra
190 815 259 852 omne
273 815 346 864 genus
359 805 383 852 et
396 801 535 866 principium
549 802 653 852 omniurn
663 815 783 865 generum.
987 848 989 853 .

148 872 182 921 id
194 873 287 922 tertium
298 871 434 936 dicendum,
444 869 506 935 dudd
516 885 564 922 non
572 872 656 922 dicitur
664 885 715 922 esse
725 870 850 921 similitudo
857 870 924 924 inter
987 872 989 895 i

117 943 190 992 Deum
199 947 222 994 et
232 946 348 994 creaturas
358 945 451 1006 propter
460 942 646 994 convenientiam
658 943 683 992 in
694 942 767 994 iorma
772 979 781 1005 ,
791 944 924 994 secundum

117 1013 215 1063 eandem
223 1013 336 1064 rationem
345 1013 436 1076 generis
443 1016 484 1064 aut
494 1013 594 1079 speciei3
603 1013 644 1064 sed
653 1013 781 1064 secundum
791 1013 924 1076 analogium

117 1083 208 1134 tantum
228 1099 234 1133 ε
254 1086 321 1148 prout
338 1084 504 1138 scilicetllens
516 1087 550 1136 est
568 1097 610 1136 ens
630 1098 672 1148 per
689 1083 825 1148 essentiam,
839 1087 864 1134 et
876 1084 925 1134 alia

117 1167 159 1218 per
171 1155 378 1219 participationem.

149 1227 184 1275 dd
196 1231 303 1290 quartum
315 1227 451 1291 dicendum,
465 1225 527 1290 qudd
543 1226 599 1277 licet
617 1226 757 1277 concedatur
770 1224 832 1290 quod
843 1226 925 1291 aliquo

118 1297 186 1347 modo
197 1301 300 1349 ereatura
311 1299 341 1348 sit
351 1298 431 1349 siun'lis
439 1299 486 1348 Deo
491 1335 501 1362 ,
510 1298 574 1348 nullo
582 1300 661 1347 amen
669 1298 737 1349 modo
748 1297 925 1348 eoncedendum

118 1371 153 1416 est
170 1367 231 1430 qudd
246 1371 307 1421 oeus
319 1370 348 1420 sit
360 1367 440 1421 similis
452 1372 564 1421 creaturan
580 1384 586 1418 :
601 1367 655 1433 quia
668 1372 695 1418 ut
707 1368 764 1418 dicit
780 1369 874 1432 dionys.
891 1371 926 1422 tx

119 1451 141 1487 c.
151 1439 183 1488 de
192 1439 273 1491 divin.
282 1441 369 1494 Nom„
377 1439 403 1489 in
412 1440 450 1490 iris
459 1453 510 1503 que
519 1439 589 1491 unius
597 1438 723 1504 ordinis(1)
732 1442 799 1503 sunt,
812 1439 926 1502 recipitur

119 1513 200 1560 mutua
216 1511 355 1574 similitudo,
370 1524 417 1562 non
436 1514 515 1568 autem
526 1511 552 1562 in
572 1523 642 1561 causa
655 1513 681 1560 ot
700 1514 802 1560 cadmo.
821 1511 928 1562 Dicimus

118 1582 182 1630 enim
196 1581 257 1644 quld
274 1582 350 1642 imago
363 1583 393 1632 sit
406 1581 487 1634 similis
500 1582 605 1644 homini,
619 1582 660 1632 sed
672 1594 720 1632 non
732 1580 745 1631 t
758 1595 883 1646 converso3
900 1588 928 1633 et

119 1651 225 1703 similiter
240 1652 287 1703 dici
299 1656 374 1716 potest
391 1652 453 1717 qnod
463 1654 542 1718 aliquo
555 1654 624 1705 modo
636 1652 671 1719 (²)
684 1657 788 1704 uentura
800 1653 831 1704 sit
843 1653 928 1706 similis

121 1723 168 1774 Deo
175 1759 185 1788 ,
200 1736 247 1774 non
260 1727 338 1776 tanuen
350 1721 412 1789 quod
423 1726 484 1776 Deus
497 1725 527 1776 sit
539 1724 620 1778 similis
632 1727 753 1777 creatura.

123 1869 196 1975 {ratini
207 1869 317 1930 reddant,
333 1867 387 1928 quia
396 1871 445 1918 hmo
459 1877 496 1918 est
507 1883 562 1917 uera
571 1871 698 1928 Theologiu
708 1871 737 1916 de
746 1883 793 1926 qun
800 1871 928 1926 dionysius

133 1943 146 1974 o
180 1933 270 1976 ebatur.

148 1943 187 2054 (1(111)
202 1995 237 2038 Ex
246 2005 332 2051 meto,
348 1989 386 2043 ἐπὶ
397 2012 443 2043 των
455 1993 588 2064 ὁμοταγῶν,
601 1994 677 2043 telio,
685 1994 719 2038 ito
732 2005 784 2052 pam
794 1993 870 2041 motet
884 2005 929 2038 or-

124 2061 238 2112 dinator,
247 2069 273 2108 ut
284 2062 299 2123 ἓ
311 2063 325 2107 6
343 2065 420 2109 uidere
431 2070 476 2109 est.

158 2121 188 2183 (2)
205 2125 240 2169 Sic
254 2125 315 2169 eninr
326 2138 416 2172 rursum
429 2126 552 2182 Dionysius
560 2125 593 2170 ibi
604 2141 610 2168 z
625 2123 705 2170 Caeso
716 2129 750 2170 eat
760 2126 824 2170 Deos
835 2138 882 2170 eor
892 2127 930 2170 aa·-

124 2187 197 2230 mo’te'o
205 2187 255 2231 ciet
265 2189 357 2238 omnio,
366 2192 387 2234 et
397 2187 515 2244 quicquid
524 2191 557 2232 est
565 2187 680 2231 ctmtleio
690 2187 928 2245 omnitumeatioe‘o

124 2247 227 2304 quodam
238 2247 330 2293 dictem
342 2250 518 2294 similitudinis
528 2254 561 2294 out
571 2249 660 2293 simile.
670 2249 734 2302 Quod
746 2248 843 2304 intelligi
855 2250 930 2295 debet

124 2309 153 2356 de
167 2315 272 2356 creatura
286 2315 311 2354 ut
325 2311 358 2356 sic
371 2316 395 2356 et
411 2311 506 2368 praecise
520 2308 677 2364 considerem
694 2323 747 2356 eum
760 2309 863 2366 alioquin
878 2323 928 2356 non

124 2371 198 2417 sollum
207 2372 230 2416 in
246 2372 338 2418 homine
347 2373 469 2430 vestigium
480 2374 522 2433 sit,
534 2378 560 2417 ut
575 2372 707 2419 ostendetur
719 2371 780 2418 inira
790 2378 871 2428 quest
880 2372 928 2432 ld,

126 2439 168 2480 ort.
184 2433 215 2493 7,
231 2440 254 2480 at
267 2441 348 2493 quest.
366 2434 408 2494 93,
424 2440 467 2480 nrt.
480 2433 504 2480 i.
