1992 3342
219 165 251 202 on
266 163 430 203 nrsrmcrrorur
446 165 529 205 uno!
545 167 570 204 nt
586 166 704 206 cortuum.
814 165 861 212 ost

63 247 147 309 mines,
160 243 210 294 aliis
222 238 369 305 animalibus3
382 243 406 293 et
415 243 441 292 iu
454 243 550 306 siugulis
558 244 639 294 horum
651 260 698 296 una
709 246 798 311 species
806 262 863 314 per-

62 319 145 370 fectior
161 315 211 366 aliis
228 314 354 365 invenitur.
374 315 436 364 Sicut
455 329 509 378 ergo
525 315 602 366 divina
618 318 729 381 sapientia
744 326 862 373 causaest

62 387 215 442 distinctionis
225 400 314 449 rerum,
324 390 418 450 propter
428 385 591 450 perfectionem
601 389 714 454 uniuersi,
723 391 756 441 ita
770 397 793 443 et
805 393 859 445 ine·

61 459 179 526 qualitatis
194 476 200 506 =
215 473 258 509 non
277 458 338 508 enirn
352 462 412 508 esset
434 459 559 522 perfectum
577 460 721 526 univcrsum,
735 463 755 514 si
772 465 861 516 tantuna

62 547 121 582 unus
136 531 217 596 gradus
224 529 332 582 honitatis
342 530 484 580 inueniretur
495 529 521 579 in
532 531 608 582 rebus.

92 605 126 656 td
137 603 236 670 primum
250 616 303 665 ergo
314 602 450 666 dicendum,
462 601 522 667 quod
535 604 615 667 optimi
630 606 719 669 agentis
730 610 766 658 est
776 610 859 672 produ-

61 691 112 728 cere
128 680 201 728 totum
216 675 321 726 ellectum
336 689 400 725 suum
415 675 543 738 optimum,
559 689 605 726 non
617 680 694 729 tamur
707 679 768 744 quod
779 696 859 745 quam-

62 752 117 802 :ibet
133 753 222 814 partem
232 747 302 798 totius
318 747 386 798 faciat
401 747 510 812 optimam
526 747 671 814 simpliciter,
691 753 731 801 sed
749 753 858 816 optimam

61 821 184 874 erundum
203 819 370 886 proportionem
389 820 418 870 ad
439 823 526 883 totum;
544 820 660 871 tolleretur
686 823 746 872 enim
770 825 859 878 tonius

61 893 177 958 ¹animalis,
192 893 212 944 si
225 893 331 958 quelibet
348 906 400 956 pars
416 891 466 956 ejus
479 892 574 942 haberet
585 892 645 942 oculi
664 893 807 956 dignitatem.
820 898 858 949 Sic

61 967 129 1031 egitur
140 970 164 1016 et
174 967 236 1015 licus
247 967 319 1014 totum
330 963 461 1013 uniuersum
472 963 590 1014 constituit
601 964 713 1028 optimum
720 1005 726 1026 ‚
734 969 857 1019 secundirm

61 1042 151 1091 modum
163 1041 283 1100 creature;
295 1040 425 1086 nouantem
439 1033 540 1098 singulas
554 1041 676 1098 creaturas,
685 1039 725 1088 sed
735 1054 804 1090 unam
813 1042 857 1093 alid

60 1111 187 1162 meliorem.
204 1109 233 1159 Et
252 1105 303 1158 ideo
323 1109 351 1158 de
374 1107 468 1170 singulis
488 1108 598 1158 creaturis
613 1109 695 1158 dicitur
713 1117 795 1162 Gener.
818 1115 829 1163 l
848 1130 854 1164 :

59 1183 144 1233 «Vidit
154 1183 218 1230 Deus
227 1179 301 1230 lucem
309 1177 368 1243 quod
380 1182 441 1229 esset
450 1179 511 1229 bona
516 1216 524 1242 ‚
535 1195 548 1225 o
559 1182 583 1230 ct
594 1179 697 1230 similiter
708 1180 736 1230 de
749 1182 854 1250 singulis3

57 1257 97 1307 sed
111 1255 140 1305 de
154 1252 258 1304 omnihus
268 1251 334 1301 simul
345 1249 427 1300 dicitur
440 1266 446 1300 ι
461 1268 475 1299 u
485 1250 548 1301 Vidit
558 1252 617 1302 Deus
630 1254 711 1302 cuncta
725 1267 775 1317 que
790 1255 856 1306 fece-

57 1332 103 1391 rat,
118 1330 143 1378 et
156 1329 221 1375 erant
230 1322 294 1372 ualde
306 1323 373 1372 bona.
386 1339 400 1369 u

86 1399 122 1450 nd
143 1395 265 1447 secundum
288 1393 423 1456 dicendum,
434 1392 493 1458 quod
512 1393 610 1458 primum
629 1396 689 1458 quod
709 1397 810 1461 procedit
825 1399 855 1449 ab

56 1471 145 1522 unitate
152 1509 159 1532 ‚
167 1471 202 1520 est
213 1465 342 1531 equalitas,
353 1470 376 1517 et
387 1465 468 1516 deinde
478 1467 580 1531 procedit
589 1467 751 1532 multiplicitas.
764 1471 792 1519 lit
801 1469 854 1521 ideo

54 1544 67 1594 d
80 1547 151 1594 Patre
164 1539 214 1606 (cui
227 1537 352 1588 secundirm
367 1535 518 1600 augustinum
532 1537 567 1603 (t)
581 1539 738 1603 appropriatur
752 1543 851 1606 unitos)

53 1615 166 1680 processit
181 1610 264 1674 Filius,
283 1609 320 1660 cui
334 1607 492 1674 appropriatur
502 1609 650 1674 equalitate
663 1614 687 1661 et
697 1611 779 1662 deinde
790 1627 852 1663 crea-

55 1693 117 1747 tura,
130 1685 171 1736 cui
182 1681 290 1748 competit
304 1681 477 1746 importatae
490 1682 530 1731 sed
543 1684 619 1732 umen
637 1682 705 1733 etiam
719 1696 732 1732 a
745 1685 853 1736 creaturis

53 1758 203 1824 participatur
216 1754 318 1818 quedam
333 1752 464 1816 equalitas,
479 1753 566 1804 scilicet
579 1754 741 1819 proportionis.

69 1829 120 1882 'Ad
130 1828 225 1880 tertium
240 1826 372 1888 dicendum,
384 1823 443 1888 qudd
457 1824 514 1875 ratio
528 1825 567 1876 illa
578 1829 612 1876 cst
625 1840 675 1890 que
689 1827 760 1877 mouit
773 1827 851 1890 orige-

52 1919 118 1968 nem3
135 1903 177 1954 sed
190 1913 237 1951 noo
250 1899 318 1948 habet
334 1898 409 1948 locum
422 1896 467 1966 nisi
482 1896 507 1946 in
522 1897 668 1948 retributione
687 1899 849 1964 premiorum,

51 1989 150 2040 quorum
166 1971 309 2036 inequalitas
322 1969 415 2019 debetur
433 1965 581 2033 inaequalibus
592 1969 687 2019 meritis.
699 1970 744 2020 Sed
755 1970 780 2020 in
792 1985 851 2021 oon-

50 2048 169 2100 stitutione
183 2059 258 2096 rerum
273 2057 318 2094 uon
331 2045 367 2092 est
377 2040 520 2105 inaequalitas
533 2041 630 2104 partium
641 2055 682 2105 per
692 2056 849 2106 quamcunque

52 2119 232 2185 inequalitatem
249 2113 415 2180 precedentem
434 2114 471 2164 rel
490 2113 623 2163 meritorum
637 2112 675 2163 uel
696 2113 850 2178 dispositionis

51 2193 167 2255 materie;
180 2188 220 2240 sed
231 2192 324 2253 propter
344 2185 507 2251 perlectionem
524 2185 608 2248 totius,
623 2187 649 2234 ut
666 2188 730 2248 patet
742 2185 812 2235 etiam
823 2186 851 2236 in

53 2265 158 2329 operibus
173 2261 235 2312 artis.
245 2261 295 2309 Nou
310 2258 370 2309 enim
386 2262 477 2322 propter
492 2257 536 2306 lnoc
551 2256 628 2306 differt
643 2259 726 2305 tectum
742 2255 849 2308 liudda-

54 2342 142 2395 ncnto.
156 2333 210 2397 quia
225 2332 294 2381 habet
305 2331 415 2381 diuersam
426 2329 556 2391 materiam3
570 2329 610 2378 sed
623 2332 648 2378 ut
661 2327 691 2378 sit
704 2328 783 2378 domus
796 2341 847 2393 pcr-

56 2411 107 2458 'ecta
123 2421 154 2458 ex
167 2402 262 2456 doceis
278 2400 393 2468 partibus,
409 2401 490 2464 querit
505 2400 586 2451 artilex
603 2399 715 2450 diuersam
731 2399 846 2451 materiam

56 2486 71 2532 rt
85 2481 173 2532 laceret
188 2490 240 2528 eam
254 2475 274 2526 si
282 2478 366 2540 posset.

80 2607 110 2672 (i)
124 2613 163 2656 Sc.
175 2607 218 2652 tio.
232 2607 252 2650 1.
264 2605 298 2650 De
308 2605 370 2649 doct.
385 2602 487 2652 Christ„
499 2613 550 2658 cap.
563 2600 587 2660 5,
599 2601 639 2646 ubi
653 2601 698 2655 ait,
712 2602 755 2646 sub
765 2600 843 2657 linem,

55 2675 105 2730 pudd
116 2675 146 2716 io
159 2672 234 2716 Patro
248 2670 341 2716 territos,
349 2669 379 2712 to
388 2666 456 2710 Filio
467 2665 602 2722 equalitas,
611 2666 641 2709 io
650 2663 751 2722 Spiritu
763 2668 845 2709 coneto

53 2737 151 2783 mitaris
165 2731 357 2790 aequalitatisque
371 2727 508 2775 concordio.
