1992 3342
132 238 179 290 tos
331 252 392 290 rurs
405 245 437 302 r,‘
447 250 538 297 osser.
555 252 608 302 χιι,
623 250 677 290 nur.
694 248 730 290 ru.

131 330 172 381 sed
184 329 213 381 ute
228 328 339 395 sapientia
352 332 443 394 mata,
460 344 528 394 pam
541 329 601 380 Deus
613 328 696 381 indidit
712 328 836 395 omaturis3
851 326 934 381 dicitur
988 356 989 399 p

132 402 195 452 enirn
207 402 309 459 Erotes„
321 402 351 451 t:
366 417 381 450 u
394 402 446 466 lpse
459 400 545 452 creavit
560 412 611 451 earn
624 400 725 465 (scilicet
735 402 894 467 'sapientiam
909 402 933 453 in
988 408 989 467 j

131 474 218 539 Spiritu
229 478 320 537 uncto,
329 476 352 524 et
362 471 513 524 citudititlam
524 488 592 539 super
601 474 756 539 omuia'opera
764 488 814 525 sua.
828 491 842 523 u
852 476 933 541 Neque
988 478 989 481 ’

131 551 167 599 est
187 546 351 597 inconveniens
368 544 428 610 quot
445 546 470 595 iu
491 558 537 596 uuo
557 546 665 597 contestu
685 546 807 597 locutionis
824 546 933 611 loquatur
988 558 989 621 ἐ

131 617 247 681 Scriptura
256 618 284 667 de
291 616 402 680 snpientia
411 617 487 681 genita
496 620 521 667 ct
530 618 557 667 dc
567 620 652 680 creata,
662 618 717 683 quia
728 617 843 682 sapientia
854 624 931 670 creata
988 624 989 631 ’

131 693 166 741 est
177 690 322 755 participatio
336 689 438 753 qondam
453 688 699 755 sapientiaeincreutte.
712 682 754 739 Vel
764 692 841 753 potest
852 690 934 741 referri

131 762 158 811 aut
172 764 277 819 naturam
289 764 389 811 creatffln
403 764 540 825 assumptam
554 760 651 824 tuitio,
665 764 691 810 ut
710 760 741 811 sit
756 772 837 811 sensus
851 777 857 810 ι
875 781 889 809 u
901 764 933 812 Ab

114 833 196 895 ,initio
206 837 230 883 et
241 837 293 883 ante
304 833 387 883 saecuia
398 837 542 893 erraneum,
553 850 567 879 u
580 833 655 896 idest,
670 850 684 881 u
693 832 793 897 prouisa
803 846 855 883 sum
869 848 933 884 creu-

130 908 187 956 turae
205 904 272 955 uniri.
286 922 299 951 u
313 904 356 954 Vel
373 916 414 967 per
429 904 475 954 hoc
493 904 553 967 quod
570 903 682 969 sapientia
702 907 788 953 crecta
802 906 826 954 ct
844 908 933 968 penita

131 981 286 1041 nuncupatur,
301 976 381 1026 modus
397 974 479 1026 divina
490 974 647 1037 ‘generationis
665 974 730 1025 uobis
748 974 891 1027 insinuatur.
907 978 932 1026 lu

130 1049 276 1111 generatione
288 1047 350 1097 enirn
361 1048 422 1111 quod
433 1051 556 1110 generatur
569 1046 651 1111 occipit
664 1052 769 1097 naturum
781 1049 931 1112 generantis,

130 1121 190 1183 quod
203 1117 350 1184 perfectionis
362 1121 411 1182 est3
422 1117 447 1167 in
467 1117 581 1169 creatione
594 1118 649 1169 vert
661 1132 742 1169 creans
756 1130 803 1169 nou
820 1124 932 1183 mutatur,

130 1192 170 1242 sed
181 1195 281 1243 creatum
296 1204 342 1241 nou
356 1190 437 1255 recipit
446 1192 552 1240 naturam
568 1190 674 1241 creantis.
686 1190 774 1244 Dicitur
789 1202 846 1253 ergo
861 1192 934 1243 Filius

130 1263 197 1314 simul
210 1267 310 1314 creatos
325 1265 351 1329 et
358 1264 466 1326 penites,
478 1266 506 1312 ut
521 1254 677 1313 excreatione
689 1262 814 1326 accipiatur
825 1262 935 1313 immuta-

129 1335 205 1386 bilitas
214 1336 296 1399 Patris‚
305 1338 329 1385 et
338 1348 368 1385 ex
374 1334 530 1398 generatione,
544 1332 621 1384 unitas
634 1336 721 1385 natura
735 1332 844 1386 in‘Patrc
858 1339 883 1385 et
895 1336 935 1385 Fi-

128 1406 160 1458 lio
174 1422 180 1456 ε
196 1411 221 1458 et
234 1407 269 1458 sic
278 1406 402 1477 ‘exponitur
416 1406 547 1457 intellectus
559 1404 629 1471 hujus
649 1406 765 1473 scriptura
780 1399 810 1457 ab
829 1408 934 1471 Hilario,

128 1481 168 1532 lib.
184 1483 217 1531 de
235 1475 346 1547 synodis
365 1480 409 1545 (i).
430 1479 584 1531 nothontutes
606 1484 684 1531 autern
700 1478 755 1551 alic
768 1480 873 1533 inductae
889 1498 933 1534 non

127 1554 251 1617 iwanntor
267 1551 295 1601 de
309 1551 396 1617 Spiritu
411 1553 503 1616 sancto,
518 1552 558 1602 sed
569 1552 597 1605 de
606 1552 687 1619 spiritu
701 1555 793 1616 creat03
804 1554 846 1617 qui
856 1568 935 1617 quan-

129 1622 202 1689 doque
213 1624 401 1686 trituraretur,
412 1624 548 1689 quandoque
562 1633 636 1681 cero,
650 1624 785 1689 quandoque
799 1625 884 1691 flatus
894 1626 934 1675 tro-

129 1696 221 1757 mim'e,
235 1695 370 1759 quandum
390 1694 460 1746 etiam
473 1692 576 1759 animo,
591 1696 631 1747 vei
646 1706 788 1761 quecunque
805 1697 935 1751 substantia

129 1766 257 1821 invisibilis.
317 1770 320 1777 '

421 1856 579 1911 turicotus
593 1857 631 1908 IV.

131 1976 216 2021 Utrum
231 1975 258 2021 trs
273 1975 361 2021 divinis
369 1974 401 2020 cit
411 1974 517 2033 potentio
532 1976 641 2033 respectu
649 1978 747 2021 actuum
760 1976 933 2023 nottouuttum.
988 1974 989 2053 i

988 2054 989 2079 i

161 2096 196 2145 td
207 2097 314 2159 putum
326 2094 359 2145 sic
370 2094 499 2158 proceditur
507 2093 551 2159 (S).
566 2094 661 2145 Videtur
673 2093 735 2158 quod
749 2095 774 2144 in
785 2095 874 2148 notun
887 2112 932 2150 nou
988 2080 989 2145 i

126 2168 159 2218 sit
168 2167 272 2231 potentia
280 2169 387 2231 respectu
394 2166 654 2217 acuunnotiouatium.
664 2166 743 2218 Omnis
752 2166 817 2217 cuim
828 2170 933 2233 potentia
988 2162 989 2229 i

130 2239 214 2290 estrei
226 2238 352 2291 acfimuei
371 2237 532 2301 passiaaSed
546 2240 627 2288 neutra
640 2237 679 2288 hic
698 2242 832 2301 competere
847 2244 931 2305 potest.

130 2311 234 2361 Potentia
247 2310 309 2360 eninr
320 2310 410 2373 passiva
422 2309 447 2357 in
458 2310 504 2359 iteo
519 2322 566 2359 uon
580 2312 630 2373 est,
645 2308 748 2375 utsupri
765 2313 885 2363 osoeusurn
899 2316 934 2361 est
988 2324 989 2375 ζ

129 2382 184 2448 (qu.
199 2388 244 2446 it,
257 2385 302 2432 nrt.
317 2380 360 2446 t);
375 2380 478 2445 muntia
489 2380 545 2431 uero
556 2381 632 2431 activa
641 2393 688 2432 non
703 2382 815 2446 competit
824 2384 869 2433 uni
881 2398 933 2449 per·
988 2388 989 2421 3

128 2467 190 2505 sone
203 2458 308 2518 respectu
318 2454 426 2516 aterius,
437 2452 491 2505 cim
507 2466 610 2517 porsonae
621 2452 708 2504 nirinc
722 2466 769 2503 non
788 2454 931 2515 sintraco,

127 2528 154 2575 ut
167 2530 283 2576 ostemum
294 2529 336 2578 est.
351 2526 410 2588 Ergo
419 2525 444 2574 in
455 2525 539 2576 divinis
551 2538 598 2577 non
611 2530 646 2578 est
656 2526 760 2591 potentia
771 2528 801 2577 aul
812 2532 879 2581 actus
892 2543 933 2581 no
988 2570 989 2573 ,

128 2597 234 2649 tionalcs.
543 2598 546 2601 ’
988 2628 989 2637 1

159 2713 475 2778 (i)1txpticonriotianonem
487 2718 515 2776 5,
529 2718 638 2767 adversis
651 2718 863 2783 Arianoscuiitum:
875 2724 932 2776 Quia

127 2792 189 2836 opos
200 2779 306 2823 creontis
317 2778 414 2842 (inquit)
428 2793 479 2827 non
488 2782 556 2834 ittet
564 2786 702 2843 passionem
710 2800 719 2837 ,·
728 2788 753 2835 ‚et
763 2785 884 2832 nativitas
898 2786 933 2832 ta·
988 2810 989 2833 3

127 2842 240 2899 citimum
252 2842 356 2889 urtmdit
369 2856 402 2889 ex
413 2844 462 2890 Deo
475 2845 549 2891 Putre
558 2844 730 2901 'substanttam

161 2907 192 2971 (Ξ)
207 2912 240 2954 De
259 2910 296 2955 his
310 2914 380 2959 etiarn
396 2917 421 2974 1,
438 2915 520 2965 Seni„
539 2916 592 2965 dist.
609 2918 639 2980 i,
658 2924 739 2988 quaest,
757 2916 784 2978 i,
800 2926 845 2967 art.
863 2919 890 2975 lt
907 2926 933 2967 ct

129 2972 253 3032 questi,
269 2972 297 3017 de
310 2981 415 3038 potent,
432 2982 475 3026 ert.
490 2975 561 3027 itiam
575 2979 597 3029 1.
677 2982 678 2989 ’
988 2988 989 3019 ³
