1992 3342
139 217 187 267 sio
330 224 390 263 rm
406 226 430 273 ι,
447 224 540 269 conor.
557 224 620 272 nnn,
637 222 695 261 nr.
710 222 736 259 r.

139 300 217 355 tabiis
232 302 293 355 tens
306 299 471 351 immutabilem
482 300 577 365 gignens
589 301 663 351 Deum
681 297 844 349 missionem
860 312 868 346 ε
886 310 941 362 orgo

139 373 166 425 in
181 387 209 425 eo
222 372 263 423 oei
278 376 381 423 naturam
395 372 552 436 inteiligimos
564 369 616 421 enm
626 369 652 421 in
663 372 710 422 Deo
723 371 782 420 Deus
792 368 859 420 inn't.
874 386 890 417 o

172 442 299 495 Secnndirm
316 443 384 493 etiam
396 444 518 495 relationes
530 442 676 497 manifestum
689 444 724 493 est
737 439 798 503 qnod
813 454 892 491 unum
902 454 941 505 op

142 516 267 580 positorum
280 512 371 565 relative
383 517 418 565 est
437 514 462 564 in
474 514 546 565 altero
562 511 685 563 secundnm
696 512 850 562 intellectum.

176 582 301 636 Secundini
316 584 426 648 originem
445 584 515 635 etiam
529 583 675 636 manifestum
692 585 727 633 est
741 581 802 647 qnod
820 582 939 647 processio

141 654 210 706 verbi
223 654 371 719 intelligibilis
384 669 430 707 non
442 659 478 705 cst
488 654 574 719 aliquid
584 658 657 718 eitra,
667 653 794 704 sedmanct
803 652 827 702 in
836 654 936 705 dicente.

141 726 167 777 ld
180 725 248 776 etiam
263 727 323 789 quon
334 725 409 777 Verbo
421 726 516 787 dicitnr,
527 724 552 775 in
566 726 640 776 Verbo
655 724 794 775 continetur.
813 726 842 775 Et
858 727 937 777 eadem

141 798 199 847 ratio
207 800 243 846 est
253 797 282 847 de
298 796 385 861 Spiritu
396 800 485 849 sancto.

174 870 207 919 id
217 867 315 932 primum
326 882 379 931 crgo
389 868 523 930 dicendum,
534 866 595 931 quod
610 880 637 918 ca
647 881 696 931 quae
706 866 731 917 in
746 866 860 917 creaturis
877 872 937 931 sont,

143 950 189 989 non
199 938 339 989 sufficienter
351 941 512 1003 representant
523 952 551 989 ea
562 952 612 1003 quae
621 938 662 989 Dei
671 941 738 1001 sunt3
752 940 776 987 ct
791 936 844 987 ideo
859 950 938 989 secun·

143 1008 196 1059 dim
217 1010 302 1061 nulium
324 1024 402 1061 eormn
421 1012 539 1061 modorum
560 1024 617 1073 qnos
635 1008 786 1072 Philosophus
801 1014 937 1073 enumerat„

143 1080 215 1132 Filius
227 1085 262 1132 est
276 1082 302 1131 in
317 1084 383 1133 Patre
397 1085 437 1132 ant
453 1080 466 1131 i
482 1094 600 1132 converso.
619 1080 711 1132 Accedit
732 1084 812 1129 tamen
825 1081 901 1143 magis
915 1082 940 1131 ad

144 1153 187 1203 hoc
199 1153 281 1204 modus
289 1153 327 1203 ilic
339 1153 462 1203 secundnm
470 1166 538 1217 quem
548 1152 631 1217 aliquid
642 1150 722 1203 dicitur
732 1150 816 1203 esseio
827 1151 939 1217 principio

144 1224 284 1289 originnntc,
301 1224 346 1276 nisi
359 1223 419 1289 qinod
429 1226 493 1275 deest
505 1224 580 1275 unitas
594 1223 698 1275 essentie
704 1260 713 1287 ,
724 1222 749 1273 in
766 1223 835 1274 rebus
848 1225 939 1287 creatis,

143 1295 203 1347 inter
214 1293 349 1361 principium
360 1298 384 1346 et
395 1294 418 1345 id
431 1296 490 1361 quod
501 1300 537 1345 est
552 1294 565 1345 i
575 1295 696 1359 principio.

175 1369 210 1420 Ad
221 1368 346 1418 secundnm
354 1366 488 1432 dicendum,
501 1367 560 1432 quid
571 1367 643 1419 exitus
656 1366 708 1417 Filii
717 1366 731 1417 i
739 1368 808 1419 Patre
818 1371 852 1419 est
861 1381 941 1419 secun

144 1437 198 1489 dim
211 1440 301 1489 modum
311 1438 462 1502 processionis
472 1438 599 1502 interioris,
607 1442 674 1503 prout
684 1440 782 1490 verbum
792 1439 839 1491 exit
851 1436 866 1490 i
876 1441 941 1489 corde

144 1515 168 1561 et
181 1513 260 1564 manet
271 1510 295 1559 in
307 1523 334 1560 eo
347 1525 353 1559 ε
366 1511 427 1560 unde
441 1509 516 1562 exitus
527 1510 570 1561 iste
582 1510 607 1559 in
620 1510 702 1561 divinis
712 1514 748 1560 est
762 1510 889 1561 secundnm
901 1525 940 1563 so-

144 1582 189 1632 lam
203 1578 371 1633 distinctionem
381 1580 531 1645 relationum,
543 1594 590 1631 non
600 1579 723 1631 secundnm
737 1581 887 1633 essentialem
899 1582 939 1633 nli-

144 1665 212 1717 epmm
225 1651 363 1703 distantiam.

177 1723 211 1772 rid
222 1720 313 1773 tertium
327 1722 460 1784 dicendum,
470 1721 530 1786 qnod
542 1726 610 1773 Pater
625 1726 649 1773 et
661 1722 732 1773 Filius
743 1726 890 1787 opponuntur
904 1737 943 1773 sc·

146 1792 245 1844 cnndinn
254 1791 390 1856 relationes,
403 1806 449 1845 non
460 1798 536 1844 autem
550 1792 674 1845 secundnm
685 1794 808 1845 essentiam
817 1810 824 1856 3
834 1796 942 1845 ettamen

146 1865 300 1931 oppositorum
309 1864 405 1915 relative
418 1876 489 1915 noum
499 1864 553 1916 est
548 1880 572 1915 nn
581 1866 666 1929 altero,
678 1868 704 1915 nt
718 1862 858 1915 dictumest.

149 1984 187 2031 im
194 1980 287 2045 niem)
296 1988 412 2043 nqmmr
420 1984 586 2042 incorporatis
596 1990 667 2043 etque
676 1983 865 2029 emmenum
872 1984 943 2034 Dorso,

147 2048 328 2107 incorporate-r
336 2052 406 2104 omno
414 2046 611 2094 minumum
623 2048 821 2104 Dwmpiqmt.
836 2048 887 2095 Noc
897 2060 941 2091 nn·

149 2115 232 2155 emon
243 2123 313 2157 omont
326 2108 415 2155 deserit
423 2123 455 2155 ec
462 2110 618 2167 incorporale
629 2114 698 2167 ἅμα
709 2108 943 2155 indemutabilem

147 2173 314 2231 incorporalis
322 2177 343 2217 et
351 2171 534 2219 indemutabilis
544 2173 589 2217 Dei
597 2172 706 2231 perfecto
715 2172 834 2217 nouom
841 2185 888 2231 per
901 2172 942 2217 toc

150 2236 234 2292 utiquo
247 2234 396 2280 immittentis
409 2248 440 2279 ec
457 2234 506 2279 Deo
524 2234 570 2280 Dei
583 2234 764 2279 Sacramentum
784 2252 791 2277 :
809 2240 834 2279 et
849 2234 943 2281 inierim

150 2296 197 2340 hnc
208 2296 311 2344 referens
324 2296 384 2353 qnod
395 2295 473 2342 Eraioe
480 2298 548 2355 XLV,
562 2308 622 2342 vers
634 2296 672 2355 14,
683 2296 782 2341 dicitur:
798 2295 903 2342 Tootitm
915 2298 943 2341 iri

151 2362 173 2402 te
186 2358 250 2403 Βοω
261 2364 309 2410 ert
316 2365 337 2404 et
349 2372 399 2404 coo
408 2363 441 2404 est
449 2358 514 2404 Deos
522 2360 613 2417 proter
623 2364 653 2409 te,
663 2358 695 2405 sic
707 2358 843 2415 subjungit.
853 2360 944 2405 Exorat
973 2378 974 2400 r

150 2432 176 2465 oo
184 2433 213 2464 cri
226 2421 289 2467 tuoe
301 2421 486 2479 inamabilem
496 2422 670 2481 professionem
680 2422 798 2467 teretium
811 2422 973 2492 impiotctio¹

151 2482 240 2541 furor,
251 2483 731 2541 mmmmeeeomtoomm
739 2483 878 2542 institnit
891 2458 973 2531 citos
971 2520 972 2583 ¹

152 2545 356 2593 mulinum
