1992 3342
145 183 193 240 576
364 200 424 238 raus
441 200 460 249 r,
473 199 565 245 onnon.
581 200 621 250 xo,
636 200 691 238 nur.
705 202 723 237 r.

144 276 251 343 quiequid
261 277 397 342 praedicatur
409 278 437 327 de
449 289 559 341 persona,
577 276 713 341 predicatur
731 278 759 329 de
777 279 920 343 proprietate
941 297 946 329 :

145 350 240 401 dicimus
253 350 314 399 eninr
328 350 388 413 quod
400 351 467 412 Pater
481 352 587 412 generat,
601 349 642 399 sed
656 363 702 399 uon
720 349 818 401 dicimus
832 352 895 415 quod
910 369 947 417 pa-

144 422 240 472 ternitas
252 421 282 471 sit
296 435 415 485 generans.
430 424 490 485 Ergo
503 420 631 487 proprietas
644 435 690 473 non
703 424 738 471 est
753 421 816 472 idem
828 425 947 490 quodper-

106 494 110 503 '
144 508 200 550 sona
212 495 237 545 in
247 494 339 546 divinis.

176 568 221 617 Sed
232 572 321 631 eontra,
332 568 356 618 in
370 568 454 622 divinis
469 581 515 618 uon
532 566 641 617 differunt
650 566 718 631 quod
731 570 769 616 es!
783 571 807 618 ot
827 584 879 634 quo
896 575 945 630 ert,

147 642 172 689 ut
186 638 281 688 habetur
294 638 308 689 a
320 639 399 689 Boetio
412 641 436 689 in
447 639 487 689 lib.
501 638 532 687 de
543 638 663 687 Hebdorrr.
674 638 719 703 (1).
734 639 779 689 Sed
792 640 864 691 Pater
876 646 947 707 pater-

146 711 217 761 nitate
228 714 263 760 est
270 714 336 776 pater
343 748 350 773 ,
357 725 411 775 ergo
422 715 489 761 Pater
499 709 561 760 idem
571 714 606 761 est
614 709 674 773 quod
682 710 824 775 paternitus;
834 715 860 763 et
867 715 945 765 eaden

147 782 234 832 ratione
247 782 298 833 aliae
312 783 461 847 proprietates
471 782 531 831 idenr
545 784 597 831 sunt
606 794 657 830 euni
670 780 783 845 personis.

182 856 337 917 (Coronosro.
346 855 513 910 -ttelationes
521 853 707 919 reproprietates
717 853 742 905 in
750 855 858 919 personis
868 860 894 909 et
901 871 948 923 per·

148 939 209 977 sone
223 924 278 991 ipsu
291 927 367 985 sunt.)

180 998 315 1062 Respondeo
332 998 468 1062 dioenrlnru,
482 998 542 1064 quiid
563 998 622 1049 eirea
640 1000 684 1050 hoe
703 998 774 1063 aliqui
796 999 950 1053 diversimodt

150 1069 238 1134 opinati
253 1075 315 1121 sunt.
330 1071 425 1131 Quidam
438 1072 500 1121 eninr
514 1071 620 1121 dixerunt
635 1071 786 1136 proprietates
807 1086 887 1138 neque
903 1090 949 1126 esse

149 1154 270 1206 personas,
285 1156 358 1206 neque
370 1142 395 1193 iu
404 1143 508 1207 personis
520 1160 525 1192 :
536 1142 578 1207 qui
589 1142 681 1193 ttrerunt
690 1142 747 1193 niati
759 1156 790 1193 err
799 1146 870 1196 modo
885 1146 952 1209 sigui-

148 1212 231 1263 flrandi
245 1213 454 1277 relationemque
467 1214 559 1277 quietern
575 1226 621 1263 non
633 1212 763 1276 significant
778 1216 842 1265 utin
853 1216 949 1283 otr'quo

148 1287 189 1337 sed
200 1285 272 1350 magis
283 1290 308 1337 ut
321 1287 356 1335 od
366 1288 487 1352 aliquid,-
500 1288 559 1339 urrde
572 1287 678 1337 dixenrnt
688 1286 811 1339 relationes
822 1302 875 1340 esse
887 1292 952 1341 assis-

149 1363 234 1421 tentes,
246 1359 304 1409 siout
314 1357 382 1424 supra
395 1359 524 1423 expositum
533 1362 567 1409 est
579 1361 626 1423 (qu.
639 1357 687 1422 28).
700 1358 745 1408 Sed
756 1360 811 1422 quia
824 1362 909 1412 relatio
920 1378 952 1413 se·

149 1430 248 1483 eundim
261 1428 321 1494 quod
333 1434 368 1481 est
381 1432 484 1495 quadam
494 1444 533 1481 res
547 1431 572 1481 in
583 1430 667 1481 divinis
677 1437 713 1494 est
723 1429 773 1495 ipsa
783 1432 864 1483 divina
876 1448 953 1485 esserr-

150 1502 197 1566 tia,
206 1502 305 1552 essentia
318 1506 394 1552 auteur
403 1502 465 1553 idem
475 1508 510 1553 est
521 1503 581 1566 quod
590 1514 687 1567 persona
699 1500 734 1566 (ut
745 1516 775 1552 en
789 1502 859 1555 dietis
866 1507 951 1570 patet),

150 1578 239 1639 oportet
251 1573 310 1637 quod
324 1573 403 1624 relatio
414 1574 445 1624 sit
457 1574 520 1624 idem
533 1574 592 1638 ouod
605 1586 712 1638 persona.
725 1574 789 1624 Hane
800 1574 873 1639 igitur
888 1578 951 1628 iden-

149 1648 239 1697 titatem
255 1645 294 1695 atii
308 1646 490 1709 considerantes,
507 1644 613 1696 dixerunt
629 1645 780 1710 proprietates
794 1648 892 1711 quidem
905 1664 952 1700 esse

149 1732 268 1784 personas,
281 1730 328 1768 nen
341 1722 418 1768 autem
431 1719 454 1767 in
463 1718 580 1783 personis3
594 1718 648 1783 quia
661 1721 707 1768 non
716 1720 834 1783 ponebant
847 1722 954 1787 proprie-

150 1794 210 1841 tates
222 1789 353 1855 indivisis,
365 1789 410 1839 nisi
423 1790 548 1841 uruntur
558 1792 650 1840 modum
659 1790 780 1854 loquendi,
792 1794 819 1840 ut
831 1793 902 1857 supra
911 1794 953 1843 dir·

187 1927 217 1992 (i)
228 1930 279 1975 Sive
290 1930 363 1975 libro:
373 1926 412 1974 Are
421 1942 490 1974 omne
501 1928 564 1987 quod
576 1934 622 1979 est,
631 1928 718 1975 bouum
726 1930 774 1983 εἰη
785 1932 854 1987 eujus
866 1932 953 1977 initium

152 2000 202 2053 est,
215 1994 326 2040 Postulat
337 1998 365 2036 ot
376 2004 408 2036 ex
418 1991 604 2037 hebdomadibus
613 1994 768 2041 matrinea.
779 1988 953 2049 AEquirrtenter

153 2063 244 2115 autem,
258 2056 348 2102 tanturn
357 2054 523 2113 nonexpresse
534 2056 632 2101 habetur
640 2056 683 2100 sub
695 2054 817 2100 bisrerbis
827 2058 894 2113 quod
904 2058 952 2102 iude

151 2120 223 2165 rotert
237 2121 261 2164 S.
277 2120 387 2163 Thomas.
402 2120 460 2163 Nunr
474 2118 551 2173 primo
570 2118 662 2173 qrndem
680 2118 793 2173 proposit.
809 2120 825 2163 ἰ
844 2136 851 2163 r
868 2120 953 2165 Diver-

151 2195 206 2227 sum
220 2186 252 2227 ert
270 2193 322 2226 esse
336 2179 425 2242 (inquit)
440 2185 462 2226 et
473 2180 501 2224 id
515 2180 578 2238 quod
590 2185 639 2225 ert:
652 2182 733 2241 iprum
747 2182 815 2225 euim
826 2194 882 2229 esse
895 2197 953 2229 uou-

152 2246 211 2289 dom
220 2247 261 2289 eet.
276 2245 307 2289 Et
318 2256 385 2301 ruox,
396 2244 508 2300 proposit.
518 2243 532 2287 3
542 2260 548 2287 :
562 2242 631 2299 Quod
643 2248 691 2292 eat.
703 2244 864 2301 participare
872 2246 953 2303 otique

148 2310 240 2365 potert5
255 2303 296 2351 eod
316 2307 398 2363 iprum
413 2318 461 2351 eree
479 2306 550 2350 nullo
568 2306 637 2351 modo
653 2306 736 2363 utiquo
755 2308 905 2365 participat.
927 2312 953 2353 Er

152 2370 265 2427 proposit.
280 2366 313 2413 i:
329 2369 360 2415 nt
374 2368 438 2427 quod
449 2373 498 2417 eet.
509 2368 593 2413 trabere
601 2368 698 2425 aliquid
709 2370 878 2441 praeterquam
892 2371 953 2428 poert

151 2434 235 2490 iprum
248 2434 294 2479 eet.
304 2435 382 2489 potest
401 2450 408 2475 :
427 2432 509 2489 iprum
524 2430 582 2476 uerit
596 2442 648 2476 esse
662 2431 730 2475 uitet
741 2431 815 2475 aiud
825 2437 921 2489 praeter
933 2446 954 2476 rr

152 2493 221 2540 mter
234 2493 382 2539 udmtxmm.
390 2496 421 2539 Et
433 2494 544 2550 proposit.
557 2493 590 2537 6:
606 2494 680 2539 Omne
689 2493 752 2551 quod
761 2498 808 2543 ert.
816 2496 954 2554 participat

153 2556 252 2615 eoquod
263 2560 297 2601 ert
312 2569 363 2603 esse
375 2560 402 2602 ut
410 2558 443 2603 ait
451 2574 459 2610 ‚·
468 2557 519 2602 otio
530 2557 587 2601 uero
597 2557 743 2617 participet,
755 2561 783 2602 er
793 2558 895 2616 aliquid
905 2561 937 2603 rit
948 2578 953 2599 .-

152 2634 180 2663 no
193 2630 238 2676 per
249 2618 292 2662 tor
300 2619 328 2663 r'd
337 2619 400 2677 quod
411 2624 452 2669 eet,
461 2620 597 2679 participat
606 2617 702 2677 eoquod
714 2622 806 2665 estesse
817 2624 846 2666 art
855 2623 952 2672 atheta

152 2684 183 2728 Et
196 2681 308 2737 proposit.
322 2682 338 2727 ’1
354 2700 360 2727 2
375 2682 449 2727 Omne
466 2684 572 2741 simplex
587 2694 638 2730 esee
656 2694 728 2728 aarum
743 2686 765 2726 et
781 2681 810 2727 iet
825 2683 891 2741 qood
908 2690 954 2731 est,

148 2754 233 2787 aearum
242 2742 319 2789 tota.
329 2745 433 2801 lienique
444 2746 557 2802 proposit.
570 2744 601 2789 8:
615 2744 688 2790 Oresti
700 2746 830 2801 comperite
840 2745 913 2790 atiud
925 2750 954 2790 est
982 2766 983 2781 ÷

154 2814 207 2849 este
215 2836 222 2861 ,
230 2803 302 2849 aueo
310 2807 463 2865 epremqooo
470 2812 522 2853 ort.-
533 2808 599 2865 quasi
612 2807 656 2852 boe
665 2808 717 2865 ipso
728 2806 843 2863 significet
852 2808 883 2854 id
892 2808 955 2866 puori

155 2870 189 2911 ort
201 2876 251 2909 uon
263 2865 357 2913 differre
366 2869 395 2914 ut
404 2883 431 2915 eo
441 2881 487 2928 prro
496 2872 559 2916 estin
570 2870 669 2930 diuinis,
682 2870 737 2927 quia
746 2880 794 2913 non
803 2877 842 2915 est
851 2882 896 2916 ens
905 2883 957 2916 eoru
982 2882 983 2915 r

156 2928 264 2986 positum
274 2928 307 2974 int
316 2942 359 2977 neo
370 2944 413 2978 eus
422 2934 599 2995 participatum,
608 2933 649 2980 sort
659 2945 706 2982 ereo
717 2942 759 2989 per
768 2944 793 2977 se
802 2934 913 2995 struptex,
923 2940 962 2980 etr
