1992 3342
300 265 332 311 lin
348 270 579 314 onmtsmnnmoltu:
793 265 836 319 881

81 343 205 402 cauum
213 352 263 411 est,
274 351 335 413 quod
352 351 436 402 dicitur
449 353 557 417 Ephesi
571 368 576 402 :
590 369 604 400 u
612 349 688 415 Elegit
697 365 739 404 nos
752 354 778 405 iu
788 355 840 420 ipso

59 423 99 470 uu
106 421 184 473 mundi
197 419 395 472 constitutionem.
407 439 421 469 u

80 492 363 553 (scamnum-*Omnes
382 492 395 542 i
416 495 464 544 Deo
484 494 639 558 predestinati
658 498 711 546 sunl
728 497 798 547 electi
815 503 840 550 ct

57 560 130 627 ducem
143 561 198 612 edm
213 562 383 626 predestinatio
399 564 551 628 electionem,
566 569 590 616 ct
602 567 683 617 electio
695 567 839 618 dilectionem

57 635 204 770 Quian
216 704 352 767 nonaum,
366 704 428 769 quon
441 704 613 770 uouentem
633 708 759 759 secunaum
771 710 840 760 uuo

55 787 96 825 nun
105 776 262 840 presuppouit
279 776 432 840 electionem,
447 782 471 827 et
490 778 573 828 electio
595 779 747 830 dilectionem.
769 781 841 845 Cujue

54 848 137 900 utioest
148 865 155 898 2
168 849 225 912 quia
237 847 456 912 predestinatiolut
474 849 560 899 dictum
575 848 625 912 cst)
643 855 680 900 est
695 863 748 914 pars
763 852 840 914 provi

52 918 124 970 dantia.
136 919 286 970 Prouidentia
299 923 391 982 aulem,
409 920 467 969 sicut
489 923 513 970 et
531 919 670 984 pmdeulla,
689 926 724 972 est
740 922 798 973 natio
814 923 838 972 in

53 988 153 1042 intellectu
163 991 267 1040 existens
280 989 417 1053 praceptiua
428 991 579 1041 ordinationis
588 992 715 1054 aliquorum
723 993 747 1042 iu
758 993 838 1058 finem,

52 1065 71 1107 ut
81 1063 139 1125 eupit
151 1062 241 1112 dictum
250 1061 295 1110 est.
309 1060 361 1110 Nun
380 1064 456 1110 nutem
474 1061 610 1124 precipitur
627 1063 712 1126 aliquid
732 1063 839 1114 ordinatu

51 1133 127 1183 lumin
143 1135 235 1195 tinem,
248 1131 295 1181 nisi
312 1131 472 1193 praeexistente
485 1131 602 1182 voluntate
616 1133 683 1196 fluis,
701 1135 763 1184 uude
781 1149 839 1198 prud

52 1204 152 1256 destimlio
163 1204 294 1267 aliquorm
306 1203 333 1251 in
345 1204 442 1252 sulutem
453 1207 577 1266 aternam,
591 1205 745 1268 pneouppoult
756 1219 838 1256 secum

50 1274 92 1323 dim
108 1277 220 1327 rationem
242 1273 303 1337 quon
325 1275 384 1323 licus
401 1272 490 1324 illorum
516 1274 573 1324 uelit
595 1275 700 1325 salutem.
724 1277 757 1326 lid
775 1280 836 1341 quod

50 1347 130 1403 induet
152 1346 240 1397 electio
256 1348 280 1394 et
303 1343 413 1394 dileetio:
435 1344 541 1394 dilectio
561 1345 672 1407 quidem,
688 1345 836 1408 inquantum

51 1416 86 1465 uult
101 1419 131 1469 eis
149 1420 197 1468 hoc
211 1417 299 1466 bouum
313 1414 393 1464 salutis
407 1417 497 1465 amunte
511 1432 517 1479 3
535 1429 588 1464 nam
607 1415 701 1478 diligere
720 1420 755 1466 est
778 1417 838 1466 uelle

48 1487 101 1536 uiuui
114 1491 212 1549 bonum,
226 1490 252 1536 ut
266 1485 336 1549 suunt
348 1485 433 1535 dictum
446 1490 481 1536 est
492 1487 545 1550 (qu.
563 1485 617 1549 tol:
638 1487 725 1536 electio
744 1489 836 1548 aulem,

50 1556 176 1620 inquantum
189 1561 234 1609 nuc
245 1558 332 1607 bouum
343 1556 455 1619 aliquibus
463 1571 510 1619 urae
523 1557 573 1606 eliis
586 1558 650 1619 vult,
663 1557 715 1607 cdm
729 1558 837 1620 quosdam

45 1632 149 1695 osuroiet,
162 1635 191 1681 ut
204 1628 272 1693 supet
285 1627 372 1677 dictum
381 1631 423 1677 est.
441 1628 528 1678 Electio
540 1633 618 1678 tamen
629 1632 652 1676 et
665 1628 756 1679 dilectio
771 1628 837 1678 aliter

47 1702 164 1753 ¹adunantur
178 1701 205 1750 in
218 1699 287 1749 uobis
309 1702 333 1748 et
353 1697 378 1748 iu
396 1699 444 1748 lieo
461 1714 467 1746 :
486 1697 514 1748 ed
533 1697 594 1761 quod
610 1698 635 1748 in
649 1699 714 1750 nolis
731 1699 838 1749 uoluntas

48 1772 147 1834 lugendo
163 1785 214 1823 non
231 1774 311 1821 causat
327 1770 431 1832 bonum,
444 1765 485 1820 sed
495 1783 525 1820 ex
537 1769 598 1821 bono
607 1771 767 1834 praeexistente
779 1771 838 1821 iuci-

44 1848 106 1893 ·unur
119 1847 150 1896 ad
168 1843 323 1906 diligendum,
337 1840 423 1891 etideo
444 1840 551 1903 eligimus
568 1841 682 1904 aliquem,
698 1855 768 1904 quem
785 1842 836 1892 dili·

45 1926 123 1978 camus,
136 1920 162 1967 et
178 1915 215 1966 sic
227 1913 312 1964 electio
329 1911 477 1962 dilectionem
493 1911 601 1974 precedit
618 1912 643 1960 iu
662 1913 740 1962 uobis:
752 1912 778 1960 in
791 1913 837 1962 lleo

43 1991 107 2036 uuum
118 1993 157 2038 est
170 1987 185 2037 e
198 1998 325 2046 couverso3
342 1997 396 2032 uam
408 1983 515 2032 uoluntas
532 1983 596 2045 ejus,
615 1996 660 2046 mua
678 1983 728 2032 vult
747 1983 835 2032 bunum

47 2057 99 2105 ueni
116 2057 244 2121 diligendo,
258 2059 295 2105 cst
310 2067 379 2104 causa
396 2052 458 2116 quod
470 2053 527 2102 illud
545 2054 630 2102 bonum
644 2052 674 2102 ab
688 2065 716 2102 eo
727 2065 774 2114 prae
787 2052 837 2103 eliis

50 2128 155 2193 cuneatum
174 2133 199 2179 et
216 2127 250 2193 ¹sic
266 2129 330 2189 petet
343 2125 405 2188 quod
421 2124 512 2174 dilectio
529 2123 712 2187 presuupponitur
727 2123 835 2174 electioni

41 2201 153 2250 mundium
176 2199 293 2250 rationem
311 2195 362 2261 (l),
387 2199 412 2245 ct
432 2196 517 2245 electio
542 2194 744 2258 predestinationi.
770 2197 835 2247 Unde

42 2285 108 2322 onnes
127 2269 289 2336 praededinati
301 2272 355 2318 sunt
367 2267 441 2316 electi
454 2271 477 2317 et
491 2265 592 2316 dilecti.

62 2346 93 2393 ,td
108 2346 212 2408 primum
225 2355 281 2405 ergo
293 2340 434 2402 dicendum,
449 2339 511 2402 quod
527 2339 546 2389 si
560 2337 716 2388 consideretur
733 2351 836 2390 commu·

41 2414 235 2466 *iuaioionitatis
247 2414 331 2464 divine
344 2412 369 2461 in
388 2411 519 2474 communi,
536 2411 620 2474 absque
638 2409 750 2460 electione
768 2412 835 2462 boni·

41 2495 98 2534 :tuum
112 2499 182 2538 suam
193 2483 366 2545 communicat,
380 2483 527 2544 inquantum
544 2481 630 2530 scilicet
649 2481 706 2530 nihil
725 2485 760 2532 est
774 2485 834 2546 quod

41 2567 74 2605 'uu
93 2555 220 2620 participet
236 2554 321 2618 aliquid
337 2555 366 2603 de
379 2553 481 2603 bonitate
495 2552 563 2615 ejus,
578 2555 603 2600 ut
621 2551 785 2614 supradictum
800 2557 835 2603 cet

50 2642 80 2689 uu.
101 2630 140 2694 6).
159 2628 209 2677 Sed
221 2626 243 2676 si
256 2625 411 2676 consideretur
425 2621 599 2674 communicatio
622 2621 688 2672 istius
712 2623 749 2672 vel
772 2622 834 2672 illius

62 2743 90 2803 lt,
101 2749 156 2792 Nou
176 2745 240 2801 quod
249 2743 312 2789 inter
320 2744 398 2800 plures
406 2740 503 2787 dilectos
516 2751 587 2786 unum
599 2740 668 2796 eligat
678 2753 725 2797 pree
736 2741 797 2796 alio,
810 2746 835 2784 et

44 2821 62 2844 w
78 2822 123 2854 non
140 2819 230 2854 onnes
249 2819 309 2863 quos
322 2805 396 2863 diligit
412 2805 494 2861 eligatc
511 2804 572 2848 sicut
586 2802 659 2858 gratie
677 2802 834 2859 praesupponit

41 2875 150 2928 tenuram,
171 2875 264 2914 elnon
282 2868 391 2912 omnibus
410 2867 549 2912 habentibus
567 2869 672 2909 naturam
687 2866 752 2910 detur
767 2881 773 2908 ι
791 2863 833 2909 eed

41 2933 85 2985 uod
98 2935 208 2980 illosmet
219 2938 279 2987 quos
292 2930 368 2988 eligit,
383 2928 447 2985 pride
460 2927 539 2984 diligat
551 2926 654 2987 ratione,
668 2927 773 2983 quamuis
787 2925 832 2968 niel

42 2996 112 3041 lectos
123 3007 176 3041 nou
192 2993 272 3051 diliget
281 2993 311 3039 ad
322 3004 415 3038 wueum
426 2988 465 3036 hic
480 2991 603 3036 intentum,
