1992 3342
328 229 360 265 mr
373 229 535 268 ruovtnsrtrrt
552 231 600 267 nst.
820 223 864 269 ttl't

70 309 132 370 ture3
146 305 188 356 sed
199 304 272 354 utitur
284 303 310 354 in
322 304 427 368 operibus
439 306 494 356 artis
511 309 534 356 et
546 305 636 356 rirtutis
642 343 651 369 ,
666 307 694 356 ad
708 319 775 356 suum
788 321 866 371 usum,

72 378 127 428 rebus
141 376 293 426 naturalibus.
308 376 373 427 llnde
385 376 529 439 prouidentia
547 379 646 427 bumana
662 391 709 428 non
722 391 746 428 se
764 379 867 428 extendit

73 447 232 498 rdnecessaria
250 460 301 510 qum
321 461 349 497 ex
367 451 448 497 natura
468 447 620 512 proueniunt,
638 451 666 499 ad
685 462 736 512 qum
751 453 827 498 tamen
841 463 866 500 se

70 519 163 568 extendit
176 517 323 581 prouidentia
340 520 395 581 bei,
415 518 455 582 qui
475 522 510 568 esl
528 520 609 568 author
625 523 719 569 naturae.
735 521 762 568 Et
779 533 807 569 ex
824 521 867 570 bac

71 591 148 641 rationc
171 590 281 640 ridentur
297 591 354 641 moti
371 590 456 652 inisse,
476 591 515 653 qui
533 603 623 642 cursum
638 605 713 641 rerum
730 591 868 640 naturalium

71 657 223 712 dormierunt
242 661 326 712 dirinae
348 662 512 725 providentiae,
532 662 682 712 attribuentes
698 662 772 725 ipsum
787 675 866 713 neces·

72 733 122 782 titali
132 732 252 795 materiae,
266 736 292 782 ut
302 733 442 783 Democritus
459 737 483 782 et
498 733 537 782 alii
550 735 669 784 Naturales
680 733 787 799 antiqui(
807 733 825 798 ).

97 805 126 854 td
142 809 252 867 quarttrm
264 803 399 867 dicendum,
411 803 472 867 qudd
485 804 510 854 iu
522 805 566 854 boc
579 805 640 866 quod
653 805 752 854 dicitur:
770 823 783 852 a
795 807 867 856 ileum

67 869 178 924 bominem
192 874 237 924 sibi
250 874 383 938 reliquisse,
395 891 409 922 »
421 888 467 924 nou
477 874 603 925 excluditur
617 876 684 925 bomo
697 875 710 925 i
723 874 800 926 diviua
813 888 867 939 pro·

68 945 177 1009 ridentia,
197 947 239 996 sed
251 946 379 996 ostenditur
398 945 459 1010 quod
471 960 518 996 non
532 945 655 1009 prefigitur
666 946 688 996 ei
699 947 773 997 uirtus
786 961 866 1011 opera-

69 1015 108 1066 tiva
127 1018 283 1069 determinata
306 1018 336 1066 ud
357 1031 442 1082 unum,
465 1018 525 1068 sicut
547 1017 614 1068 rebus
637 1017 790 1082 naturalibus,
814 1031 866 1081 qum

64 1094 153 1147 agimtur
165 1088 261 1139 tantum
273 1088 341 1152 quasi
358 1090 387 1138 ab
400 1090 472 1140 altero
482 1089 576 1139 directa
592 1087 617 1136 in
630 1088 714 1152 tinem,
729 1102 776 1141 non
789 1093 866 1140 autem

67 1158 131 1220 seipsa
142 1164 234 1223 egunt,
245 1159 348 1222 quasise
359 1157 479 1222 dirigentis
491 1161 518 1208 iu
531 1161 599 1208 tinem
606 1195 614 1221 ‚
627 1163 652 1208 ut
671 1165 780 1210 creatura
796 1161 866 1211 ratio·

64 1230 121 1279 nales
131 1245 174 1294 per
189 1231 288 1281 liberum
304 1229 431 1294 arbitrium,
443 1245 489 1295 quo
499 1231 648 1281 consiliantur
659 1234 682 1279 et
691 1229 786 1292 eligunt.
801 1232 865 1281 Unde

63 1299 175 1360 signanter
192 1301 267 1350 dicit:
284 1319 298 1348 o
308 1301 337 1349 ln
347 1315 417 1351 manu
430 1302 520 1352 consilii
533 1302 577 1352 sui.
591 1318 606 1348 u
619 1302 663 1351 Sed
677 1301 729 1365 quia
743 1301 791 1364 ipse
803 1305 867 1353 actus

64 1368 122 1419 liberi
132 1372 225 1422 arbitrii
236 1371 351 1421 reducitur
369 1372 394 1421 in
413 1375 485 1423 Deum
501 1372 560 1423 sicut
571 1373 596 1422 iu
609 1385 714 1434 causam,
727 1377 867 1426 necessest

62 1444 83 1487 ut
93 1456 118 1492 ea
131 1457 185 1507 quae
207 1456 239 1492 ex
254 1443 327 1492 bbere
342 1443 435 1494 arbitrio
457 1444 528 1507 fiunt,
548 1445 631 1494 mune
649 1443 796 1507 prouidentiae
813 1445 868 1494 sub·

62 1512 154 1578 dautur;
174 1515 324 1579 prouidentia
340 1515 402 1565 enim
413 1515 514 1566 bominis
526 1516 656 1566 continetur
667 1516 708 1566 sub
724 1515 869 1579 providentia

62 1583 110 1647 ilci,
129 1587 190 1637 sicut
209 1599 279 1636 causa
299 1587 440 1649 pardcutarts
455 1587 498 1637 sub
515 1601 583 1638 causa
597 1585 729 1637 uniuersali.
745 1586 867 1637 Hominum

59 1661 133 1706 aulem
141 1659 261 1722 justorum
278 1657 376 1720 quodum
386 1657 542 1708 excellentiori
555 1658 621 1708 modo
637 1659 696 1709 lleus
709 1658 778 1708 babet
790 1657 866 1720 provi·

59 1726 157 1778 dentiam
176 1728 249 1792 quim
268 1728 406 1791 impiomm‚
421 1727 447 1777 iu
468 1732 578 1792 quantum
592 1743 638 1779 uon
658 1729 770 1793 permittit
787 1732 867 1778 contra

57 1809 93 1847 eos
104 1801 204 1851 evenire
219 1798 309 1862 ahquid
329 1799 390 1861 quod
406 1799 504 1848 dualiter
526 1797 637 1862 impediat
654 1801 751 1850 salutem
770 1812 866 1862 eorunm

56 1881 107 1918 nam
121 1889 138 1920 «
157 1869 312 1933 diligentibus
324 1869 397 1918 ileum
410 1870 486 1919 omnin
499 1873 650 1934 cooperantur
663 1870 687 1918 in
700 1871 785 1919 bouum
792 1906 800 1932 ,
812 1886 827 1915 r>
841 1873 868 1919 ut

56 1939 136 1990 dicitur
149 1944 237 2004 Rom„
252 1940 373 1989 vnisse
388 1953 417 1990 ex
429 1941 473 1989 boc
485 1940 537 2002 ipso
546 1939 605 2003 qubd
615 1939 698 2004 impios
712 1954 757 1990 uon
772 1941 868 1990 retrahit

51 2009 132 2062 imalo
142 2013 223 2075 culpe
229 2048 238 2074 ,
253 2010 336 2061 dieitur
350 2024 390 2061 eos
400 2010 528 2074 dimittere,
541 2024 586 2061 non
599 2015 677 2062 lamen
689 2011 722 2060 itu
735 2008 795 2074 qubd
808 2014 867 2062 tota-

53 2082 101 2130 liter
121 2085 154 2134 ab
179 2083 234 2146 ejus
251 2081 396 2145 prouidentia
416 2082 580 2146 meludunum
601 2081 702 2145 alioquin
722 2082 747 2130 in
770 2080 868 2133 nibilum

53 2153 201 2216 deciderent,
218 2153 265 2202 nisi
278 2167 320 2215 per
335 2153 387 2216 ejus
403 2153 570 2216 prouidentiam
583 2156 781 2204 conservarentur.
796 2153 824 2202 Et
838 2165 867 2204 ex

51 2230 91 2273 trac
104 2225 205 2276 ratione
220 2223 316 2273 videtur
331 2226 406 2273 motus
416 2222 486 2273 tuisse
496 2223 596 2285 Tullius,
615 2221 655 2286 qui
667 2235 704 2272 res
714 2224 827 2274 humanas
839 2223 867 2274 de

50 2296 133 2355 quibus
146 2294 321 2356 musiliamur,
339 2293 423 2344 divium
437 2294 587 2356 providentiae
606 2292 727 2344 subtrabit.

77 2366 113 2416 td
125 2366 243 2430 qrrinturu
255 2365 391 2427 dicendum,
401 2364 462 2429 qubd
474 2365 529 2428 quia
543 2369 647 2415 creatura
661 2364 777 2415 rationalis
794 2365 865 2416 babel

48 2450 87 2495 per
105 2437 216 2486 liberum
235 2433 357 2484 arbitrium
375 2433 501 2484 dominium
524 2433 560 2483 sui
580 2433 661 2496 actis,
685 2438 711 2484 ut
731 2434 869 2486 dictumest

51 2508 98 2569 'qu
114 2512 166 2571 ttl,
189 2508 236 2554 art.
256 2504 312 2568 ta),
337 2504 431 2568 speciali
451 2505 549 2568 quodam
571 2505 638 2556 modo
660 2503 762 2555 subditur
783 2505 867 2558 dmum

78 2626 111 2685 (tl
128 2626 250 2672 insinuat
264 2625 294 2668 ab
305 2622 351 2667 illis
361 2623 447 2669 dietum
460 2634 512 2668 esse
532 2623 671 2671 Aristoteles
682 2624 723 2670 lib.
737 2626 757 2682 t,
769 2625 798 2672 de
808 2637 870 2686 poa·-
955 2653 957 2656 -

48 2697 110 2742 titas
118 2694 297 2742 animalium,
307 2705 359 2750 erp.
371 2694 394 2751 t,
407 2694 448 2738 ubi
460 2695 528 2740 valde
543 2693 625 2740 stolida
640 2683 703 2753 (λίαν
718 2685 816 2756 ἁπλῶς)
832 2697 869 2740 vet

47 2759 123 2806 crassi
138 2755 256 2815 quadarn
268 2756 354 2812 ingenii
369 2757 516 2812 simplicitate
527 2757 612 2800 dictum
622 2756 645 2800 id
656 2769 708 2802 esse
717 2757 792 2810 addit;
802 2757 869 2813 quusi

48 2823 113 2867 taber
127 2823 163 2866 de
179 2829 260 2864 manu
275 2817 386 2862 uncinoli
404 2819 453 2864 sire
467 2816 544 2876 lignei
560 2819 709 2878 loqueretur,
724 2824 748 2865 ot
762 2821 812 2875 elus
824 2819 870 2864 tor-

48 2896 107 2927 mum
118 2880 237 2929 namratt
249 2878 368 2924 dumtaxat
379 2881 434 2939 ligni
451 2881 596 2938 dispositioni
610 2893 656 2925 non
669 2883 740 2928 etiam
753 2881 810 2926 ictui
824 2890 868 2924 suo

48 2949 81 2992 rel
94 2960 146 2994 sure
163 2942 220 2991 arti
235 2941 356 2987 tribueret.
