1992 3342
250 222 282 259 un
297 221 407 261 meost
423 222 528 262 semime
546 226 638 265 senem.
795 222 841 269 525

52 299 122 348 «lion
135 302 169 348 cst
186 297 315 348 cudendum
328 299 405 351 dicere
419 300 503 366 nliomd
516 302 544 353 de
556 298 697 357 susbstantiuli
707 304 840 372 diuinitate,

50 374 127 432 preter
134 382 161 420 ee
168 384 219 434 que
229 369 338 421 diuinitus
346 372 412 423 notis
422 386 451 423 cx
459 373 529 423 sacris
537 374 632 440 eloquiis
641 380 694 427 sunt
703 390 819 442 expressa.
825 396 839 427 »

49 442 125 493 Sedis
138 442 253 507 Scriptura
261 457 324 494 sucre
337 459 384 495 non
397 447 532 510 exprimitur
543 446 602 511 qudd
615 448 714 513 Spiritus
727 454 818 503 sauctus
829 451 842 503 l

48 513 102 565 lilio
114 516 236 579 procudat,
249 516 291 566 sed
310 516 383 567 solim
400 517 461 582 qudd
477 518 586 582 procedat
603 518 616 569 d
633 522 716 586 Putre3
735 528 762 574 ut
780 526 843 589 patet

47 588 117 635 loon.
131 588 186 637 llll:
203 605 218 635 u
229 587 340 652 Spiritum
350 589 455 640 recitatis
465 591 504 655 quii
518 588 532 640 l
546 591 611 641 Putre
628 594 739 656 procedit.
754 612 768 642 u
784 596 843 659 Ergo

46 657 143 722 Spiritus
155 662 248 710 sanctus
259 672 306 709 non
321 661 424 725 procedit
437 661 451 711 t
462 662 528 711 lilio.

77 735 100 779 2.
111 730 232 794 Preteren,
242 730 267 779 in
275 732 381 796 Symbolo
395 733 649 798 constantinopolitam
665 736 750 802 Synodi
763 736 797 788 sic
810 742 844 790 lc-

45 803 105 866 gitur
120 819 127 852 :
142 821 157 850 c
166 804 285 855 Credimus
301 806 327 855 in
343 806 454 870 Spiritum
467 810 572 857 sanctum
590 808 711 859 Dominum
729 813 753 859 et
768 810 844 861 rivill-

45 878 149 938 mntem,
160 888 190 925 cx
199 878 268 926 l'ntrc
276 871 450 941 procedentem,
459 892 512 928 cum
523 880 590 928 Putre
603 883 626 930 ct
636 880 694 930 Filio
704 881 844 931 adorandum
917 876 921 883 ’

44 951 67 995 et
81 944 262 1009 glorificandum.
277 964 292 995 u
309 948 376 998 Nullo
388 948 459 1011 igitur
469 950 536 999 modo
547 950 624 999 debuit
635 950 688 1000 eddi
697 948 722 999 in
735 950 843 1015 Symbolo

44 1022 134 1082 noeto,
148 1018 210 1083 quod
223 1020 321 1084 Spiritus
334 1024 426 1071 surmus
441 1023 550 1085 procedet
565 1021 659 1087 tillim
677 1022 718 1073 sed
738 1023 844 1073 uidentur

43 1104 94 1141 esse
103 1091 256 1142 anathematis
267 1092 300 1142 rei
307 1130 315 1157 ,
329 1094 370 1157 qui
382 1093 427 1143 troc
437 1094 581 1144 addiderunt.

75 1167 99 1213 3.
114 1164 225 1213 Praeterea
233 1201 242 1227 ‚
255 1165 407 1215 Banmscemrs
419 1164 477 1228 (lit.
492 1166 502 1213 l
520 1165 552 1215 de
565 1165 629 1215 Fide
639 1164 716 1221 ortt„
731 1178 781 1229 cup.
798 1164 845 1231 tl)

43 1234 98 1284 dicit
111 1250 117 1284 :
133 1234 270 1298 «Spiritum
282 1240 388 1286 sunctum
400 1250 430 1286 ex
442 1237 509 1287 Putre
520 1237 628 1299 dicimus,
643 1240 666 1287 et
682 1236 787 1303 spiritum
800 1238 845 1286 Pa-

42 1306 84 1357 tris
92 1306 253 1370 nominamus3
263 1306 357 1357 exi'rlio
368 1311 444 1357 eutem
454 1308 564 1372 Spiritum
574 1311 677 1359 sunctum
687 1306 845 1373 condicimus,

41 1378 147 1442 spiritum
163 1378 221 1429 sert
236 1379 288 1429 Filii
303 1379 455 1430 nominamus.
476 1396 490 1426 u
508 1382 567 1443 Ergo
580 1380 678 1445 Spiritus
693 1382 786 1430 sanctus
799 1393 846 1429 nou

41 1452 144 1513 procedit
159 1451 175 1501 d
189 1451 257 1501 illio,

75 1527 97 1573 t.
111 1524 243 1587 Praeterea,
256 1521 314 1573 uitii
322 1523 424 1587 procedit
434 1524 463 1574 etr
474 1536 517 1587 eo,
527 1524 552 1573 in
565 1536 611 1587 quo
620 1523 729 1588 quiescit;
741 1524 781 1575 sed
794 1522 846 1589 Spi-

42 1596 99 1645 ritus
117 1598 214 1648 scnctus
230 1593 328 1659 quiescit
340 1594 365 1644 in
377 1595 442 1647 lilio.
458 1596 544 1646 iticitur
560 1596 622 1647 enim
635 1597 659 1646 in
672 1596 772 1661 legende
784 1596 848 1648 teeti

42 1669 139 1719 lndrcae
152 1683 159 1717 z
171 1684 187 1716 u
195 1668 245 1716 Pax
257 1667 331 1731 uoltis
341 1671 366 1717 ct
377 1667 490 1718 uniuersis
501 1666 541 1733 qul
554 1669 650 1719 credunt
662 1668 688 1717 in
696 1682 767 1718 unum
775 1668 847 1717 licum

41 1745 141 1807 Patrem,
153 1747 178 1793 ct
186 1756 260 1793 unum
271 1741 352 1792 lilium
361 1743 412 1807 ejus
423 1742 517 1793 unicum
526 1743 647 1794 ltomiuum
656 1747 758 1793 nostrum
770 1742 847 1793 lesum

40 1816 175 1879 Clusiuium,
187 1814 246 1865 etin
255 1827 327 1864 unum
338 1814 448 1878 Spiritum
461 1818 565 1865 sanctum
583 1815 744 1879 procedentem
759 1824 788 1864 ex
804 1814 847 1863 Pa·

40 1890 89 1950 tre,
102 1886 129 1937 iu
142 1886 203 1937 Filio
216 1890 397 1950 permanentem.
411 1902 425 1932 n
438 1886 501 1951 mue
512 1886 610 1950 Spiritus
623 1890 716 1938 sanctus
733 1888 780 1935 riou
794 1898 847 1949 pro·

40 1960 101 2010 cedit
113 1958 127 2009 l
140 1958 209 2009 mtto.

71 2037 95 2081 t.
111 2033 247 2094 preterca,
260 2028 332 2080 lilius
342 2030 444 2094 procedit
455 2035 481 2080 ut
491 2030 597 2081 uerbum.
609 2030 652 2080 Sed
664 2028 756 2094 spiritus
767 2030 847 2078 noster

40 2104 64 2153 in
80 2104 147 2155 uotis
160 2114 209 2153 non
222 2103 444 2168 videtnrprocedere
461 2103 555 2153 everto
565 2106 661 2153 nostro:
678 2111 733 2165 ergo
746 2098 846 2165 Spiritus

41 2180 138 2227 sanctus
147 2188 196 2226 nou
205 2174 310 2239 procedit
322 2174 411 2225 tFilioz

71 2254 93 2299 6.
115 2246 360 2311 presumendum
376 2250 468 2297 sanctus
483 2244 584 2310 perlecti
605 2244 708 2310 procedit
724 2244 737 2295 d
751 2244 819 2296 Patre
843 2258 849 2293 ι

41 2331 95 2383 ergo
111 2321 256 2385 superfluum
267 2322 304 2369 est
316 2319 391 2369 dicere
403 2317 464 2382 quod
477 2318 580 2383 procedit
591 2316 604 2367 d
617 2317 683 2368 liiiio.

74 2396 96 2443 t.
112 2394 239 2454 Preteree,
247 2390 271 2439 in
284 2390 401 2454 perpetuis
412 2402 458 2440 non
469 2389 577 2439 dillerunt
592 2404 643 2439 esse
655 2392 679 2439 et
688 2400 769 2453 posse,
777 2389 804 2435 nt
814 2384 850 2437 di·

41 2458 99 2514 cltur
113 2465 139 2513 in
152 2463 195 2513 ill.
206 2462 304 2525 Physic.
317 2464 385 2525 (text.
397 2459 446 2524 32),
460 2464 484 2510 et
494 2460 565 2511 multd
578 2460 653 2510 minis
664 2458 689 2509 in
702 2458 849 2509 dismissed

41 2532 142 2599 Spiritus
158 2538 253 2586 summus
270 2537 345 2597 potest
365 2532 475 2595 dndngui
490 2531 504 2581 t
517 2531 590 2596 liiiio,
605 2531 694 2582 etiamsi
711 2530 739 2581 alr
758 2542 785 2581 co
801 2542 848 2580 nou

41 2609 160 2671 procedat.
175 2605 236 2657 uicit
246 2606 308 2655 enim
322 2605 450 2666 dussimus,
461 2604 486 2653 in
499 2604 538 2655 lib.
550 2604 582 2653 de
598 2604 753 2653 Processione
765 2603 849 2665 Spiri-

43 2685 86 2729 tos
96 2681 185 2731 suncti
198 2678 266 2745 (cup.
279 2677 329 2742 tl:
346 2694 361 2725 u
371 2677 460 2726 liabent
474 2675 554 2740 utique
568 2674 582 2725 l
595 2678 662 2725 Patre
674 2686 724 2726 esse
742 2673 811 2725 iilius
824 2676 847 2723 et

42 2750 144 2816 Spiritus
156 2756 253 2803 emotus
261 2788 270 2814 ,
283 2750 324 2801 sed
343 2749 433 2800 disemo
450 2750 518 2799 modo
539 2765 544 2797 z
560 2748 613 2811 quin
627 2748 684 2799 ulter
703 2747 815 2798 nesocndo
827 2751 850 2797 et

43 2907 71 2952 de
85 2914 189 2966 potent,
204 2913 250 2953 ert.
264 2904 293 2960 ἧς
306 2912 330 2951 ct
345 2906 433 2964 Opere.
448 2904 462 2949 1
477 2917 499 2951 c.
515 2902 554 2963 te,
566 2900 605 2963 50,
621 2902 665 2957 51;
681 2910 704 2948 et
720 2904 808 2961 Opsecr.
823 2904 847 2959 3,

44 2983 97 3028 esp.
114 2972 160 3025 ttc
176 2977 200 3017 et
214 2971 286 3016 toret.
299 2969 382 3020 Geel„
397 2969 440 3015 tiu.
454 2970 501 3027 iv,
516 2979 568 3025 cup.
583 2966 613 3012 tt
627 2972 651 3011 et
664 2965 704 3011 St.
