1992 3342
140 213 184 259 loa
331 222 390 257 rsus
407 222 429 269 ι,
446 220 537 264 ounsr.
554 220 608 268 mur,
627 220 680 257 aar.
700 222 740 257 vri.

138 298 243 347 similiter
256 298 379 345 dextrum
394 308 440 345 non
453 296 537 345 dieitur
550 297 578 346 de
593 296 711 360 columna,
727 296 770 347 nisi
781 298 805 345 iu
827 300 935 360 quantum

140 369 232 431 ponitur
242 366 336 417 animali
351 367 380 417 ad
394 368 508 417 dextram.
527 368 590 417 Unde
604 367 734 430 hujusmodi
748 368 831 417 relatio
841 382 887 417 nou
905 374 937 418 est

143 440 231 489 realiter
243 438 268 486 in
282 437 402 499 columna,
418 439 457 488 sed
472 439 497 490 in
510 438 610 489 animali.

170 509 226 559 Cium
234 510 305 572 igitur
312 510 372 559 neus
382 511 483 561 sitextra
491 514 565 560 totum
574 510 677 560 ordinem
689 512 813 572 ereatura,
827 514 851 559 et
861 524 939 559 omnes

138 585 249 631 ereatura
263 581 396 630 ordinentur
413 582 544 645 adipsum,
561 585 584 630 ot
597 592 643 631 non
656 579 669 629 d
684 592 794 630 conuerso
810 596 815 628 :
831 581 939 630 manifes-

139 655 189 700 tum
201 656 236 701 est
251 651 312 716 qudd
328 656 436 702 ereatura
456 653 548 703 realiter
562 653 693 703 referuntur
709 652 737 700 ad
754 651 830 714 ipsum
844 654 938 710 Deum3

138 724 214 773 sedin
227 726 278 775 Deo
288 738 335 777 non
347 728 382 774 est
393 724 467 787 aliqua
479 724 547 775 realis
558 723 637 775 relatio
652 724 704 787 ojus
718 724 746 772 ad
757 726 890 787 creaturas,
903 725 938 773 sed

139 798 266 847 seeundum
278 796 390 847 rationem
402 796 504 858 tantdm,
519 796 544 845 in
560 798 669 858 quantum
688 797 797 844 ereatura
811 794 941 844 reseruntur

140 867 170 915 ad
181 866 264 929 ipsum.
277 870 305 917 nt
318 869 351 917 sio
362 867 419 917 nibil
428 867 534 931 probibet
543 866 675 930 hujusmodi
688 865 781 917 nomina
795 865 942 929 importantia

141 938 275 989 relationem
293 940 321 989 ad
341 943 466 989 ereaturam
482 938 602 1001 predicari
617 938 645 987 do
659 939 706 987 beo
719 951 748 986 ex
760 940 882 1000 tempore,
897 952 941 988 uon

142 1013 234 1072 propter
246 1010 344 1074 aliquam
354 1008 503 1059 mutationem
516 1008 602 1071 ipsius,
617 1009 657 1058 sed
667 1011 760 1072 propter
771 1012 881 1058 creaturae
895 1024 942 1059 mu-

141 1080 267 1143 tationem,
281 1080 339 1130 sicnt
355 1081 460 1131 columna
473 1080 505 1130 sit
523 1080 601 1130 dextra
615 1079 723 1142 animali,
740 1079 803 1128 nulla
817 1081 943 1130 mutatione
978 1144 979 1167 i

141 1151 201 1201 eirea
214 1152 288 1215 ipsam
299 1151 424 1214 existente,
438 1152 478 1202 sed
492 1151 585 1201 animati
597 1151 715 1201 translato.

174 1223 207 1272 ad
230 1222 327 1285 primum
345 1236 399 1285 ergo
417 1221 553 1284 dicendum,
572 1220 631 1285 qubd
651 1221 744 1272 relatiua
761 1221 866 1285 quadam
893 1228 943 1273 suunt
978 1238 979 1241 ¹

141 1293 248 1356 imposita
261 1294 289 1342 ad
303 1293 475 1356 significandum
487 1292 550 1355 ipsas
565 1292 710 1342 habitudines
723 1293 844 1355 relativas,
860 1297 887 1343 ut
904 1298 944 1343 do·
978 1288 979 1351 ξ

143 1366 227 1414 orions
248 1369 272 1415 et
289 1379 390 1421 servor,
413 1370 489 1429 poter
509 1367 532 1413 et
551 1365 621 1428 fitius
641 1368 664 1414 et
683 1364 827 1427 hujusmodi,
849 1369 875 1415 et
898 1368 945 1415 bae
978 1372 979 1435 g

142 1437 248 1488 dicuntur
263 1437 358 1487 relatiua
373 1436 498 1487 seeundum
514 1450 572 1486 esse.
586 1436 693 1495 Quadam
704 1434 759 1485 verb
773 1439 827 1486 sunt
838 1432 945 1499 imposita
978 1438 979 1473 ἒ

143 1510 172 1558 ad
185 1509 343 1571 significandas
359 1522 395 1558 res
414 1522 470 1571 quas
487 1511 656 1571 consequuntur
668 1508 770 1569 quaedam
784 1506 945 1570 habitudines,

142 1580 200 1629 sieut
215 1594 316 1630 moveos
331 1582 355 1627 et
370 1588 481 1635 motum,
494 1586 568 1640 eaput
585 1583 610 1628 et
622 1580 761 1641 capitatum
774 1582 798 1627 et
809 1578 853 1627 alia
865 1580 946 1642 bujus-

144 1651 217 1710 modi3
234 1664 286 1712 quae
299 1650 403 1699 dicuntur
413 1649 509 1698 relativa
520 1650 643 1699 seeundum
651 1649 711 1697 diei.
722 1649 759 1697 Sio
766 1648 837 1710 igitur
847 1653 873 1697 et
886 1650 947 1699 eirca

143 1720 236 1769 uomina
245 1719 380 1769 divinabat
390 1718 519 1768 differentia
529 1723 563 1769 est
576 1720 739 1769 consideranda
747 1720 875 1783 dupliciter.
889 1722 947 1771 Nam

144 1792 249 1853 quedam
262 1790 390 1853 significant
403 1789 476 1851 ipsam
489 1790 645 1840 habitudinem
659 1792 687 1840 ad
701 1794 843 1853 ereaturam,
854 1795 884 1842 ut
899 1794 947 1841 Do

144 1865 243 1918 mione,¹
263 1864 288 1911 et
306 1860 436 1925 hujusmodi
453 1874 500 1910 non
521 1862 650 1924 signifioant
670 1862 819 1912 substantiam
844 1862 948 1913 diuinam
978 1856 979 1913 3

145 1931 238 1996 direnti,
247 1934 288 1983 sed
297 1931 422 1995 indireetb,
436 1932 462 1980 in
476 1936 587 1997 qnantum
599 1936 778 1995 praesupponunt
788 1932 879 1997 ipsam,
891 1935 949 1984 siem
978 1936 979 1997 t

144 2004 269 2055 dominium
279 2003 435 2069 praesupponit
446 2006 596 2067 potestatem,
611 2007 708 2066 quaeest
721 2002 798 2053 divium
807 2004 948 2055 substantia⁴
978 2004 979 2069 l

147 2077 254 2134 Quadam
273 2076 329 2127 verb
350 2075 481 2138 significant
498 2074 583 2125 directi
601 2074 722 2125 essentiam
742 2074 860 2138 divinam,
879 2082 904 2127 et
924 2092 950 2127 ex
978 2072 979 2135 l

145 2148 295 2210 consequenti
307 2148 431 2211 important
442 2146 612 2209 habitudinem3
624 2145 682 2195 sieut
690 2146 822 2201 Salvator,
838 2148 951 2199 Creator

143 2221 168 2266 et
176 2217 622 2281 hujusmodisignificantaotionemllei,
632 2219 723 2280 quaest
733 2216 897 2279 ejusessentia
907 2219 950 2285 (t)¹

180 2360 211 2421 (1)
226 2365 282 2415 Quia
299 2376 382 2420 nempe
398 2365 459 2410 aetio
476 2365 518 2409 Dei
537 2363 656 2409 entitntiud
672 2368 775 2420 sumpto,
792 2368 818 2408 ut
838 2372 877 2411 est
891 2367 953 2412 idem

146 2436 200 2468 eum
217 2427 318 2470 essentia
334 2426 388 2482 Ilei,
408 2426 470 2483 priris
485 2427 619 2483 intelligitur
639 2426 707 2482 qudm
724 2430 749 2470 ut
770 2426 799 2470 nd
818 2433 955 2474 ereatarrrm

146 2486 269 2533 terminata
286 2494 310 2531 et
330 2489 363 2532 sio
380 2489 538 2535 habitudinem
560 2490 649 2534 babens
670 2489 698 2533 ad
720 2492 865 2534 ereaturam
887 2492 955 2537 Unde

151 2547 250 2594 Creator
268 2554 293 2595 et
311 2549 423 2595 Solootor
442 2552 517 2607 primo
535 2553 661 2607 important
682 2550 807 2594 essentiam
826 2563 885 2596 oum
911 2566 956 2610 qua
978 2606 979 2609 Ἴ

148 2611 291 2655 identitatem
310 2613 381 2656 babet
396 2614 481 2657 entitas
494 2614 608 2670 aetionis,
622 2613 759 2657 relationem
772 2616 854 2657 autem
870 2628 958 2661 conse·
978 2613 979 2633 ¹

148 2679 255 2727 quantor.
270 2675 313 2719 Sed
325 2686 372 2719 non
383 2676 418 2719 sio
433 2676 461 2719 do
477 2676 573 2719 denotor·
585 2676 686 2731 nomine,
702 2674 763 2729 quod
773 2674 899 2729 signifieat
912 2678 958 2722 tor·
978 2702 979 2705 =

147 2736 239 2780 maliter
250 2736 364 2792 quandam
377 2738 513 2781 relationem
524 2737 552 2781 ad
563 2738 691 2794 subditum,
705 2742 728 2781 et
742 2742 872 2791 propterea
891 2752 961 2787 ereo·
978 2776 979 2787 t

148 2799 223 2841 turam
235 2799 283 2852 jam
297 2800 433 2843 existentem
446 2800 614 2855 praesupponit,
635 2810 686 2855 qum
706 2798 807 2843 dominio
829 2804 962 2848 actualiter
978 2814 979 2827 ³

149 2860 180 2902 eit
192 2861 306 2916 subjecta.
319 2861 382 2906 Unde
396 2874 443 2905 nou
456 2873 497 2917 per
511 2872 535 2904 se
547 2862 621 2917 primd
633 2862 756 2905 essentiam
768 2860 904 2923 importat,
918 2868 963 2909 nisi
978 2896 979 2903 ἶ

124 2952 129 2957 .
151 2922 275 2980 accipiatur
284 2924 409 2967 dominium
419 2936 460 2979 pro
468 2929 583 2979 potestate
593 2922 765 2979 fundamentali,
777 2930 882 2977 propter
890 2940 965 2984 quam
