1992 3342
368 202 400 237 DE
415 202 456 238 nni
471 200 582 239 manse.
827 194 871 242 141

92 280 139 329 Sed
153 282 237 329 centra
250 279 285 326 est
298 276 359 339 qued
372 276 428 326 didit
447 277 574 327 Bernandus
592 275 635 339 (1),
648 274 709 339 quta
723 276 783 327 inter
797 280 874 331 omnia

62 366 111 415 quae
123 362 199 399 unum
211 347 328 408 dicuntur,
341 359 417 395 meum
430 350 504 395 tentet
512 346 587 395 unitas
601 345 685 396 diuinae
700 346 826 399 minitans.

92 423 258 487 (concussio.
273 444 305 454 -
317 418 379 466 Deus
391 416 444 465 edm
461 417 491 467 sit
505 416 602 467 maxime
614 430 656 467 ens
670 421 693 467 et
707 418 805 469 maxime
815 420 876 471 iudi-

63 492 140 553 visus,
151 494 187 539 est
200 489 272 537 etiam
285 486 388 537 masimd
399 487 486 551 unns.)

95 561 234 623 despondeo
252 558 390 620 dicendum,
405 556 467 621 qudd
485 558 538 607 edm
556 571 626 607 unum
642 558 671 608 sit
684 570 726 609 ens
737 559 875 625 indivisum,

67 632 98 681 ad
110 633 154 680 hoe
168 631 227 693 qnod
239 629 327 693 aliquid
340 629 371 678 sit
387 628 485 679 mamete
504 642 593 690 unum,
612 633 701 691 oportet
721 630 781 693 qudd
801 632 831 681 sit
854 635 878 682 et

68 700 221 751 inexistens
236 705 261 749 et
279 698 381 749 maxime
391 699 523 749 indivisum.
540 702 663 763 Utrumque
677 700 754 749 autem
767 703 878 765 competit

67 775 124 822 Dee.
142 772 181 821 Est
196 772 258 821 enim
271 770 373 821 maxime
389 785 431 821 ens
438 808 446 833 ‚
462 771 487 822 in
501 774 611 834 quantum
621 774 657 821 est
667 785 713 821 nnn
732 773 820 823 habens
835 774 879 823 ali-

66 844 128 907 quod
145 856 195 893 esse
210 842 391 901 determinatum
409 856 450 905 per
463 841 562 906 utiquam
575 846 692 904 naturam,
707 842 744 891 eui
755 842 877 906 adveniat,

65 916 106 965 sed
120 919 157 965 est
172 913 249 976 ipsum
262 926 313 963 esse
327 913 454 963 subsistens
461 913 568 964 omnihus
578 913 650 963 modis
664 912 875 963 indeterminatum.

65 988 106 1036 Est
123 988 202 1035 antem
220 983 319 1033 maxime
340 983 464 1034 indivisum
470 1021 479 1046 ,
499 984 653 1047 inquantum
673 998 747 1047 neque
770 984 878 1036 dividitur

67 1061 134 1117 aetn,
147 1068 225 1118 neque
243 1055 360 1117 potentias
379 1056 506 1104 seeundum
528 1068 684 1119 quemcunque
706 1056 798 1105 medum
820 1055 879 1104 divi-

68 1126 153 1187 sionis,
173 1125 226 1174 edm
245 1126 275 1175 sit
295 1126 402 1175 omnibus
420 1126 493 1175 medis
510 1126 619 1189 simplex,
634 1131 659 1177 ut
677 1124 745 1189 supra
762 1130 879 1178 ostensum

70 1200 114 1246 est,
127 1197 191 1246 Unde
204 1196 354 1246 manifestum
368 1200 404 1245 est
417 1196 477 1261 qudd
490 1200 550 1247 Deus
564 1201 599 1247 est
611 1196 708 1247 maxime
720 1210 788 1245 uuus.

98 1269 134 1317 Ad
143 1268 244 1331 primum
253 1280 309 1330 ergo
322 1268 453 1330 dicendum,
466 1268 527 1330 qudd
539 1269 593 1317 lieet
606 1268 703 1330 privatio
717 1268 841 1319 seeundum
856 1282 880 1318 se

67 1353 115 1388 nnn
132 1338 230 1399 recipiat
250 1338 324 1398 magis
341 1341 365 1386 et
386 1338 476 1400 miuus,
499 1342 579 1389 tamen
602 1338 726 1387 seeundum
749 1336 809 1399 qudd
830 1338 881 1399 ejus

69 1409 201 1472 oppositum
214 1408 297 1469 recipit
310 1408 385 1469 magis
397 1410 423 1455 et
432 1409 521 1469 minus,
533 1408 603 1455 etiam
616 1406 666 1471 ipsa
676 1404 789 1468 privativa
800 1406 881 1456 dieun-

72 1486 111 1528 tur
126 1479 253 1528 seeundum
267 1477 339 1539 magis
354 1481 378 1526 et
391 1477 475 1527 minus.
493 1476 621 1527 Secundum
632 1472 705 1539 'igitur
718 1476 778 1540 qued
796 1476 880 1539 aliquid

73 1553 109 1598 est
126 1550 197 1611 magis
210 1548 310 1598 diuisum
325 1552 365 1596 aut
378 1547 506 1611 divisibile,
520 1548 557 1597 vel
571 1548 660 1610 minus,
672 1549 709 1598 uel
725 1548 786 1597 nullo
800 1548 880 1610 medo,

72 1619 198 1669 seeundum
216 1620 263 1668 hoe
276 1617 361 1681 aliquid
375 1618 457 1667 dieitur
470 1617 556 1681 magis,
567 1619 604 1667 vel
618 1617 691 1667 minus
698 1655 706 1681 ,
727 1618 765 1667 vel
784 1618 882 1669 maxime

72 1704 151 1742 unum.

101 1761 135 1810 ud
147 1760 277 1810 seeundum
288 1758 427 1820 dicendum,
442 1759 502 1823 qudd
513 1764 611 1823 punctus
625 1763 647 1809 et
660 1758 750 1823 unitas,
765 1774 816 1823 quae
830 1764 884 1811 sunt

72 1830 186 1895 principia
203 1829 354 1893 quantitatis,
373 1842 421 1877 nen
440 1835 493 1879 sunt
506 1830 604 1880 maxime
624 1831 700 1893 entia,
716 1831 827 1881 edmund
840 1833 883 1881 ha-

70 1896 140 1952 beant
154 1915 207 1951 esse
227 1899 274 1949 nisi
286 1900 311 1947 iu
332 1899 435 1968 subjectu
449 1900 534 1963 atiquo.
549 1902 613 1955 Unde
631 1904 737 1951 neutrum
756 1914 835 1950 eurum
848 1904 884 1951 est

68 1972 168 2024 maxime
181 1985 265 2021 unum.
281 1970 345 2019 Sient
365 1970 428 2019 enim
445 1971 573 2034 subjectum
590 1976 683 2031 nonest
701 1970 799 2023 maxine
812 1985 883 2021 unum

67 2050 163 2109 propter
181 2042 343 2094 diversitatem
363 2040 486 2098 accidentis
498 2046 522 2092 et
533 2041 648 2105 subjecti,
665 2041 698 2089 ita
711 2054 754 2093 nee
769 2040 882 2091 accidens.

96 2117 131 2165 nd
150 2114 251 2164 tertium
270 2112 405 2173 dieendum,
420 2112 480 2174 qudd
494 2113 548 2163 lieet
568 2126 634 2162 omne
654 2125 695 2161 ens
712 2112 744 2165 sit
760 2126 831 2163 uuum
844 2127 884 2176 peu

65 2201 130 2238 suam
150 2183 325 2245 substantiam,
341 2196 390 2233 uun
408 2187 486 2232 tamen
503 2198 527 2234 se
544 2184 613 2233 hahet
626 2182 741 2245 aqualiter
758 2184 883 2233 substantia

64 2258 192 2324 nanslibet
208 2256 239 2304 ad
258 2254 399 2303 censendam
415 2253 547 2307 unitatem:
564 2254 617 2319 quia
639 2254 765 2303 substantia
785 2268 885 2318 quernu-

66 2331 117 2380 dam
130 2333 169 2379 est
180 2342 213 2377 ex
226 2324 306 2375 multis
316 2323 455 2386 composita,
466 2324 607 2387 quorundam
620 2322 675 2375 vend
689 2336 743 2373 non.

94 2474 128 2537 (i)
142 2472 266 2519 Nimirum
276 2470 320 2514 lib.
338 2468 367 2523 δ’,
380 2468 410 2512 de
423 2466 575 2515 confideret.
592 2470 620 2513 ad
632 2470 773 2526 Eugenium,
787 2482 840 2526 cap.
858 2470 882 2527 8,

63 2549 146 2583 sensns
160 2535 247 2579 tinem.
263 2532 317 2577 Non
331 2536 410 2574 autem
421 2530 523 2589 Boetius,
539 2536 564 2575 ut
574 2531 644 2588 pride,
660 2532 699 2587 qui
709 2532 799 2575 tantum
814 2532 886 2575 habet

63 2602 104 2645 tib.
117 2600 145 2655 1,
162 2597 194 2642 de
212 2595 301 2642 Tria„
313 2592 372 2637 iilud
384 2592 455 2648 quod.
469 2604 521 2664 cup.
536 2590 551 2635 d
565 2592 622 2637 citat
632 2594 681 2649 ipse
691 2594 820 2638 Beruandus
838 2591 887 2652 (ubi

64 2654 515 2777 tut'tttttttttttttt
526 2664 572 2760 a?
580 2654 888 2761 ttttttttttttt

65 2785 221 2843 differentia,
235 2779 312 2825 nulla
322 2778 360 2823 ita·
379 2781 413 2823 eat
426 2778 526 2822 omnine
539 2778 674 2835 pluralitus
686 2798 693 2822 .·
705 2779 786 2835 initur
802 2777 887 2819 unitus

67 2849 169 2892 taudem.
