1992 3342
336 248 367 283 nr
384 247 514 283 nourrrrrrns
527 248 575 283 onr.
812 240 856 284 tta

58 325 173 385 positiones
193 324 301 385 quedam
319 322 461 373 affirmativa
478 324 602 373 subduntur
616 322 684 384 fidei,
702 328 780 387 utpote
798 322 856 387 qubd

57 397 134 444 abens
144 399 182 443 est
196 393 282 443 'l'riuns
293 399 316 443 et
330 408 401 455 unns,
416 397 440 443 et
453 392 513 456 quon
533 398 568 443 est
587 395 730 457 omnipotens
745 411 749 442 :
772 412 784 439 o
804 408 858 454 ergo

56 465 219 528 propositiones
233 463 376 513 affirmativae
388 468 482 527 possunt
495 463 548 513 vere
563 464 654 513 formari
666 466 695 514 de
708 466 762 513 beo.

81 539 243 600 (Coucnnsro.
250 562 282 573 -
289 536 347 585 Cium
357 534 471 584 humanus
482 535 612 584 intellectus
625 538 724 599 nequeat
733 536 817 597 Deum,
835 539 857 583 ut

56 622 108 657 unus
119 611 169 668 est,
182 618 336 667 cognoscere,
356 607 397 656 sed
409 608 452 655 sub
465 607 561 656 diversis
573 607 712 668 rationibus,
729 608 811 657 multas
831 607 858 655 de

56 677 98 738 ipso
111 675 283 740 propositiones
296 676 445 725 affirmativas
458 688 524 726 veras
537 676 635 725 formare
647 680 729 740 potest.
743 672 752 739 )

82 747 220 811 Respondes
233 747 375 809 dicendum,
396 745 457 809 qudd
476 748 642 811 propositiones
656 747 796 798 affirmativae
810 762 860 811 pos-

56 824 103 867 som
116 818 171 869 rere
187 818 284 867 formari
298 819 325 868 de
337 820 394 867 beo.
407 819 441 866 dd
454 819 520 881 cujus
536 819 675 868 euidentiam
685 818 804 874 sciendum
816 824 860 880 est,

56 892 110 951 ‹pudd
123 891 148 939 in
166 890 271 953 qualibet
285 889 441 953 propositione
460 890 596 939 affirmativa
614 904 676 953 vera,
696 894 786 953 oportet
801 890 860 953 qudd

57 962 196 1021 predicatum
206 965 230 1010 et
241 961 373 1023 subjeetum
383 960 512 1023 significent
522 961 582 1010 idem
594 960 716 1011 seeundum
726 975 774 1010 rem
785 960 860 1024 aliquo

57 1033 117 1080 modo
129 1032 180 1094 (t),
196 1036 220 1081 et
237 1032 357 1080 diversum
370 1032 494 1080 seeundum
506 1032 626 1080 rationem.
643 1032 671 1080 Et
681 1032 725 1080 boc
738 1036 801 1094 patet
813 1034 860 1081 tarn

57 1101 80 1147 io
95 1102 290 1163 propositionibus
310 1105 427 1164 quaesunt
444 1101 472 1151 de
488 1100 610 1164 praedicato
629 1101 779 1163 accidentali,
793 1101 860 1165 qu'arn

58 1171 80 1219 iu
97 1172 141 1221 illis
156 1187 206 1235 que
223 1176 279 1223 sunt
302 1173 330 1221 de
350 1173 472 1234 praedicato
492 1171 643 1222 substantiali.
664 1173 807 1223 Manifestum
827 1178 861 1223 est

57 1244 129 1303 enim,
141 1243 201 1306 qndd
211 1262 227 1292 rr
237 1246 311 1293 bomo
325 1248 349 1293 et
360 1244 424 1293 aitrus
435 1260 449 1288 o
458 1248 510 1293 sunt
519 1244 580 1294 idern
594 1243 709 1306 subjecto,
721 1248 744 1293 et
754 1244 860 1294 differunt

55 1314 146 1378 ratione,
161 1316 208 1364 alia
218 1315 283 1365 enim
295 1319 332 1364 est
343 1314 402 1364 ratio
412 1315 512 1363 bominis
523 1318 546 1364 et
561 1315 605 1363 alia
619 1314 677 1363 ratio
691 1315 744 1363 albi.
760 1316 788 1363 Et
799 1316 861 1365 simi-

54 1385 158 1435 litorebm
169 1387 224 1435 dico
237 1402 242 1434 :
256 1403 271 1432 u
282 1387 353 1435 bomo
367 1388 402 1434 est
416 1384 515 1447 animal;
531 1401 545 1431 »
561 1383 618 1433 illud
631 1384 691 1433 enim
710 1384 784 1447 ipsum
802 1387 861 1447 quod

55 1462 86 1505 est
97 1460 179 1519 bomo,
196 1457 253 1506 vere
270 1456 357 1505 animal
372 1458 421 1517 est3
436 1455 460 1503 in
478 1457 559 1506 eodem
578 1455 640 1504 enirn
657 1454 773 1518 supposito
788 1457 823 1504 est
838 1461 861 1505 et

55 1533 130 1578 rutum
140 1527 277 1589 sensibilis,
293 1526 363 1589 iqua
379 1526 464 1575 dieitur
475 1527 584 1587 animal,
605 1528 628 1575 el
646 1525 776 1588 rationalis,
791 1525 804 1574 d
817 1540 861 1590 qua

56 1598 135 1646 dioitrrr
142 1602 222 1649 bomo.
234 1598 302 1648 Unde
311 1601 335 1647 et
345 1597 383 1646 bie
395 1597 464 1647 etiam
475 1598 623 1661 praedicatum
632 1600 655 1647 et
669 1596 797 1660 subjeetum
809 1606 861 1650 sunt

55 1670 113 1718 idern
123 1670 256 1734 supposito,
268 1670 310 1719 sed
321 1669 410 1719 diversa
419 1669 516 1718 ratione.
528 1670 572 1718 Sed
586 1669 609 1717 in
620 1669 824 1733 propositionibm,
837 1670 860 1719 iu

57 1741 135 1801 quibus
155 1741 221 1791 idem
241 1741 382 1803 praedicator
399 1740 428 1789 de
445 1738 536 1802 seipso,
558 1742 601 1789 boc
620 1740 695 1803 aliquo
716 1741 781 1791 modo
797 1740 861 1789 inve·

54 1811 114 1859 nitur
124 1828 130 1859 ;
141 1812 166 1861 in
177 1815 295 1875 quantum
305 1811 438 1860 intellectus
448 1810 471 1859 id
482 1812 543 1873 quod
555 1812 620 1875 ponit
631 1825 659 1861 err
672 1815 736 1874 parte
750 1811 860 1879 subjecti,

53 1881 119 1929 trabit
130 1884 160 1932 ad
173 1885 268 1946 partem
287 1881 414 1944 suppositi3
429 1882 490 1944 quod
503 1881 558 1931 verb
572 1882 637 1945 penit
653 1896 681 1931 ex
699 1886 764 1944 parte
780 1882 861 1943 prndi-

53 1954 111 2014 mn',
123 1954 198 2003 trabit
209 1954 240 2002 ad
254 1956 360 2002 naturam
371 1952 450 2003 formae
465 1952 618 2015 insupposito
635 1951 770 2012 existentis,
781 1964 861 1999 seorrn-

51 2026 101 2073 duur
116 2024 180 2087 qubd
203 2023 291 2072 dieitur
308 2021 369 2085 qudd
383 2040 397 2069 rr
408 2022 533 2085 praedicata
555 2026 662 2071 tenentur
680 2020 820 2083 formaliter,
839 2033 862 2071 et

51 2095 153 2157 subjecta
173 2092 336 2144 materialiter.
351 2110 365 2138 u
379 2092 437 2143 Huic
449 2093 504 2143 vend
517 2092 647 2143 diversitati
665 2105 715 2154 quae
730 2095 764 2140 est
779 2103 862 2141 seeun-

50 2167 103 2213 dorn
119 2166 255 2225 rationem,
276 2164 401 2226 respondet
420 2163 538 2225 plmalitas
559 2162 677 2227 praedicati
699 2166 722 2211 et
740 2162 859 2225 subjecti:

51 2236 195 2287 identitatem
209 2235 267 2286 verb
280 2235 315 2284 rei
331 2233 445 2297 signifieat
458 2234 588 2285 intellectus
609 2248 650 2297 per
668 2234 739 2297 ipsam
753 2236 863 2299 composi-

51 2307 142 2355 tionem.
163 2308 226 2356 nous
240 2309 320 2355 antem
333 2305 358 2353 in
378 2318 402 2354 se
422 2305 577 2355 consideratus
598 2310 631 2355 est
651 2305 743 2354 omnino
764 2320 822 2355 unns
840 2314 862 2355 et

51 2436 159 2479 utrolibet
172 2436 245 2479 modo
260 2434 370 2478 absolute
383 2439 510 2490 repugnat,
526 2434 580 2489 quia
593 2434 628 2477 vel
644 2434 704 2476 omni
725 2436 801 2479 scions
816 2446 861 2478 non

52 2504 113 2540 esset
125 2499 163 2541 vel
178 2510 227 2541 non
241 2497 329 2541 bonus.

84 2566 115 2625 ll)
130 2570 189 2613 Puta
204 2566 360 2613 materialiter
373 2565 472 2620 tanturn,
486 2578 531 2610 non
550 2565 683 2609 formaliter.
697 2568 754 2609 Nam
770 2567 863 2610 realiter

54 2629 181 2675 tormattter
199 2630 330 2675 seeundum
350 2627 477 2672 essentiam
496 2630 563 2672 borno
583 2627 612 2671 ab
632 2628 684 2670 albo
702 2628 860 2683 distinguitur,

54 2691 106 2735 lieet
117 2693 241 2738 identitate
256 2690 374 2735 materiali
388 2702 459 2733 unum
471 2701 522 2734 cum
537 2690 576 2733 illo
587 2689 720 2747 constituat,
737 2689 795 2733 sieut
809 2688 862 2732 snb-

54 2751 139 2802 treton
153 2761 175 2799 st
190 2768 235 2799 ens
246 2755 277 2797 iot
291 2752 408 2808 subjecto.
424 2752 489 2795 Unde
504 2750 720 2811 quodsubjungitur
733 2764 760 2794 eo
778 2750 863 2807 differe

58 2816 162 2866 ration,
177 2829 227 2861 non
240 2821 278 2860 est
290 2814 366 2871 logice
378 2813 467 2857 tantum
479 2812 649 2870 intelligendum
661 2814 725 2867 quasi
737 2824 777 2867 per
790 2813 862 2856 solam

57 2874 182 2924 intellectis
199 2878 417 2923 considerationem
436 2874 556 2935 differam,
576 2874 616 2919 sed
636 2874 730 2931 physice
747 2886 789 2929 per
809 2885 862 2916 suas

57 2936 175 2987 alterutras
185 2940 329 2986 essentiales
340 2939 453 2994 rationes,
468 2944 492 2980 nt
504 2944 526 2982 et
536 2938 559 2981 in
571 2937 682 2981 similibus
693 2934 830 2991 respective.
