1992 3342
112 194 156 241 let
325 205 385 242 runs
401 206 423 252 ι,
437 203 530 249 punse
545 200 594 253 111,
609 202 664 241 aar.
679 204 705 241 v.

412 360 570 411 runcones
587 332 615 408 i.
670 326 671 331 ’

114 486 199 531 Uirium
208 484 344 530 intellectus
351 487 446 530 aeolus
454 484 622 529 adsidendum
632 484 679 529 Dei
687 484 827 540 essentiam,
839 486 922 545 reliqw

354 551 435 608 creato
449 547 540 592 lumine
551 546 667 603 tndiqeet.
995 555 996 558 ’

135 677 181 743 ιΜ
199 676 304 741 quintum
325 675 358 726 sio
377 673 507 738 proceditur
526 674 569 739 (l).
590 672 685 725 Videtur
705 672 766 738 qudd
788 674 908 727 intellectu

115 753 205 799 creatus
217 749 246 798 ad
257 746 382 797 ridendum
399 746 522 796 essentiam
535 745 576 795 llei
590 744 664 809 aliquo
680 745 766 795 lumine
780 750 856 797 eroato
871 760 919 799 non

116 819 226 881 indigeat.
238 818 295 867 illud
306 817 368 867 enlm
380 818 440 881 quod
450 820 485 867 est
496 828 537 879 per
551 829 576 866 se
587 816 688 866 lucidum
700 816 725 865 in
740 817 808 866 rebus
821 818 919 868 sensibi-

117 889 190 953 libus,
204 889 248 939 alio
260 888 346 938 lumine
360 902 407 938 non
422 886 511 950 indiget
523 890 548 937 ut
561 886 666 937 videatur
680 903 685 935 :
697 900 751 949 ergo
766 887 923 939 neoininlel-

117 960 248 1023 ligibilibus.
256 959 302 1010 Sed
311 961 370 1010 Deus
377 963 412 1010 est
420 960 460 1008 lux
467 957 618 1021 intelligibilis
630 973 636 1007 ε
650 971 704 1021 ergo
718 972 764 1009 non
774 958 865 1009 videtur
879 974 923 1025 per

118 1031 209 1095 aliquod
220 1032 298 1082 lumen
311 1035 421 1081 creatum.

149 1106 173 1153 a.
188 1103 314 1165 Praeterea,
329 1102 382 1166 eiam
393 1104 454 1152 Deus
470 1102 562 1153 videtur
578 1114 619 1165 per
637 1098 739 1152 medium
745 1138 754 1164 ,
768 1114 814 1151 non
829 1102 923 1155 uidetur

118 1189 159 1238 per
168 1188 233 1225 suam
242 1173 372 1225 essentiam.
385 1175 431 1224 Sed
443 1173 495 1223 oium
505 1174 596 1224 videtur
604 1186 646 1236 per
660 1172 751 1235 aliquod
765 1173 842 1223 lumen
855 1188 923 1227 orea-

117 1250 183 1310 tum,
202 1246 292 1297 ridetur
310 1259 351 1309 per
363 1245 472 1296 medinm.
488 1246 548 1307 Ergo
569 1257 615 1296 non
630 1242 720 1295 uidetur
738 1257 780 1308 per
797 1259 862 1296 suain
885 1260 924 1299 es-

117 1317 224 1368 sentiani

149 1393 172 1438 a.
188 1390 312 1452 steteras,
325 1387 382 1438 illud
404 1388 464 1451 qnod
477 1388 514 1437 est
528 1388 643 1448 creatum,
660 1384 717 1434 rrilril
731 1386 836 1449 prohibet
848 1387 923 1439 alicui

116 1463 227 1528 oratura
237 1472 286 1511 esse
299 1458 411 1508 naturale.
420 1458 445 1507 Si
456 1470 511 1521 ergo
521 1470 561 1520 per
573 1456 663 1521 aliquod
674 1457 752 1507 lumen
765 1462 868 1507 creatum
879 1460 923 1510 llei

117 1530 216 1580 essentia
227 1530 330 1591 udatur,
341 1529 426 1592 polerit
438 1529 496 1579 illud
506 1529 583 1579 lumen
597 1540 646 1578 esse
660 1528 765 1578 naturale
776 1528 843 1577 alieni
857 1542 924 1580 orea-

117 1604 188 1663 tnrae;
200 1603 225 1649 et
238 1600 270 1649 ita
286 1600 325 1647 illa
341 1602 444 1648 ereatura
458 1612 505 1649 non
518 1598 629 1661 indigebit
645 1597 719 1662 aliquo
733 1598 777 1649 alio
790 1598 878 1650 lumine
892 1602 923 1652 ad

118 1669 242 1719 videndum
251 1671 323 1720 neum
339 1684 344 1717 :
360 1671 420 1732 quod
433 1673 468 1719 est
479 1668 626 1733 impossibile.
637 1670 688 1719 Non
701 1672 801 1732 asterga
815 1683 924 1723 neeessa-

119 1741 177 1790 riam
189 1740 249 1803 qudd
260 1739 334 1791 omnis
342 1744 446 1790 ereatura
457 1739 486 1791 ad
498 1740 623 1791 ridendum
636 1738 677 1789 Ilei
691 1740 828 1803 essentiam,
841 1740 923 1793 lumen

118 1813 288 1876 superadditum
302 1812 411 1877 requiral.

151 1886 195 1935 sed
211 1889 290 1935 eontra
302 1889 350 1949 est,
363 1885 423 1949 qnod
436 1884 519 1934 dieitur
533 1884 558 1934 in
570 1884 665 1935 Psalm.
685 1900 693 1934 .·
711 1902 724 1932 n
739 1886 766 1933 ln
781 1882 869 1935 lumine
884 1888 925 1937 tuo

118 1956 245 2007 ridebimus
255 1958 340 2007 lumen.
352 1971 366 2002 a

151 2028 314 2092 (concausro.
332 2054 362 2065 -
385 2028 441 2078 Cium
463 2027 562 2077 essentia
583 2026 660 2077 divina
683 2031 787 2075 naturam
807 2026 923 2092 cujusque

119 2098 190 2147 creati
206 2099 335 2149 intellectus
349 2100 457 2161 excedat,
473 2097 523 2150 indi
539 2101 562 2149 et
574 2102 664 2149 creatus
678 2097 808 2147 intellectus
824 2098 853 2147 ad
871 2112 924 2149 eanr

119 2168 254 2219 intuendum
266 2170 343 2233 aliquo
355 2175 431 2220 creato
444 2113 844 2233 lum'r'n'effiw‘ff

126 2227 506 2305 *deffoffltodsendffll'ffld
519 2252 586 2291 omne
596 2240 656 2305 quod
667 2238 770 2291 elevatur
783 2238 812 2287 ad
824 2237 922 2303 aliquid,

118 2312 179 2375 quod
196 2310 286 2361 excedit
298 2324 362 2361 wana
375 2316 495 2375 naturam,
508 2315 597 2375 oportet
616 2310 675 2376 qudd
691 2310 824 2374 disponatur
843 2308 923 2373 aliqua

119 2381 326 2445 dispositioneque
336 2382 366 2432 sit
376 2395 517 2446 suprasnam
530 2388 635 2434 naturam
647 2399 652 2432 :
666 2382 739 2445 sient,
752 2380 772 2430 si
785 2391 825 2430 aer
839 2380 926 2431 debeat

118 2452 221 2515 aoeipere
231 2452 327 2503 formans
339 2452 413 2516 ignis,
430 2457 520 2517 oportet
535 2454 596 2517 qudd
613 2453 745 2516 disponatur
755 2450 834 2515 aliqua
845 2449 926 2515 dispo-

118 2523 201 2573 sitione
212 2524 241 2573 ad
252 2523 323 2574 talem
336 2524 507 2586 formandum
519 2528 595 2575 autem
604 2524 686 2588 aliquis
692 2523 823 2573 intellectus
831 2526 926 2580 creatus

117 2594 181 2642 videt
192 2594 264 2643 Deum
277 2608 318 2657 per
330 2595 465 2659 essentiam,
476 2596 528 2659 ipsa
539 2595 637 2647 essentia
650 2595 692 2645 Dei
706 2594 731 2643 tlt
744 2594 817 2644 torma
833 2592 925 2643 intelli·⁵

119 2662 195 2725 gibilis
208 2663 351 2729 intellectus3
366 2669 426 2717 unde
439 2660 529 2731 oportet
547 2666 608 2731 qudd
621 2666 696 2731 aliqua
710 2664 927 2738 ῴρρρρψρρεε-

153 2778 184 2840 tl)
199 2784 231 2826 lte
246 2782 281 2829 iris
299 2785 369 2830 etiam
382 2784 451 2830 Cant.
464 2787 544 2835 Garat„
555 2786 598 2831 lib.
610 2786 634 2843 3,
650 2798 702 2843 oap.
718 2784 761 2843 51,
778 2784 822 2841 52,
837 2783 884 2837 55;
904 2788 928 2828 et

122 2844 222 2899 Olim„
233 2844 257 2902 3,
268 2859 321 2903 eap.
333 2846 393 2900 1053
406 2853 432 2892 nt
442 2853 466 2892 et
476 2850 519 2906 IV,
529 2848 606 2901 Seat..
618 2850 670 2895 dist.
684 2848 727 2906 ta,
744 2861 783 2904 qu.
797 2847 821 2907 2,
838 2854 884 2893 art.
897 2846 927 2904 7,

120 2911 143 2949 et
154 2918 193 2962 qu.
206 2905 221 2949 3
236 2908 263 2954 de
278 2910 355 2969 uerit,
370 2915 412 2954 art.
428 2908 451 2969 3,
466 2909 495 2954 ad
506 2908 546 2955 al.
