1992 3342
120 173 149 220 16
335 185 394 222 unns
409 186 431 234 1,
446 183 537 228 onmem
552 184 574 230 r,
590 183 644 220 aar.
661 181 704 218 vn.

119 260 172 311 liter
182 260 207 311 lit
220 273 294 312 sermo
303 260 329 310 in
341 259 436 310 scientia
449 275 454 306 ι
470 259 511 309 sed
528 259 552 307 in
562 259 606 308 tuac
621 256 718 308 scientia
728 254 885 320 principaliter
897 254 927 306 lit

119 343 193 382 sermo
200 333 228 382 de
239 333 285 382 lleo
296 330 391 396 (dicitur
400 329 597 392 eaimllreologia
604 327 669 392 quasi
679 341 753 378 sermo
764 327 792 378 de
800 324 861 390 Deo)
872 325 925 391 (t);

121 417 175 466 ergo
186 405 246 454 Deus
259 416 294 454 ese
304 403 415 468 sujectum
429 402 498 466 hujus
509 401 618 452 seientia.

153 474 310 538 (Conclusae.
317 473 408 525 -Cdm
422 473 497 523 omnia
508 485 559 536 quae
569 475 694 522 tractantur
706 470 731 519 in
745 483 809 519 sacra
819 468 925 520 doctrina

121 544 290 594 considerentur
304 547 346 595 sub
364 543 450 595 maone
471 543 562 594 deitatis
574 558 616 607 per
634 541 798 593 revelationem
809 541 928 604 cognosci·
993 538 995 545 '

121 615 173 666 hilis
179 654 186 680 ,
198 618 258 666 Deus
269 620 303 666 est
311 616 372 666 illius
385 613 539 680 subjeetum.)

152 689 288 751 Respoadco
296 687 429 750 dicendum,
445 685 506 750 quod
516 688 576 735 Deus
585 687 620 734 est
632 683 759 747 subjectum
769 683 839 746 hujus
851 683 928 736 scien-

121 759 167 808 tiae.
178 759 214 809 Sic
224 759 285 808 cuim
298 773 321 809 se
333 760 402 809 habet
413 759 539 822 subjectum
550 757 579 807 ad
589 756 720 818 scientiam,
734 756 792 806 aaut
805 755 922 819 objectum

121 830 291 894 adpetentiam
310 832 347 882 vel
365 830 469 880 habitum
489 846 493 878 :
514 827 605 892 proprie
626 833 702 878 autem
721 828 778 877 illud
796 826 927 890 assignatur

121 899 234 964 objectum
247 901 343 965 alicujus
353 901 461 966 potentiae
474 901 512 949 uel
524 899 628 961 habitus,
642 898 684 948 sul>
697 897 762 961 cujus
773 897 859 948 ratione
873 911 924 946 om-

121 972 159 1022 nia
175 973 303 1023 referuntur
315 974 343 1022 ad
355 972 482 1036 potentiam
494 973 531 1021 uel
546 970 663 1033 habitum,
679 969 737 1019 sieut
747 971 815 1019 homo
831 972 855 1018 et
866 968 927 1032 lapis

121 1044 249 1094 relemntur
263 1046 291 1095 ad
304 1045 387 1107 uisum,
402 1045 427 1094 in
441 1047 550 1108 pruritum
567 1046 620 1092 sunt
635 1043 733 1092 mlorata
748 1041 826 1091 :unde
838 1040 927 1091 colora·

122 1119 170 1165 tam
178 1121 212 1167 est
220 1117 336 1181 proprium
343 1116 457 1180 objectum
467 1115 537 1165 visus.
548 1115 630 1166 Omnia
640 1117 716 1164 autem
724 1116 892 1177 pertractantur
900 1112 927 1163 in

123 1201 184 1237 sacra
198 1189 299 1238 doctrina
314 1187 355 1238 suh
374 1188 460 1238 ratione
478 1187 535 1249 Dei,
549 1189 587 1236 rel
602 1186 656 1249 quia
669 1188 721 1235 sunt
732 1185 782 1248 ipse
798 1186 873 1246 Dens,
887 1186 927 1234 uel

123 1259 175 1322 quia
188 1260 274 1310 habeat
287 1259 389 1310 ordinem
400 1259 428 1309 ad
441 1261 512 1308 lleaar
525 1263 549 1307 ut
562 1259 591 1308 ad
604 1256 739 1322 principium
751 1259 775 1306 et
787 1256 855 1306 finem
867 1255 902 1321 (2)
919 1273 925 1306 :

123 1332 183 1381 uude
204 1332 305 1396 sequitur
323 1331 382 1395 quod
400 1331 459 1382 Deus
472 1330 525 1381 vere
544 1331 573 1381 sit
591 1330 718 1394 subiectum
728 1328 796 1392 hujus
813 1327 924 1380 scientiae.

124 1403 187 1462 Quod
199 1403 267 1454 etiam
280 1403 426 1454 rmanilcstum
443 1403 469 1452 fit
481 1417 508 1452 en
524 1401 641 1466 principiis
652 1401 722 1465 liujus
739 1400 854 1464 scientiae,
875 1415 927 1465 quae

123 1477 176 1524 sunt
194 1475 281 1526 articul
302 1475 368 1539 fidei,
388 1489 438 1540 quae
456 1480 490 1525 est
508 1476 536 1524 de
553 1476 600 1524 llco
618 1490 623 1522 :
646 1473 707 1524 idem
725 1476 801 1522 autern
821 1475 856 1522 est
873 1473 929 1523 sub-

122 1545 208 1608 jectum
220 1547 397 1611 principiorum,
412 1550 434 1596 ει
444 1545 513 1596 totius
526 1546 642 1609 scientiae,
653 1559 703 1595 cum
717 1548 765 1595 tota
775 1543 870 1594 scientia
880 1543 928 1594 uir-

124 1621 172 1668 tute
191 1619 332 1669 contineatur
345 1619 370 1668 'ru
380 1619 506 1684 principiis.
520 1618 615 1676 Quidam
630 1615 685 1668 uero
701 1616 844 1667 attendentes
856 1616 887 1665 ad
900 1629 929 1666 ea
993 1628 995 1637 ·

125 1703 174 1754 qnae
191 1690 215 1740 ia
228 1691 272 1741 ista
283 1691 377 1741 scientia
388 1695 522 1753 tractantur,
537 1694 560 1740 et
571 1704 617 1739 nou
632 1689 661 1738 ad
675 1689 786 1740 rationem
803 1687 929 1741 secuudum

125 1775 192 1826 quam
219 1762 398 1826 considerantur,
421 1763 594 1824 assignaverunt
620 1760 686 1811 aliter
708 1761 836 1825 subjectum
859 1759 931 1824 hujus

125 1833 234 1896 scientia,
244 1835 280 1884 vel
291 1847 327 1884 res
339 1837 361 1884 ει
372 1833 436 1896 signu
449 1833 491 1899 (e),
507 1834 543 1884 vel
554 1847 623 1897 opera
635 1832 793 1897 reparationis,
807 1833 845 1881 uel
855 1834 929 1882 totum

125 1903 254 1968 Christum„
267 1904 291 1954 id
309 1908 358 1968 εει,
376 1908 444 1968 caput
463 1909 486 1955 ει
499 1906 617 1968 membra3
637 1904 665 1955 de
682 1904 787 1954 omnibus
803 1902 865 1953 cmm
879 1902 931 1953 istis

126 1979 233 2026 tractatur
240 1976 265 2026 in
275 1976 317 2026 ista
329 1975 431 2039 scientia,
442 1978 482 2026 sed
493 1977 616 2026 secundam
627 1975 729 2026 ordinem
739 1976 767 2025 ad
778 1977 857 2025 lteum.

66 2073 90 2111 „a
158 2048 190 2098 lld
204 2047 302 2110 primum
314 2061 368 2110 ergo
380 2049 514 2112 dimrrdum,
528 2047 589 2111 qadd
601 2049 654 2098 lieet
664 2047 751 2118 dipel>
761 2060 807 2097 non
817 2047 932 2124 possimus

121 2257 125 2264 ⁴
161 2197 191 2260 (1)
206 2203 241 2246 En
256 2213 329 2258 graecu
342 2214 398 2246 voce
413 2199 527 2272 asclepio..
546 2202 628 2255 Quidni
644 2202 715 2247 etiarn
729 2202 889 2246 ratiocinatio
903 2201 934 2247 de

126 2271 189 2320 Deo,
204 2271 254 2316 ctum
266 2278 289 2316 et
300 2271 367 2341 λόγος
378 2273 440 2318 idem
451 2274 480 2319 sit
491 2273 552 2330 quod
564 2275 646 2318 rotie?
657 2273 717 2318 Hinc
726 2272 849 2329 aliquando
863 2274 933 2331 gruel

97 2397 100 2402 .
126 2345 205 2388 Patres
220 2344 358 2399 theologiam
373 2345 452 2390 stricte
466 2352 580 2402 sumptam
594 2344 709 2400 explicant
727 2356 778 2400 quse
792 2343 820 2388 de
834 2345 885 2390 sola
898 2345 934 2390 dt-

127 2405 222 2450 uinitate
244 2411 339 2459 tractat;
360 2407 401 2452 sed
418 2408 446 2453 ud
465 2408 510 2452 alla
523 2408 652 2453 extenditur
670 2407 816 2452 considerata
837 2414 935 2465 propter

128 2469 208 2512 Deum.

162 2527 191 2590 (ἢ)
206 2532 277 2574 sensu
286 2531 335 2586 Jam
347 2543 414 2586 supra
426 2533 541 2593 indicato,
555 2534 609 2588 quia
619 2533 721 2577 omniurn
732 2532 871 2590 principium
881 2539 933 2592 est,

127 2597 153 2636 ut
168 2597 191 2636 et
208 2593 309 2636 omnium
329 2593 393 2647 linis;
414 2597 519 2650 quemvis
540 2596 606 2640 aliter
626 2602 736 2640 creaturae
758 2595 883 2640 rationales
905 2597 935 2641 ad

128 2655 190 2698 illum
203 2654 270 2698 daem
284 2655 352 2712 qudm
367 2657 511 2702 irrationales
524 2657 661 2703 reserantur.

162 2713 191 2776 (3)
206 2717 250 2762 lter
265 2719 372 2776 quidem,
392 2719 466 2764 idest
484 2732 512 2764 ea
525 2732 577 2776 quaa
595 2721 720 2767 seeundum
737 2733 762 2766 se
775 2721 936 2778 aliquid-sunt
993 2740 995 2777 5

129 2789 172 2824 nee
186 2780 214 2824 ad
233 2780 405 2837 significandum
422 2781 573 2836 adlrlbentur;
590 2786 730 2842 scalciaco,
747 2785 770 2828 ld
784 2790 819 2828 est
833 2797 862 2829 ea
880 2797 936 2843 quse

128 2848 222 2899 propter
240 2844 312 2888 solem
330 2843 520 2902 significationem
533 2846 558 2890 ia
575 2860 618 2892 usu
632 2853 697 2904 sunt,
717 2853 744 2891 ut
761 2846 893 2904 expressius
910 2848 936 2896 l.
993 2892 995 2895 .

129 2904 193 2950 Scat.
206 2905 229 2950 in
241 2905 339 2967 plenius.
