1992 3342
107 232 153 279 toll
301 240 362 277 unns
376 240 399 289 r,
416 239 508 285 ouen.
526 240 608 288 xxxrr,
622 236 677 275 lnr.
695 238 713 275 ι.

106 318 151 370 ulio
164 319 232 369 modo
241 316 356 367 inducitur
365 315 424 367 ratio
434 330 481 367 non
492 328 543 379 que
556 314 696 365 sufficienter
705 313 906 379 probetrsdioem,

106 392 147 441 sed
159 405 209 455 quse
225 388 295 440 radici
309 389 359 453 jum
376 388 455 452 posite
470 388 574 438 model
593 399 720 449 congruere
740 390 911 450 consequentes

107 462 214 525 edectus;
226 461 286 512 sieut
294 462 320 510 iu
331 460 452 523 astrologia
462 460 556 525 ponitur
564 458 623 510 retio
632 458 815 509 excentricoruru
825 462 851 509 et
861 458 914 525 epi-

108 535 223 598 opulorum
234 535 313 584 extroc
320 531 382 596 quod
391 531 435 581 luto
444 531 558 595 positione
569 530 631 581 lectt
640 534 737 595 possunt
748 530 831 581 salvari
841 544 916 597 appe·

107 603 181 655 reuda
194 603 312 655 sensibilia
328 603 389 653 curn
403 607 479 653 motus
494 602 615 659 celestes3
628 614 676 651 non
695 604 773 653 temen
791 603 851 655 ratio
863 605 918 655 hec

108 680 144 725 est
159 675 299 727 sufficienter
309 676 422 739 probans,
439 675 492 738 quin
506 672 575 724 etiem
589 671 647 723 lortd
657 672 705 727 ulie
720 672 834 737 positione
852 675 919 727 feotd
990 686 991 703 ³

108 747 191 799 solrori
204 751 304 811 possent
317 747 394 797 Primo
412 760 466 809 ergo
478 747 547 797 modo
562 748 638 809 potest
651 744 729 797 induci
740 746 798 797 ratio
812 748 842 797 ad
859 762 919 813 pro-

109 820 208 870 bandum
216 822 345 870 lleumesse
355 832 436 882 unum,
444 821 468 868 et
476 818 568 881 similiu3
576 818 724 869 sedseoundu
732 820 799 869 modo
809 832 835 870 se
843 820 918 873 habet

109 892 167 942 ratio
175 906 227 955 que
237 891 352 941 inducitur
364 893 391 942 ad
402 889 610 941 maniteslutionom
622 888 748 953 Trinitatis,
760 890 814 954 quie
823 891 919 944 scilieet

108 963 217 1014 Trinime
230 962 304 1027 positi
318 966 448 1026 congruunt
457 962 588 1025 hujusmodi
598 963 712 1026 rationes,
725 974 771 1013 uou
786 966 867 1014 emen
883 964 919 1017 ite

109 1034 169 1099 qudd
177 1050 218 1099 per
225 1036 267 1086 hes
277 1036 377 1087 rationes
388 1034 528 1085 sufficienter
536 1034 645 1098 probetur
653 1034 744 1085 trinitas
753 1048 914 1099 personarum.

109 1111 138 1160 st
146 1112 190 1161 hoc
200 1113 264 1174 patet
274 1124 315 1174 per
323 1109 420 1172 singule
428 1108 521 1159 Bonita
531 1108 593 1159 enim
604 1108 694 1159 induite
702 1109 742 1160 Dei
752 1110 918 1162 manifestetur

109 1180 179 1232 etiam
195 1181 221 1231 in
233 1182 384 1246 productione
399 1184 524 1244 creaturas,
539 1181 592 1245 quie
605 1181 701 1232 infinite
719 1181 813 1233 virtutis
831 1186 868 1233 est
888 1196 916 1233 ex

109 1251 181 1304 nihilo
192 1255 317 1317 producere
324 1270 335 1318 ἱ
342 1266 388 1304 uon
399 1253 461 1303 enim
472 1256 563 1317 oportet
572 1253 592 1303 si
603 1252 693 1303 infiniti
704 1252 807 1305 bonitate
817 1266 843 1305 se
851 1268 913 1305 cone

109 1325 224 1389 nument,
237 1325 300 1391 quod
311 1324 398 1389 aliquid
408 1324 522 1375 inlinitum
536 1324 549 1374 d
560 1325 607 1375 ileo
617 1325 738 1390 procedet,
749 1325 791 1376 sed
802 1326 864 1389 qudd
875 1340 912 1377 se-

109 1397 209 1450 cunddm
223 1398 316 1448 modum
336 1411 403 1447 wem
419 1396 516 1460 recipiet
532 1396 634 1448 diuinam
653 1395 786 1446 bonietem.
804 1395 915 1448 Similiter

110 1469 180 1519 etiarn
192 1471 252 1533 quod
267 1468 521 1532 dieitur,quddesiue
535 1467 649 1519 consordo
659 1480 706 1517 non
720 1471 858 1532 potestesse
876 1469 914 1533 ju·

110 1542 184 1591 nenda
201 1540 314 1603 possessio
327 1540 424 1603 alicujus
438 1539 506 1603 loni,
518 1554 532 1586 o
546 1539 620 1589 locum
639 1540 709 1589 hebet
723 1540 813 1603 quando
827 1539 855 1589 in
867 1554 913 1590 uua

110 1626 209 1677 perseum
223 1626 270 1663 uon
286 1613 402 1663 invenitur
416 1613 519 1677 perferte
532 1612 634 1675 leonites,
646 1612 707 1662 unde
719 1610 807 1673 indiget
820 1613 851 1663 ad
863 1614 913 1677 ple-

111 1698 164 1736 uenr
182 1683 331 1748 jucunditatis
345 1684 470 1735 boniulem
488 1685 550 1734 hono
564 1683 662 1747 adoujus
678 1682 771 1733 alterius
790 1684 917 1735 consenui

110 1754 162 1804 sili.
175 1754 306 1810 Similitudo
314 1758 391 1805 autem
401 1756 530 1806 intellectis
539 1755 611 1806 nostri
622 1768 669 1805 uon
680 1754 820 1805 sufficienter
833 1757 916 1820 prohat

111 1826 197 1890 aliquid
207 1826 235 1877 de
246 1828 306 1889 Deo,
316 1831 409 1891 propter
423 1830 466 1877 hoo
477 1826 538 1891 qudd
547 1826 676 1877 intellectus
686 1826 782 1876 unirood
794 1827 915 1879 invenitur

111 1896 223 1950 iolleoet
231 1898 256 1948 io
264 1898 340 1949 nobis.
350 1900 377 1949 st
387 1900 441 1949 inde
450 1904 487 1949 est
497 1899 557 1963 qood
569 1898 706 1962 Augustinus
719 1896 753 1963 (l)
761 1900 913 1963 supertocn.

112 1973 166 2025 dicit
174 1974 261 2040 (Trect.
274 1973 333 2039 27),
345 1973 406 2040 quod
418 1992 433 2023 <r
442 1988 484 2039 per
493 1974 564 2025 tidem
573 1974 665 2025 venitur
676 1974 706 2023 nd
716 1972 913 2039 coguitionem»

113 2049 137 2096 et
149 2060 196 2097 uon
208 2045 222 2096 d
235 2060 353 2097 oouvemo.

144 2120 178 2170 dd
185 2118 279 2169 tertium
290 2118 427 2182 dicentium,
441 2117 505 2182 quod
515 2118 615 2181 cognitio
624 2118 753 2169 drinerum
766 2131 918 2183 personarum

112 2190 157 2240 luit
168 2189 296 2241 necessaria
304 2190 370 2241 nobis
381 2190 510 2253 dupliciter.
521 2192 570 2242 Uno
579 2190 647 2241 ruodo
657 2191 686 2240 ad
696 2192 758 2241 recte
768 2190 917 2243 sentiendum
990 2200 991 2229 l

114 2262 142 2311 de
156 2262 270 2313 ueelioue
282 2276 367 2313 rerum.
383 2263 427 2311 Per
439 2263 483 2311 troc
496 2262 559 2313 enim
570 2261 631 2327 quod
643 2262 738 2313 dicimus
752 2263 823 2313 Deum
837 2264 916 2314 omme
990 2270 991 2329 l

114 2332 195 2383 fecisse
205 2334 340 2388 Verbosoo,
353 2333 479 2383 excluditur
489 2348 553 2385 error
562 2334 918 2399 ponentiumlleumproduxisse
990 2332 991 2385 t

114 2418 152 2455 res
164 2418 194 2455 ox
206 2405 341 2455 necessitate
354 2410 455 2473 neturae3
466 2420 508 2471 per
516 2408 560 2457 hoc
572 2408 649 2457 sutem
663 2404 723 2471 qudd
732 2405 840 2469 ponimus
850 2406 877 2456 iu
891 2420 919 2457 eo

113 2477 280 2542 processionem
300 2478 396 2541 amoris,
411 2478 537 2529 ostenditur
555 2478 614 2545 quod
626 2478 688 2529 Deus
704 2478 754 2529 non'
767 2482 862 2543 propter
877 2478 919 2529 ad-

148 2595 179 2657 (1)
195 2598 231 2643 Ad
243 2598 283 2643 illu
296 2610 380 2655 nempe
394 2601 466 2645 verbu
480 2615 486 2641 r
502 2598 548 2645 Sed
561 2604 619 2645 root
632 2600 733 2656 prodam
745 2600 776 2643 ire
792 2598 861 2644 uobis
875 2600 920 2657 qui

115 2674 166 2706 ooo
183 2660 300 2710 eredunt,
313 2662 354 2705 ubi
367 2662 458 2717 plenitus
471 2662 505 2707 eit
520 2679 528 2705 r
549 2663 605 2708 Nost
618 2663 686 2707 dixit
696 2681 704 2706 .·
714 2658 772 2707 Sunt
786 2662 881 2717 quidem
895 2663 918 2706 ln

116 2723 182 2769 robis
195 2723 235 2779 qui
247 2736 294 2767 non
305 2724 446 2781 intelligunt,
459 2724 500 2769 sod
510 2738 608 2770 courum
618 2726 686 2771 dixit
697 2736 772 2783 poure
780 2736 832 2769 ooo
845 2726 920 2770 totot-

116 2786 195 2843 le'pustl
211 2805 218 2829 .-
234 2785 297 2831 Sunt
310 2789 376 2831 eoim
389 2788 489 2845 quidum
503 2790 532 2833 to
553 2788 619 2834 oodto
633 2790 677 2849 oret
695 2784 744 2833 ooo
763 2786 883 2838 crederet,
897 2790 921 2833 et

115 2848 171 2895 ideo
178 2861 229 2893 oon
236 2849 381 2907 intelligunt
389 2852 448 2907 quie
454 2863 504 2894 ooo
512 2852 623 2897 credent.
631 2851 752 2909 Proptelo
759 2850 824 2895 eodm
833 2848 903 2895 uicto
913 2869 921 2894 .-

117 2912 174 2959 Nr're'
182 2909 348 2961 credideritis,
357 2926 409 2957 ooo
419 2913 576 2972 iolettipelo‘rr
587 2916 661 2971 isole,
671 2915 724 2973 vll,
733 2926 756 2958 v.
764 2912 788 2973 9,
799 2915 865 2969 juxte
876 2912 917 2972 dt),

116 2974 156 3017 ubi
170 2974 268 3031 Vulgata
281 2972 338 3031 legit
348 2991 353 3017 :
365 2987 416 3018 ooo
428 2975 617 3032 persuadebitis,
630 2982 675 3023 eto.
