1992 3342
130 206 175 256 1⁰2
324 220 384 256 unns
400 218 422 266 l,
439 220 531 264 ouasr.
549 220 610 270 vlu,
629 223 683 258 nar.
701 219 729 259 ll.

129 294 270 346 babetloous
280 295 309 345 ad
318 296 483 358 permanentia.
495 294 540 347 Sed
553 310 623 347 unum
633 294 771 348 indivisibile
783 294 880 347 actionis
895 296 930 347 vel

129 370 216 429 motus,
231 378 276 415 non
297 368 373 429 potest
393 380 443 417 esse
463 367 488 416 in
511 367 605 420 diversis
626 368 791 433 temporibus:
812 380 867 431 erpo
889 380 932 418 nec

129 449 201 487 uuum
212 436 349 488 indivisibile
364 437 389 486 in
407 452 491 501 genere
504 454 579 490 rerum
593 440 776 504 permanentium
788 442 864 503 potest
882 452 933 491 esse
983 456 984 471 ¹

128 508 155 557 in
169 507 274 559 omuibus
289 508 352 559 loeis.
371 509 426 559 Esse
443 514 519 561 autem
540 510 642 561 divinum
656 514 747 563 nonest
763 510 933 573 successivum,

130 580 171 630 sed
178 592 323 643 permanens.
336 582 395 643 Ergo
407 582 466 631 Deus
478 596 525 632 non
536 586 570 633 est
580 582 605 630 in
614 583 717 646 pluribus
728 581 791 633 locis.
806 582 834 631 Et
845 582 878 633 ita
888 596 936 631 non

132 656 167 701 est
184 651 276 716 ubique.

165 728 187 773 3.
201 725 328 786 merea,
344 724 405 787 quod
423 726 458 775 est
475 726 548 774 lotum
566 724 662 787 alieubi,
677 722 733 773 nibil
748 722 799 787 ejus
814 726 848 772 esi
870 726 937 775 extra

132 796 207 845 locum
215 794 295 857 ilium;
309 795 348 845 sed
360 796 450 845 Denssi
467 799 502 845 est
512 796 537 844 ln
548 795 623 859 aliquo
634 796 700 858 loco,
713 797 774 845 totus
788 798 822 845 est
832 794 875 857 lbi,
887 808 938 845 non

133 867 195 916 enim
209 866 278 916 habet
293 870 370 929 partes
385 883 391 915 z
406 880 462 929 ergo
478 866 535 917 nihil
551 867 602 931 eius
620 870 655 918 est
674 871 737 917 extra
755 866 831 917 locum
847 866 914 917 illum
932 884 937 917 :

134 950 190 999 ergo
202 938 262 987 bens
275 950 320 987 non
334 941 368 989 est
381 937 474 1002 ubique.

166 1009 212 1058 Sed
228 1012 306 1060 contra
324 1012 374 1072 est,
393 1010 453 1073 quod
464 1008 546 1059 dicitur
564 1006 770 1061 Hieremdllllll:
785 1024 799 1055 u
812 1008 901 1059 Coelurn
915 1013 950 1061 el·

135 1084 219 1130 terram
232 1093 275 1142 ego
287 1079 371 1145 impleo
384 1079 427 1145 (l).
443 1096 457 1127 n

166 1152 176 1217 (
186 1154 430 1203 nuncnunc-bens
442 1157 477 1202 ost
486 1152 511 1201 in
521 1152 626 1203 omnibus
636 1152 700 1215 locis,
712 1148 820 1215 ianquim
830 1148 856 1199 'vn
870 1152 942 1203 rebus

135 1224 217 1287 quribus
226 1224 316 1275 confert
327 1224 436 1275 virtutem
444 1224 625 1274 conservativam
639 1222 721 1286 locati,
736 1226 760 1273 et
772 1225 807 1272 est
819 1221 846 1270 in
862 1223 942 1273 omni-

136 1296 179 1347 bus
194 1296 251 1346 loeis
262 1298 354 1361 replens
365 1296 441 1346 omnia
453 1296 513 1358 loca,
527 1308 574 1346 non
586 1294 644 1344 sicut
657 1307 739 1358 corpus
750 1292 880 1357 impediens
895 1295 942 1345 alia

136 1368 219 1431 locari,
236 1371 277 1419 sed
293 1368 406 1419 causando
424 1364 484 1431 qudd
505 1366 581 1417 omnia
594 1364 639 1415 alia
654 1366 700 1416 sint
715 1365 742 1415 in
754 1365 819 1428 loeo,
838 1368 862 1415 et
875 1364 943 1417 illum

136 1440 260 1505 repleant.)

169 1512 303 1574 llespondeo
316 1511 444 1574 meandum,
459 1509 520 1575 qnbd
531 1508 582 1560 crim
592 1510 655 1561 locus
666 1508 695 1559 sii
706 1520 743 1558 res
755 1506 875 1571 quedam,
891 1522 943 1560 esse

138 1582 223 1646 aliquid
238 1582 263 1631 in
280 1582 345 1646 loco,
362 1586 438 1646 potest
456 1580 556 1644 intelligi
574 1580 701 1644 dupliciter.
723 1579 764 1628 Vel
783 1590 824 1641 per
847 1580 943 1631 rnodnnr

139 1654 234 1714 abarum
247 1666 323 1703 rerum
330 1691 338 1716 ,
352 1653 377 1703 id
390 1658 436 1717 esi,
447 1654 505 1705 sicut
517 1652 599 1703 dicitur
612 1650 697 1715 aliquid
711 1664 760 1701 esse
773 1649 797 1698 iu
809 1649 861 1699 aliis
875 1654 945 1702 rebus

140 1738 281 1789 quocumque
300 1726 367 1776 modo
375 1763 383 1789 ‚
403 1726 461 1776 sient
476 1722 602 1775 accidentia
617 1722 661 1772 loci
672 1726 725 1771 sunt
738 1720 762 1770 in
774 1722 834 1771 loco.
848 1722 891 1772 Vel
903 1738 946 1787 por·

141 1796 233 1845 modum
242 1796 357 1860 proprium
368 1797 422 1859 loci,
431 1796 490 1846 sicul
499 1797 573 1846 locata
581 1798 634 1845 suni
643 1793 668 1842 in
681 1794 738 1844 loeo.
752 1793 852 1856 Utroque
864 1799 946 1845 autern
985 1788 986 1803 ³

141 1867 209 1916 ruodo
217 1868 342 1917 secundum
354 1866 439 1931 aliquid
451 1870 510 1917 bens
522 1870 556 1917 est
573 1866 598 1916 in
614 1865 677 1915 omni
690 1866 756 1927 loco,
768 1864 829 1926 quod
842 1867 878 1914 est
893 1879 946 1916 essu

143 1938 234 2003 ubique.
247 1938 323 1989 Primo
333 1938 424 2002 quidem
444 1939 477 1987 sic
496 1942 531 1987 est
548 1938 573 1987 in
589 1938 693 1986 omnibus
709 1936 777 1984 rebus
783 1972 792 1997 ,
804 1938 831 1983 ut
841 1935 900 1986 daus
914 1939 948 1987 ei<

142 2024 205 2074 esse,
217 2011 402 2073 etvirtutem‚et
414 2009 570 2073 operationem
583 2024 588 2056 ε
601 2006 634 2059 sio
646 2007 707 2057 enim
717 2008 751 2056 est
768 2006 793 2056 in
808 2007 872 2056 omuli
886 2006 948 2072 lovan

143 2085 168 2130 ul
181 2082 238 2132 dans
251 2082 273 2131 ei
283 2095 332 2132 esse
344 2085 368 2131 et
380 2081 488 2131 virtutem
499 2080 630 2129 localivam.
642 2080 699 2128 ltem
707 2078 779 2127 locata
793 2080 847 2129 sunt
859 2078 886 2127 in
897 2079 949 2131 lou-o

142 2152 288 2214 inquantum
299 2154 389 2216 replent
401 2153 490 2215 locum;
504 2154 528 2201 et
540 2153 601 2201 bens
610 2163 701 2200 ornnem
712 2150 786 2199 locum
801 2151 890 2214 replet,
901 2167 950 2204 non

143 2222 202 2273 sicut
214 2238 296 2287 corpus
308 2223 406 2288 (eorpus
421 2224 483 2273 enim
502 2222 584 2273 dicitur
597 2222 684 2285 replere
698 2221 781 2283 locum,
796 2220 820 2270 in
834 2228 951 2285 quantuni
985 2230 986 2233 ’

145 2307 190 2343 non
201 2294 337 2357 compatitur
353 2308 431 2345 secum
447 2294 509 2344 aliud
522 2292 634 2358 corpus),
649 2292 689 2343 sed
704 2305 746 2356 per
756 2293 799 2341 boc
811 2294 875 2356 quod
887 2294 953 2346 Dens

146 2368 181 2414 esi
197 2364 222 2415 in
236 2365 311 2429 aliquo
322 2366 388 2427 loeo,
399 2378 446 2416 non
462 2364 589 2415 excluditur
601 2363 657 2428 quin
669 2362 713 2413 alia
724 2361 770 2413 sint
783 2362 828 2427 ibi;
842 2363 891 2415 imb
909 2380 954 2429 por·

179 2499 210 2562 (l)
224 2502 270 2547 Vel
289 2514 341 2546 eum
356 2507 412 2547 nola
424 2501 612 2559 interrogationis
630 2500 657 2548 ad
673 2502 784 2557 maiorem
797 2500 933 2557 emphasim
949 2522 954 2548 :

147 2564 268 2622 quuid
277 2577 328 2609 noo
339 2565 425 2609 coelom
435 2570 457 2610 el
465 2569 557 2610 terram
566 2576 609 2622 epo
621 2564 727 2623 impleo?
738 2563 800 2609 dicit
809 2563 938 2612 Dominus
948 2583 955 2617 ,·

148 2631 174 2669 nt
187 2640 248 2672 vers.
269 2626 300 2670 24
313 2628 458 2673 subnectitur
476 2627 528 2672 aliis
542 2627 619 2673 verbis
631 2644 637 2670 :
649 2626 769 2684 Nunpoid
780 2638 831 2671 uon
844 2626 914 2673 Deru
927 2631 956 2673 cle

147 2689 297 2747 lonqinquo,
316 2702 367 2735 conv
380 2690 474 2735 lontbov
497 2690 527 2735 de
543 2690 644 2739 cicilio,
665 2702 707 2746 epo
723 2701 792 2738 sum,
806 2688 835 2733 ad
848 2690 957 2745 proben-

148 2751 202 2795 dum
220 2752 283 2808 quod
300 2765 346 2797 non
367 2753 496 2809 propinqua
514 2752 602 2797 tanturn
621 2750 661 2796 sed
674 2751 798 2809 longinqua
809 2762 955 2808 cognoscat:

148 2814 192 2858 elsi
203 2814 234 2858 'lb
244 2816 337 2873 legunt:
347 2814 411 2859 Deus
423 2816 627 2873 appropinquant
638 2826 679 2871 opo
691 2826 743 2857 sum
753 2818 773 2859 et
784 2826 835 2858 non
844 2814 914 2860 Deus
929 2818 958 2860 clo

148 2876 233 2933 lonpt,
248 2878 276 2922 ad
291 2877 434 2933 probandum
450 2876 511 2933 quod
528 2877 612 2933 ubique
631 2876 674 2935 sit,
689 2876 721 2920 alt
734 2876 820 2920 ibidem
836 2877 959 2935 Hieronp-

150 2951 209 2983 nnus.
