<?xml version="1.0" encoding="UTF-8"?>
<!DOCTYPE html PUBLIC "-//W3C//DTD XHTML 1.0 Transitional//EN"
    "http://www.w3.org/TR/xhtml1/DTD/xhtml1-transitional.dtd">
<html xmlns="http://www.w3.org/1999/xhtml" xml:lang="en" lang="en">
 <head>
  <title>
</title>
<meta http-equiv="Content-Type" content="text/html;charset=utf-8" />
  <meta name='ocr-system' content='tesseract 3.04.00' />
  <meta name='ocr-capabilities' content='ocr_page ocr_carea ocr_par ocr_line ocrx_word'/>
</head>
<body>
  <div class='ocr_page' id='page_1' title='image "./summatheologica04nicogoog_0825.png"; bbox 0 0 1992 3342; ppageno 0'>
   <div class='ocr_carea' id='block_1_1' title="bbox 136 241 739 299">
    <p class='ocr_par' dir='ltr' id='par_1_1' title="bbox 136 241 739 299">
     <span class='ocr_line' id='line_1_1' title="bbox 136 241 739 299; baseline -0.01 -8"><span class='ocrx_word' id='word_1_1' title='bbox 136 241 183 291; x_wconf 69' lang='lat' dir='ltr'>m</span> <span class='ocrx_word' id='word_1_2' title='bbox 240 251 246 264; x_wconf 90' lang='lat'><strong>·</strong></span> <span class='ocrx_word' id='word_1_3' title='bbox 339 249 399 288; x_wconf 79' lang='lat' dir='ltr'><strong>raus</strong></span> <span class='ocrx_word' id='word_1_4' title='bbox 414 249 437 297; x_wconf 86' lang='grc' dir='ltr'><strong>ι,</strong></span> <span class='ocrx_word' id='word_1_5' title='bbox 454 247 547 296; x_wconf 74' lang='lat' dir='ltr'><strong>oum.</strong></span> <span class='ocrx_word' id='word_1_6' title='bbox 562 248 611 299; x_wconf 85' lang='lat' dir='ltr'><strong>m,</strong></span> <span class='ocrx_word' id='word_1_7' title='bbox 630 247 685 286; x_wconf 79' lang='lat' dir='ltr'><strong>nr.</strong></span> <span class='ocrx_word' id='word_1_8' title='bbox 701 249 739 285; x_wconf 89' lang='lat' dir='ltr'><strong>m.</strong></span> 
     </span>
    </p>
   </div>
   <div class='ocr_carea' id='block_1_2' title="bbox 135 324 993 3050">
    <p class='ocr_par' dir='ltr' id='par_1_2' title="bbox 135 324 944 606">
     <span class='ocr_line' id='line_1_2' title="bbox 135 324 944 396; baseline 0.002 -18"><span class='ocrx_word' id='word_1_9' title='bbox 135 327 203 396; x_wconf 82' lang='lat' dir='ltr'><strong>qubuu</strong></span> <span class='ocrx_word' id='word_1_10' title='bbox 217 341 262 380; x_wconf 90' lang='lat' dir='ltr'><strong>uua</strong></span> <span class='ocrx_word' id='word_1_11' title='bbox 274 329 356 378; x_wconf 88' lang='lat' dir='ltr'><strong>natura</strong></span> <span class='ocrx_word' id='word_1_12' title='bbox 370 325 494 392; x_wconf 86' lang='lat' dir='ltr'><strong>corporalis</strong></span> <span class='ocrx_word' id='word_1_13' title='bbox 506 325 534 375; x_wconf 90' lang='lat' dir='ltr'><strong>ab</strong></span> <span class='ocrx_word' id='word_1_14' title='bbox 546 324 600 375; x_wconf 84' lang='lat' dir='ltr'><strong>alia.</strong></span> <span class='ocrx_word' id='word_1_15' title='bbox 612 325 658 376; x_wconf 88' lang='lat' dir='ltr'><strong>Sed</strong></span> <span class='ocrx_word' id='word_1_16' title='bbox 667 339 716 376; x_wconf 87' lang='lat' dir='ltr'><strong>uua</strong></span> <span class='ocrx_word' id='word_1_17' title='bbox 728 329 815 377; x_wconf 84' lang='lat' dir='ltr'><strong>natura</strong></span> <span class='ocrx_word' id='word_1_18' title='bbox 823 330 944 395; x_wconf 72' lang='lat' dir='ltr'><strong>corporis</strong></span> 
     </span>
     <span class='ocr_line' id='line_1_3' title="bbox 136 397 943 468; baseline -0.004 -16"><span class='ocrx_word' id='word_1_19' title='bbox 136 401 180 452; x_wconf 82' lang='lat' dir='ltr'><strong>tuit</strong></span> <span class='ocrx_word' id='word_1_20' title='bbox 192 405 245 452; x_wconf 87' lang='lat' dir='ltr'><strong>autc</strong></span> <span class='ocrx_word' id='word_1_21' title='bbox 262 401 328 450; x_wconf 84' lang='lat' dir='ltr'><strong>alienu</strong></span> <span class='ocrx_word' id='word_1_22' title='bbox 341 415 347 449; x_wconf 90' lang='lat'>:</span> <span class='ocrx_word' id='word_1_23' title='bbox 362 399 422 452; x_wconf 85' lang='lat' dir='ltr'><strong>uude</strong></span> <span class='ocrx_word' id='word_1_24' title='bbox 436 401 460 449; x_wconf 90' lang='lat' dir='ltr'><strong>et</strong></span> <span class='ocrx_word' id='word_1_25' title='bbox 471 411 513 449; x_wconf 83' lang='lat' dir='ltr'><strong>ser</strong></span> <span class='ocrx_word' id='word_1_26' title='bbox 521 397 570 448; x_wconf 88' lang='lat' dir='ltr'><strong>dies</strong></span> <span class='ocrx_word' id='word_1_27' title='bbox 581 397 739 462; x_wconf 81' lang='lat' dir='ltr'><strong>productionis</strong></span> <span class='ocrx_word' id='word_1_28' title='bbox 750 413 833 454; x_wconf 84' lang='lat' dir='ltr'><strong>rerum</strong></span> <span class='ocrx_word' id='word_1_29' title='bbox 847 403 874 452; x_wconf 87' lang='lat' dir='ltr'><strong>iu</strong></span> <span class='ocrx_word' id='word_1_30' title='bbox 887 403 943 468; x_wconf 85' lang='lat' dir='ltr'><strong>prin-</strong></span> 
     </span>
     <span class='ocr_line' id='line_1_4' title="bbox 135 468 943 538; baseline 0 -14"><span class='ocrx_word' id='word_1_31' title='bbox 135 473 196 538; x_wconf 87' lang='lat' dir='ltr'><strong>cipio</strong></span> <span class='ocrx_word' id='word_1_32' title='bbox 208 473 303 524; x_wconf 75' lang='lat' dir='ltr'>Genesis</span> <span class='ocrx_word' id='word_1_33' title='bbox 316 471 481 522; x_wconf 86' lang='lat' dir='ltr'><strong>describuntur.</strong></span> <span class='ocrx_word' id='word_1_34' title='bbox 495 471 554 534; x_wconf 74' lang='lat' dir='ltr'><strong>llrpo</strong></span> <span class='ocrx_word' id='word_1_35' title='bbox 566 468 640 536; x_wconf 82' lang='lat' dir='ltr'><strong>ruultd</strong></span> <span class='ocrx_word' id='word_1_36' title='bbox 653 469 727 533; x_wconf 82' lang='lat' dir='ltr'><strong>magis</strong></span> <span class='ocrx_word' id='word_1_37' title='bbox 739 476 827 524; x_wconf 88' lang='lat' dir='ltr'><strong>natura</strong></span> <span class='ocrx_word' id='word_1_38' title='bbox 841 476 943 538; x_wconf 78' lang='lat' dir='ltr'><strong>angelice</strong></span> 
     </span>
     <span class='ocr_line' id='line_1_5' title="bbox 136 545 700 606; baseline -0.005 -11"><span class='ocrx_word' id='word_1_39' title='bbox 136 545 198 595; x_wconf 87' lang='lat' dir='ltr'><strong>lacta</strong></span> <span class='ocrx_word' id='word_1_40' title='bbox 212 549 248 595; x_wconf 89' lang='lat' dir='ltr'><strong>est</strong></span> <span class='ocrx_word' id='word_1_41' title='bbox 264 547 318 595; x_wconf 86' lang='lat' dir='ltr'><strong>ante</strong></span> <span class='ocrx_word' id='word_1_42' title='bbox 335 553 427 594; x_wconf 82' lang='lat' dir='ltr'><strong>omnem</strong></span> <span class='ocrx_word' id='word_1_43' title='bbox 441 545 545 593; x_wconf 74' lang='lat' dir='ltr'><strong>natumm</strong></span> <span class='ocrx_word' id='word_1_44' title='bbox 560 552 700 606; x_wconf 75' lang='lat' dir='ltr'><strong>corpoream.</strong></span> 
     </span>
    </p>

    <p class='ocr_par' dir='ltr' id='par_1_3' title="bbox 137 613 993 898">
     <span class='ocr_line' id='line_1_6' title="bbox 169 613 945 681; baseline -0.001 -13"><span class='ocrx_word' id='word_1_45' title='bbox 169 617 213 668; x_wconf 82' lang='lat' dir='ltr'><strong>Sed</strong></span> <span class='ocrx_word' id='word_1_46' title='bbox 222 621 301 668; x_wconf 81' lang='lat' dir='ltr'><strong>contra</strong></span> <span class='ocrx_word' id='word_1_47' title='bbox 310 617 354 678; x_wconf 89' lang='lat' dir='ltr'><strong>est,</strong></span> <span class='ocrx_word' id='word_1_48' title='bbox 363 615 425 678; x_wconf 87' lang='lat' dir='ltr'><strong>quod</strong></span> <span class='ocrx_word' id='word_1_49' title='bbox 435 613 516 664; x_wconf 87' lang='lat' dir='ltr'><strong>dicitur</strong></span> <span class='ocrx_word' id='word_1_50' title='bbox 526 615 643 674; x_wconf 80' lang='lat' dir='ltr'><strong>Genec.,l</strong></span> <span class='ocrx_word' id='word_1_51' title='bbox 655 627 660 662; x_wconf 77' lang='lat' dir='ltr'><em>e</em></span> <span class='ocrx_word' id='word_1_52' title='bbox 671 632 685 662; x_wconf 83' lang='lat' dir='ltr'><strong>u</strong></span> <span class='ocrx_word' id='word_1_53' title='bbox 692 615 721 664; x_wconf 91' lang='lat' dir='ltr'><strong>ln</strong></span> <span class='ocrx_word' id='word_1_54' title='bbox 731 615 856 681; x_wconf 85' lang='lat' dir='ltr'><strong>principio</strong></span> <span class='ocrx_word' id='word_1_55' title='bbox 863 620 945 670; x_wconf 76' lang='lat' dir='ltr'><strong>creauit</strong></span> 
     </span>
     <span class='ocr_line' id='line_1_7' title="bbox 137 686 945 754; baseline 0.001 -14"><span class='ocrx_word' id='word_1_56' title='bbox 137 689 198 740; x_wconf 88' lang='lat' dir='ltr'><strong>lleus</strong></span> <span class='ocrx_word' id='word_1_57' title='bbox 207 689 289 739; x_wconf 85' lang='lat' dir='ltr'><strong>coeluur</strong></span> <span class='ocrx_word' id='word_1_58' title='bbox 303 691 458 738; x_wconf 73' lang='lat' dir='ltr'><strong>eitonam.»</strong></span> <span class='ocrx_word' id='word_1_59' title='bbox 473 686 524 736; x_wconf 83' lang='lat' dir='ltr'><strong>Nou</strong></span> <span class='ocrx_word' id='word_1_60' title='bbox 538 687 613 735; x_wconf 87' lang='lat' dir='ltr'><strong>autem</strong></span> <span class='ocrx_word' id='word_1_61' title='bbox 623 687 668 736; x_wconf 89' lang='lat' dir='ltr'><strong>boc</strong></span> <span class='ocrx_word' id='word_1_62' title='bbox 684 691 748 737; x_wconf 88' lang='lat' dir='ltr'><strong>esset</strong></span> <span class='ocrx_word' id='word_1_63' title='bbox 765 701 866 754; x_wconf 85' lang='lat' dir='ltr'><strong>verum,</strong></span> <span class='ocrx_word' id='word_1_64' title='bbox 878 692 899 741; x_wconf 88' lang='lat' dir='ltr'><strong>si</strong></span> <span class='ocrx_word' id='word_1_65' title='bbox 909 692 945 741; x_wconf 88' lang='lat' dir='ltr'><strong>ali-</strong></span> 
     </span>
     <span class='ocr_line' id='line_1_8' title="bbox 138 757 944 825; baseline 0.002 -15"><span class='ocrx_word' id='word_1_66' title='bbox 138 759 192 825; x_wconf 85' lang='lat' dir='ltr'><strong>quid</strong></span> <span class='ocrx_word' id='word_1_67' title='bbox 209 761 309 810; x_wconf 76' lang='lat' dir='ltr'><strong>creasset</strong></span> <span class='ocrx_word' id='word_1_68' title='bbox 328 761 381 809; x_wconf 85' lang='lat' dir='ltr'><strong>aute</strong></span> <span class='ocrx_word' id='word_1_69' title='bbox 401 771 437 810; x_wconf 82' lang='lat' dir='ltr'><strong>ea.</strong></span> <span class='ocrx_word' id='word_1_70' title='bbox 454 759 514 822; x_wconf 82' lang='lat' dir='ltr'><strong>Ergo</strong></span> <span class='ocrx_word' id='word_1_71' title='bbox 533 757 609 822; x_wconf 80' lang='lat' dir='ltr'><strong>augeli</strong></span> <span class='ocrx_word' id='word_1_72' title='bbox 625 771 671 809; x_wconf 91' lang='lat' dir='ltr'><strong>uon</strong></span> <span class='ocrx_word' id='word_1_73' title='bbox 692 763 747 808; x_wconf 88' lang='lat' dir='ltr'><strong>suut</strong></span> <span class='ocrx_word' id='word_1_74' title='bbox 764 765 821 810; x_wconf 89' lang='lat' dir='ltr'><strong>aute</strong></span> <span class='ocrx_word' id='word_1_75' title='bbox 843 767 944 812; x_wconf 77' lang='lat' dir='ltr'><strong>naturam</strong></span> 
     </span>
     <span class='ocr_line' id='line_1_9' title="bbox 138 830 993 898; baseline 0.002 -14"><span class='ocrx_word' id='word_1_76' title='bbox 138 844 269 898; x_wconf 85' lang='lat' dir='ltr'><strong>corpoream</strong></span> <span class='ocrx_word' id='word_1_77' title='bbox 284 830 364 882; x_wconf 83' lang='lat' dir='ltr'><strong>creati</strong></span> <span class='ocrx_word' id='word_1_78' title='bbox 819 881 824 886; x_wconf 91' lang='lat'>.</span> <span class='ocrx_word' id='word_1_79' title='bbox 991 840 993 849; x_wconf 89' lang='lat'>&#39;</span> 
     </span>
    </p>

    <p class='ocr_par' dir='ltr' id='par_1_4' title="bbox 137 899 945 1114">
     <span class='ocr_line' id='line_1_10' title="bbox 170 899 943 968; baseline 0 -13"><span class='ocrx_word' id='word_1_80' title='bbox 170 905 329 966; x_wconf 82' lang='lat' dir='ltr'><strong>(Cuucuusro.</strong></span> <span class='ocrx_word' id='word_1_81' title='bbox 337 929 368 940; x_wconf 92' lang='lat'>-</span> <span class='ocrx_word' id='word_1_82' title='bbox 376 901 433 952; x_wconf 84' lang='lat' dir='ltr'><strong>Cbru</strong></span> <span class='ocrx_word' id='word_1_83' title='bbox 447 899 523 968; x_wconf 77' lang='lat' dir='ltr'><strong>augeli</strong></span> <span class='ocrx_word' id='word_1_84' title='bbox 537 902 566 951; x_wconf 93' lang='lat' dir='ltr'><strong>ad</strong></span> <span class='ocrx_word' id='word_1_85' title='bbox 573 901 677 952; x_wconf 84' lang='lat' dir='ltr'><strong>universi</strong></span> <span class='ocrx_word' id='word_1_86' title='bbox 689 901 866 967; x_wconf 71' lang='lat' dir='ltr'><strong>perfectionem</strong></span> <span class='ocrx_word' id='word_1_87' title='bbox 878 907 943 957; x_wconf 77' lang='lat' dir='ltr'><strong>creat</strong></span> 
     </span>
     <span class='ocr_line' id='line_1_11' title="bbox 138 974 945 1044; baseline 0.002 -16"><span class='ocrx_word' id='word_1_88' title='bbox 138 975 237 1042; x_wconf 77' lang='lat' dir='ltr'><strong>meriut,</strong></span> <span class='ocrx_word' id='word_1_89' title='bbox 251 975 392 1044; x_wconf 75' lang='lat' dir='ltr'><strong>probabilius</strong></span> <span class='ocrx_word' id='word_1_90' title='bbox 413 979 448 1026; x_wconf 82' lang='lat' dir='ltr'><strong>est</strong></span> <span class='ocrx_word' id='word_1_91' title='bbox 466 975 518 1026; x_wconf 88' lang='lat' dir='ltr'><strong>illos</strong></span> <span class='ocrx_word' id='word_1_92' title='bbox 538 975 610 1026; x_wconf 68' lang='lat' dir='ltr'><strong>insse</strong></span> <span class='ocrx_word' id='word_1_93' title='bbox 624 974 638 1026; x_wconf 84' lang='lat' dir='ltr'><strong>l</strong></span> <span class='ocrx_word' id='word_1_94' title='bbox 651 977 698 1028; x_wconf 80' lang='lat' dir='ltr'><strong>lieo</strong></span> <span class='ocrx_word' id='word_1_95' title='bbox 718 981 811 1029; x_wconf 86' lang='lat' dir='ltr'><strong>creatos</strong></span> <span class='ocrx_word' id='word_1_96' title='bbox 830 994 887 1030; x_wconf 87' lang='lat' dir='ltr'><strong>cnm</strong></span> <span class='ocrx_word' id='word_1_97' title='bbox 900 981 945 1044; x_wconf 85' lang='lat' dir='ltr'><strong>ipso</strong></span> 
     </span>
     <span class='ocr_line' id='line_1_12' title="bbox 137 1045 449 1114; baseline -0.01 -15"><span class='ocrx_word' id='word_1_98' title='bbox 137 1047 260 1112; x_wconf 79' lang='lat' dir='ltr'><strong>universo,</strong></span> <span class='ocrx_word' id='word_1_99' title='bbox 274 1045 342 1114; x_wconf 84' lang='lat' dir='ltr'><strong>qutun</strong></span> <span class='ocrx_word' id='word_1_100' title='bbox 357 1049 449 1110; x_wconf 82' lang='lat' dir='ltr'><strong>autea.)</strong></span> 
     </span>
    </p>

    <p class='ocr_par' dir='ltr' id='par_1_5' title="bbox 137 1114 993 2246">
     <span class='ocr_line' id='line_1_13' title="bbox 169 1114 944 1186; baseline 0.004 -16"><span class='ocrx_word' id='word_1_101' title='bbox 169 1121 304 1186; x_wconf 86' lang='lat' dir='ltr'><strong>llcspoudeo</strong></span> <span class='ocrx_word' id='word_1_102' title='bbox 315 1119 449 1186; x_wconf 75' lang='lat' dir='ltr'><strong>dcundum,</strong></span> <span class='ocrx_word' id='word_1_103' title='bbox 461 1119 522 1184; x_wconf 79' lang='lat' dir='ltr'><strong>pudd</strong></span> <span class='ocrx_word' id='word_1_104' title='bbox 532 1117 593 1170; x_wconf 82' lang='lat' dir='ltr'><strong>circa</strong></span> <span class='ocrx_word' id='word_1_105' title='bbox 603 1120 647 1170; x_wconf 89' lang='lat' dir='ltr'><strong>boc</strong></span> <span class='ocrx_word' id='word_1_106' title='bbox 654 1114 774 1170; x_wconf 68' lang='lat' dir='ltr'><strong>iuuenibur</strong></span> <span class='ocrx_word' id='word_1_107' title='bbox 785 1121 876 1186; x_wconf 81' lang='lat' dir='ltr'><strong>duplex</strong></span> <span class='ocrx_word' id='word_1_108' title='bbox 885 1137 944 1173; x_wconf 82' lang='lat' dir='ltr'><strong>suur-</strong></span> 
     </span>
     <span class='ocr_line' id='line_1_14' title="bbox 137 1187 943 1259; baseline 0.002 -16"><span class='ocrx_word' id='word_1_109' title='bbox 137 1195 212 1244; x_wconf 83' lang='lat' dir='ltr'><strong>lcrutu</strong></span> <span class='ocrx_word' id='word_1_110' title='bbox 223 1191 344 1243; x_wconf 84' lang='lat' dir='ltr'><strong>Doctorum</strong></span> <span class='ocrx_word' id='word_1_111' title='bbox 355 1189 469 1242; x_wconf 83' lang='lat' dir='ltr'><strong>sententia</strong></span> <span class='ocrx_word' id='word_1_112' title='bbox 478 1211 485 1250; x_wconf 85' lang='lat' dir='ltr'><strong>t</strong></span> <span class='ocrx_word' id='word_1_113' title='bbox 495 1189 535 1241; x_wconf 87' lang='lat' dir='ltr'><strong>illa</strong></span> <span class='ocrx_word' id='word_1_114' title='bbox 541 1195 619 1241; x_wconf 88' lang='lat' dir='ltr'><strong>lamen</strong></span> <span class='ocrx_word' id='word_1_115' title='bbox 629 1187 769 1256; x_wconf 82' lang='lat' dir='ltr'><strong>probabilior</strong></span> <span class='ocrx_word' id='word_1_116' title='bbox 775 1192 883 1256; x_wconf 82' lang='lat' dir='ltr'><strong>uidetur,</strong></span> <span class='ocrx_word' id='word_1_117' title='bbox 890 1195 943 1259; x_wconf 83' lang='lat' dir='ltr'><strong>publ</strong></span> 
     </span>
     <span class='ocr_line' id='line_1_15' title="bbox 139 1261 942 1328; baseline -0.001 -13"><span class='ocrx_word' id='word_1_118' title='bbox 139 1261 216 1328; x_wconf 54' lang='lat' dir='ltr'><strong>eupli</strong></span> <span class='ocrx_word' id='word_1_119' title='bbox 230 1263 298 1314; x_wconf 87' lang='lat' dir='ltr'><strong>simul</strong></span> <span class='ocrx_word' id='word_1_120' title='bbox 312 1275 364 1314; x_wconf 88' lang='lat' dir='ltr'><strong>cum</strong></span> <span class='ocrx_word' id='word_1_121' title='bbox 381 1267 483 1313; x_wconf 86' lang='lat' dir='ltr'><strong>creatura</strong></span> <span class='ocrx_word' id='word_1_122' title='bbox 501 1275 608 1328; x_wconf 88' lang='lat' dir='ltr'><strong>corporea</strong></span> <span class='ocrx_word' id='word_1_123' title='bbox 623 1266 677 1313; x_wconf 84' lang='lat' dir='ltr'><strong>suut</strong></span> <span class='ocrx_word' id='word_1_124' title='bbox 687 1264 767 1313; x_wconf 84' lang='lat' dir='ltr'><strong>creati.</strong></span> <span class='ocrx_word' id='word_1_125' title='bbox 782 1265 870 1328; x_wconf 74' lang='lat' dir='ltr'><strong>angeli</strong></span> <span class='ocrx_word' id='word_1_126' title='bbox 887 1267 942 1316; x_wconf 86' lang='lat' dir='ltr'><strong>cuin</strong></span> 
     </span>
     <span class='ocr_line' id='line_1_16' title="bbox 139 1331 943 1398; baseline -0.001 -14"><span class='ocrx_word' id='word_1_127' title='bbox 139 1337 194 1385; x_wconf 84' lang='lat' dir='ltr'><strong>suut</strong></span> <span class='ocrx_word' id='word_1_128' title='bbox 204 1335 307 1398; x_wconf 79' lang='lat' dir='ltr'><strong>quadam</strong></span> <span class='ocrx_word' id='word_1_129' title='bbox 317 1343 370 1397; x_wconf 82' lang='lat' dir='ltr'><strong>paru</strong></span> <span class='ocrx_word' id='word_1_130' title='bbox 378 1331 495 1396; x_wconf 83' lang='lat' dir='ltr'><strong>uuiversi3</strong></span> <span class='ocrx_word' id='word_1_131' title='bbox 506 1345 553 1382; x_wconf 92' lang='lat' dir='ltr'><strong>uon</strong></span> <span class='ocrx_word' id='word_1_132' title='bbox 560 1333 622 1383; x_wconf 88' lang='lat' dir='ltr'><strong>enim</strong></span> <span class='ocrx_word' id='word_1_133' title='bbox 633 1332 777 1383; x_wconf 87' lang='lat' dir='ltr'><strong>constituunt</strong></span> <span class='ocrx_word' id='word_1_134' title='bbox 786 1348 832 1398; x_wconf 87' lang='lat' dir='ltr'><strong>per</strong></span> <span class='ocrx_word' id='word_1_135' title='bbox 843 1349 871 1385; x_wconf 86' lang='lat' dir='ltr'><strong>se</strong></span> <span class='ocrx_word' id='word_1_136' title='bbox 878 1350 943 1385; x_wconf 87' lang='lat' dir='ltr'><strong>uuuu</strong></span> 
     </span>
     <span class='ocr_line' id='line_1_17' title="bbox 140 1403 943 1470; baseline -0.004 -14"><span class='ocrx_word' id='word_1_137' title='bbox 140 1407 288 1466; x_wconf 87' lang='lat' dir='ltr'><strong>uniuersum,</strong></span> <span class='ocrx_word' id='word_1_138' title='bbox 301 1404 341 1454; x_wconf 89' lang='lat' dir='ltr'><strong>sed</strong></span> <span class='ocrx_word' id='word_1_139' title='bbox 356 1407 403 1454; x_wconf 86' lang='lat' dir='ltr'><strong>tum</strong></span> <span class='ocrx_word' id='word_1_140' title='bbox 419 1403 465 1468; x_wconf 87' lang='lat' dir='ltr'><strong>ipsi</strong></span> <span class='ocrx_word' id='word_1_141' title='bbox 477 1404 545 1468; x_wconf 83' lang='lat' dir='ltr'><strong>qubru</strong></span> <span class='ocrx_word' id='word_1_142' title='bbox 558 1408 661 1454; x_wconf 70' lang='lat' dir='ltr'><strong>uentura</strong></span> <span class='ocrx_word' id='word_1_143' title='bbox 674 1419 785 1470; x_wconf 85' lang='lat' dir='ltr'><strong>corporea</strong></span> <span class='ocrx_word' id='word_1_144' title='bbox 801 1405 827 1455; x_wconf 89' lang='lat' dir='ltr'><strong>iu</strong></span> <span class='ocrx_word' id='word_1_145' title='bbox 839 1409 943 1457; x_wconf 77' lang='lat' dir='ltr'><strong>coustitu-</strong></span> 
     </span>
     <span class='ocr_line' id='line_1_18' title="bbox 140 1475 993 1540; baseline 0 -12"><span class='ocrx_word' id='word_1_146' title='bbox 140 1477 226 1528; x_wconf 86' lang='lat' dir='ltr'><strong>tionem</strong></span> <span class='ocrx_word' id='word_1_147' title='bbox 242 1476 310 1526; x_wconf 83' lang='lat' dir='ltr'><strong>unius</strong></span> <span class='ocrx_word' id='word_1_148' title='bbox 327 1476 428 1526; x_wconf 87' lang='lat' dir='ltr'><strong>uniuersi</strong></span> <span class='ocrx_word' id='word_1_149' title='bbox 450 1475 613 1527; x_wconf 82' lang='lat' dir='ltr'><strong>conueniunt:</strong></span> <span class='ocrx_word' id='word_1_150' title='bbox 631 1478 691 1540; x_wconf 84' lang='lat' dir='ltr'><strong>quod</strong></span> <span class='ocrx_word' id='word_1_151' title='bbox 708 1481 808 1540; x_wconf 83' lang='lat' dir='ltr'><strong>apparet</strong></span> <span class='ocrx_word' id='word_1_152' title='bbox 825 1493 857 1528; x_wconf 77' lang='lat' dir='ltr'><strong>ex</strong></span> <span class='ocrx_word' id='word_1_153' title='bbox 869 1480 943 1528; x_wconf 86' lang='lat' dir='ltr'><strong>ordine</strong></span> <span class='ocrx_word' id='word_1_154' title='bbox 991 1529 993 1533; x_wconf 79' lang='grc'><strong>,</strong></span> 
     </span>
     <span class='ocr_line' id='line_1_19' title="bbox 141 1547 945 1610; baseline -0.002 -10"><span class='ocrx_word' id='word_1_155' title='bbox 141 1549 209 1600; x_wconf 85' lang='lat' dir='ltr'><strong>unius</strong></span> <span class='ocrx_word' id='word_1_156' title='bbox 227 1551 335 1600; x_wconf 74' lang='lat' dir='ltr'><strong>creature</strong></span> <span class='ocrx_word' id='word_1_157' title='bbox 357 1548 385 1598; x_wconf 91' lang='lat' dir='ltr'><strong>ad</strong></span> <span class='ocrx_word' id='word_1_158' title='bbox 404 1547 486 1610; x_wconf 87' lang='lat' dir='ltr'><strong>aliam;</strong></span> <span class='ocrx_word' id='word_1_159' title='bbox 503 1549 558 1598; x_wconf 91' lang='lat' dir='ltr'><strong>urdo</strong></span> <span class='ocrx_word' id='word_1_160' title='bbox 571 1547 634 1600; x_wconf 86' lang='lat' dir='ltr'><strong>enim</strong></span> <span class='ocrx_word' id='word_1_161' title='bbox 652 1562 729 1598; x_wconf 87' lang='lat' dir='ltr'><strong>rerum</strong></span> <span class='ocrx_word' id='word_1_162' title='bbox 747 1549 776 1598; x_wconf 90' lang='lat' dir='ltr'><strong>ad</strong></span> <span class='ocrx_word' id='word_1_163' title='bbox 795 1549 900 1600; x_wconf 84' lang='lat' dir='ltr'><strong>iuuiceur</strong></span> <span class='ocrx_word' id='word_1_164' title='bbox 915 1557 945 1600; x_wconf 77' lang='lat' dir='ltr'><strong>est</strong></span> 
     </span>
     <span class='ocr_line' id='line_1_20' title="bbox 141 1619 946 1685; baseline 0 -14"><span class='ocrx_word' id='word_1_165' title='bbox 141 1622 226 1671; x_wconf 83' lang='lat' dir='ltr'><strong>bouum</strong></span> <span class='ocrx_word' id='word_1_166' title='bbox 236 1619 345 1670; x_wconf 68' lang='lat' dir='ltr'><strong>univusi.</strong></span> <span class='ocrx_word' id='word_1_167' title='bbox 355 1619 422 1670; x_wconf 87' lang='lat' dir='ltr'><strong>Nulla</strong></span> <span class='ocrx_word' id='word_1_168' title='bbox 434 1623 510 1670; x_wconf 82' lang='lat' dir='ltr'><strong>auteur</strong></span> <span class='ocrx_word' id='word_1_169' title='bbox 519 1633 572 1684; x_wconf 85' lang='lat' dir='ltr'><strong>pars</strong></span> <span class='ocrx_word' id='word_1_170' title='bbox 583 1620 686 1684; x_wconf 89' lang='lat' dir='ltr'><strong>perlecta</strong></span> <span class='ocrx_word' id='word_1_171' title='bbox 696 1623 730 1669; x_wconf 87' lang='lat' dir='ltr'><strong>est</strong></span> <span class='ocrx_word' id='word_1_172' title='bbox 741 1619 811 1670; x_wconf 80' lang='lat' dir='ltr'><strong>bsuo</strong></span> <span class='ocrx_word' id='word_1_173' title='bbox 824 1625 876 1671; x_wconf 88' lang='lat' dir='ltr'><strong>toto</strong></span> <span class='ocrx_word' id='word_1_174' title='bbox 885 1635 946 1685; x_wconf 83' lang='lat' dir='ltr'><strong>sepr-</strong></span> 
     </span>
     <span class='ocr_line' id='line_1_21' title="bbox 141 1692 946 1757; baseline -0.001 -14"><span class='ocrx_word' id='word_1_175' title='bbox 141 1697 205 1753; x_wconf 69' lang='lat' dir='ltr'><strong>ralur</strong></span> <span class='ocrx_word' id='word_1_176' title='bbox 218 1703 266 1743; x_wconf 82' lang='lat' dir='ltr'><strong>lton</strong></span> <span class='ocrx_word' id='word_1_177' title='bbox 278 1695 314 1744; x_wconf 75' lang='lat' dir='ltr'><strong>del</strong></span> <span class='ocrx_word' id='word_1_178' title='bbox 325 1692 394 1755; x_wconf 73' lang='lat' dir='ltr'><strong>igitur</strong></span> <span class='ocrx_word' id='word_1_179' title='bbox 405 1692 521 1757; x_wconf 71' lang='lat' dir='ltr'><strong>probabile</strong></span> <span class='ocrx_word' id='word_1_180' title='bbox 531 1692 592 1756; x_wconf 80' lang='lat' dir='ltr'><strong>qudd</strong></span> <span class='ocrx_word' id='word_1_181' title='bbox 607 1694 680 1753; x_wconf 75' lang='lat' dir='ltr'><strong>beers,</strong></span> <span class='ocrx_word' id='word_1_182' title='bbox 689 1693 758 1756; x_wconf 75' lang='lat' dir='ltr'><strong>cujus</strong></span> <span class='ocrx_word' id='word_1_183' title='bbox 773 1693 882 1756; x_wconf 80' lang='lat' dir='ltr'><strong>perlecta</strong></span> <span class='ocrx_word' id='word_1_184' title='bbox 897 1701 946 1743; x_wconf 85' lang='lat' dir='ltr'><strong>suut</strong></span> 
     </span>
     <span class='ocr_line' id='line_1_22' title="bbox 141 1763 947 1829; baseline 0.002 -15"><span class='ocrx_word' id='word_1_185' title='bbox 141 1777 218 1829; x_wconf 82' lang='lat' dir='ltr'><strong>opere,</strong></span> <span class='ocrx_word' id='word_1_186' title='bbox 233 1768 258 1814; x_wconf 87' lang='lat' dir='ltr'><strong>ut</strong></span> <span class='ocrx_word' id='word_1_187' title='bbox 268 1763 351 1826; x_wconf 68' lang='lat' dir='ltr'><strong>dicitu</strong></span> <span class='ocrx_word' id='word_1_188' title='bbox 364 1766 477 1820; x_wconf 60' lang='lat' dir='ltr'><strong>Dantem,</strong></span> <span class='ocrx_word' id='word_1_189' title='bbox 491 1765 591 1827; x_wconf 82' lang='lat' dir='ltr'><strong>xxxtt,</strong></span> <span class='ocrx_word' id='word_1_190' title='bbox 604 1768 731 1814; x_wconf 67' lang='lat' dir='ltr'><strong>neumam</strong></span> <span class='ocrx_word' id='word_1_191' title='bbox 741 1764 877 1826; x_wconf 76' lang='lat' dir='ltr'><strong>angelicam</strong></span> <span class='ocrx_word' id='word_1_192' title='bbox 889 1779 947 1816; x_wconf 82' lang='lat' dir='ltr'><strong>seor·</strong></span> 
     </span>
     <span class='ocr_line' id='line_1_23' title="bbox 141 1835 946 1893; baseline -0.004 -5"><span class='ocrx_word' id='word_1_193' title='bbox 141 1849 193 1888; x_wconf 80' lang='lat' dir='ltr'><strong>euru</strong></span> <span class='ocrx_word' id='word_1_194' title='bbox 206 1839 260 1888; x_wconf 83' lang='lat' dir='ltr'><strong>rute</strong></span> <span class='ocrx_word' id='word_1_195' title='bbox 269 1835 328 1888; x_wconf 80' lang='lat' dir='ltr'><strong>alien</strong></span> <span class='ocrx_word' id='word_1_196' title='bbox 338 1847 419 1888; x_wconf 79' lang='lat' dir='ltr'><strong>omues</strong></span> <span class='ocrx_word' id='word_1_197' title='bbox 432 1839 547 1887; x_wconf 65' lang='lat' dir='ltr'><strong>uniens</strong></span> <span class='ocrx_word' id='word_1_198' title='bbox 558 1835 677 1887; x_wconf 62' lang='lat' dir='ltr'><strong>unierit.</strong></span> <span class='ocrx_word' id='word_1_199' title='bbox 685 1835 799 1893; x_wconf 73' lang='lat' dir='ltr'><strong>Qmmvis</strong></span> <span class='ocrx_word' id='word_1_200' title='bbox 808 1837 946 1887; x_wconf 76' lang='lat' dir='ltr'><strong>cunuariuru</strong></span> 
     </span>
     <span class='ocr_line' id='line_1_24' title="bbox 141 1906 947 1974; baseline -0.002 -13"><span class='ocrx_word' id='word_1_201' title='bbox 141 1920 188 1961; x_wconf 75' lang='lat' dir='ltr'><strong>trun</strong></span> <span class='ocrx_word' id='word_1_202' title='bbox 202 1907 233 1958; x_wconf 85' lang='lat' dir='ltr'><strong>sit</strong></span> <span class='ocrx_word' id='word_1_203' title='bbox 245 1909 395 1974; x_wconf 69' lang='lat' dir='ltr'><strong>mpetrudum</strong></span> <span class='ocrx_word' id='word_1_204' title='bbox 411 1921 545 1968; x_wconf 68' lang='lat' dir='ltr'><strong>eoeneum,</strong></span> <span class='ocrx_word' id='word_1_205' title='bbox 561 1906 677 1972; x_wconf 74' lang='lat' dir='ltr'><strong>precipue</strong></span> <span class='ocrx_word' id='word_1_206' title='bbox 696 1911 791 1970; x_wconf 82' lang='lat' dir='ltr'><strong>proptor</strong></span> <span class='ocrx_word' id='word_1_207' title='bbox 809 1908 947 1959; x_wconf 69' lang='lat' dir='ltr'><strong>seneubrru</strong></span> 
     </span>
     <span class='ocr_line' id='line_1_25' title="bbox 141 1978 947 2046; baseline 0.001 -16"><span class='ocrx_word' id='word_1_208' title='bbox 141 1979 245 2046; x_wconf 61' lang='lat' dir='ltr'><strong>Gregorii</strong></span> <span class='ocrx_word' id='word_1_209' title='bbox 257 1979 409 2041; x_wconf 78' lang='lat' dir='ltr'><strong>Nealuuaeui,</strong></span> <span class='ocrx_word' id='word_1_210' title='bbox 423 1980 516 2044; x_wconf 74' lang='lat' dir='ltr'><strong>«cujus</strong></span> <span class='ocrx_word' id='word_1_211' title='bbox 534 1985 598 2032; x_wconf 82' lang='lat' dir='ltr'><strong>lautu</strong></span> <span class='ocrx_word' id='word_1_212' title='bbox 610 1980 687 2031; x_wconf 79' lang='lat' dir='ltr'><strong>est-iu</strong></span> <span class='ocrx_word' id='word_1_213' title='bbox 706 1978 813 2030; x_wconf 70' lang='lat' dir='ltr'><strong>ductura</strong></span> <span class='ocrx_word' id='word_1_214' title='bbox 824 1979 947 2031; x_wconf 66' lang='lat' dir='ltr'><strong>cutim</strong></span> 
     </span>
     <span class='ocr_line' id='line_1_26' title="bbox 142 2050 947 2118; baseline 0 -16"><span class='ocrx_word' id='word_1_215' title='bbox 142 2051 285 2111; x_wconf 74' lang='lat' dir='ltr'><strong>authoritas,</strong></span> <span class='ocrx_word' id='word_1_216' title='bbox 304 2055 329 2102; x_wconf 86' lang='lat' dir='ltr'><strong>ut</strong></span> <span class='ocrx_word' id='word_1_217' title='bbox 347 2051 423 2106; x_wconf 85' lang='lat' dir='ltr'><strong>uultus</strong></span> <span class='ocrx_word' id='word_1_218' title='bbox 438 2064 538 2118; x_wconf 72' lang='lat' dir='ltr'><strong>uturum</strong></span> <span class='ocrx_word' id='word_1_219' title='bbox 553 2052 607 2116; x_wconf 74' lang='lat' dir='ltr'><strong>eius</strong></span> <span class='ocrx_word' id='word_1_220' title='bbox 627 2051 695 2106; x_wconf 80' lang='lat' dir='ltr'><strong>dinis</strong></span> <span class='ocrx_word' id='word_1_221' title='bbox 709 2050 852 2104; x_wconf 67' lang='lat' dir='ltr'><strong>(alumniam</strong></span> <span class='ocrx_word' id='word_1_222' title='bbox 870 2051 947 2102; x_wconf 74' lang='lat' dir='ltr'><strong>interi</strong></span> 
     </span>
     <span class='ocr_line' id='line_1_27' title="bbox 142 2122 949 2188; baseline -0.002 -12"><span class='ocrx_word' id='word_1_223' title='bbox 142 2122 326 2188; x_wconf 74' lang='lat' dir='ltr'><strong>presumpserit,</strong></span> <span class='ocrx_word' id='word_1_224' title='bbox 338 2124 397 2177; x_wconf 82' lang='lat' dir='ltr'><strong>sieut</strong></span> <span class='ocrx_word' id='word_1_225' title='bbox 410 2135 453 2176; x_wconf 85' lang='lat' dir='ltr'><strong>uec</strong></span> <span class='ocrx_word' id='word_1_226' title='bbox 465 2125 583 2176; x_wconf 80' lang='lat' dir='ltr'><strong>bibauasii</strong></span> <span class='ocrx_word' id='word_1_227' title='bbox 597 2124 755 2186; x_wconf 86' lang='lat' dir='ltr'><strong>documentis,</strong></span> <span class='ocrx_word' id='word_1_228' title='bbox 769 2139 785 2170; x_wconf 78' lang='lat' dir='ltr'><strong>n</strong></span> <span class='ocrx_word' id='word_1_229' title='bbox 797 2127 827 2173; x_wconf 91' lang='lat' dir='ltr'><strong>ut</strong></span> <span class='ocrx_word' id='word_1_230' title='bbox 839 2123 949 2186; x_wconf 65' lang='lat' dir='ltr'><strong>flietorp</strong></span> 
     </span>
     <span class='ocr_line' id='line_1_28' title="bbox 144 2195 275 2246; baseline 0.015 -2"><span class='ocrx_word' id='word_1_231' title='bbox 144 2207 196 2246; x_wconf 80' lang='lat' dir='ltr'><strong>unae</strong></span> <span class='ocrx_word' id='word_1_232' title='bbox 212 2195 275 2246; x_wconf 86' lang='lat' dir='ltr'><strong>dicit.</strong></span> 
     </span>
    </p>

    <p class='ocr_par' dir='ltr' id='par_1_6' title="bbox 145 2266 951 2534">
     <span class='ocr_line' id='line_1_29' title="bbox 175 2266 948 2332; baseline 0 -15"><span class='ocrx_word' id='word_1_233' title='bbox 175 2269 210 2318; x_wconf 80' lang='lat' dir='ltr'><strong>ad</strong></span> <span class='ocrx_word' id='word_1_234' title='bbox 221 2267 322 2331; x_wconf 81' lang='lat' dir='ltr'><strong>primum</strong></span> <span class='ocrx_word' id='word_1_235' title='bbox 336 2281 393 2331; x_wconf 81' lang='lat' dir='ltr'><strong>ergo</strong></span> <span class='ocrx_word' id='word_1_236' title='bbox 406 2269 541 2330; x_wconf 83' lang='lat' dir='ltr'><strong>dicendum,</strong></span> <span class='ocrx_word' id='word_1_237' title='bbox 554 2268 615 2332; x_wconf 81' lang='lat' dir='ltr'><strong>quid</strong></span> <span class='ocrx_word' id='word_1_238' title='bbox 632 2269 785 2332; x_wconf 71' lang='lat' dir='ltr'><strong>Hieronymus</strong></span> <span class='ocrx_word' id='word_1_239' title='bbox 797 2266 904 2332; x_wconf 84' lang='lat' dir='ltr'><strong>loquitur</strong></span> <span class='ocrx_word' id='word_1_240' title='bbox 914 2281 948 2317; x_wconf 75' lang='lat' dir='ltr'><strong>se</strong></span> 
     </span>
     <span class='ocr_line' id='line_1_30' title="bbox 145 2339 951 2405; baseline 0.001 -17"><span class='ocrx_word' id='word_1_241' title='bbox 145 2339 244 2390; x_wconf 85' lang='lat' dir='ltr'><strong>cundum</strong></span> <span class='ocrx_word' id='word_1_242' title='bbox 262 2341 397 2391; x_wconf 85' lang='lat' dir='ltr'><strong>seutentiam</strong></span> <span class='ocrx_word' id='word_1_243' title='bbox 410 2343 527 2392; x_wconf 83' lang='lat' dir='ltr'><strong>deciorum</strong></span> <span class='ocrx_word' id='word_1_244' title='bbox 541 2353 677 2405; x_wconf 68' lang='lat' dir='ltr'><strong>prorutum,</strong></span> <span class='ocrx_word' id='word_1_245' title='bbox 691 2340 734 2403; x_wconf 79' lang='lat' dir='ltr'><strong>qui</strong></span> <span class='ocrx_word' id='word_1_246' title='bbox 742 2353 826 2390; x_wconf 86' lang='lat' dir='ltr'><strong>omues</strong></span> <span class='ocrx_word' id='word_1_247' title='bbox 839 2341 887 2390; x_wconf 85' lang='lat' dir='ltr'><strong>boc</strong></span> <span class='ocrx_word' id='word_1_248' title='bbox 898 2353 951 2389; x_wconf 80' lang='lat' dir='ltr'><strong>nru-</strong></span> 
     </span>
     <span class='ocr_line' id='line_1_31' title="bbox 145 2411 948 2476; baseline -0.002 -16"><span class='ocrx_word' id='word_1_249' title='bbox 145 2411 245 2462; x_wconf 82' lang='lat' dir='ltr'><strong>rnrditer</strong></span> <span class='ocrx_word' id='word_1_250' title='bbox 262 2412 377 2472; x_wconf 62' lang='lat' dir='ltr'><strong>cuiun,</strong></span> <span class='ocrx_word' id='word_1_251' title='bbox 391 2411 451 2476; x_wconf 78' lang='lat' dir='ltr'><strong>qabd</strong></span> <span class='ocrx_word' id='word_1_252' title='bbox 464 2412 540 2476; x_wconf 73' lang='lat' dir='ltr'><strong>augeli</strong></span> <span class='ocrx_word' id='word_1_253' title='bbox 553 2418 608 2463; x_wconf 85' lang='lat' dir='ltr'><strong>suut</strong></span> <span class='ocrx_word' id='word_1_254' title='bbox 622 2417 675 2462; x_wconf 87' lang='lat' dir='ltr'><strong>aute</strong></span> <span class='ocrx_word' id='word_1_255' title='bbox 686 2412 801 2463; x_wconf 80' lang='lat' dir='ltr'><strong>muudum</strong></span> <span class='ocrx_word' id='word_1_256' title='bbox 813 2425 948 2476; x_wconf 81' lang='lat' dir='ltr'><strong>corporeum</strong></span> 
     </span>
     <span class='ocr_line' id='line_1_32' title="bbox 146 2483 225 2534; baseline 0 -2"><span class='ocrx_word' id='word_1_257' title='bbox 146 2483 225 2534; x_wconf 66' lang='lat' dir='ltr'><strong>merli.</strong></span> 
     </span>
    </p>

    <p class='ocr_par' dir='ltr' id='par_1_7' title="bbox 146 2552 951 2832">
     <span class='ocr_line' id='line_1_33' title="bbox 178 2552 951 2620; baseline -0.003 -16"><span class='ocrx_word' id='word_1_258' title='bbox 178 2554 213 2604; x_wconf 84' lang='lat' dir='ltr'><strong>dd</strong></span> <span class='ocrx_word' id='word_1_259' title='bbox 224 2557 350 2608; x_wconf 82' lang='lat' dir='ltr'><strong>secuudum</strong></span> <span class='ocrx_word' id='word_1_260' title='bbox 357 2556 493 2620; x_wconf 82' lang='lat' dir='ltr'><strong>dicendum,</strong></span> <span class='ocrx_word' id='word_1_261' title='bbox 503 2555 565 2620; x_wconf 82' lang='lat' dir='ltr'><strong>pubd</strong></span> <span class='ocrx_word' id='word_1_262' title='bbox 575 2557 636 2606; x_wconf 77' lang='lat' dir='ltr'><strong>Deus</strong></span> <span class='ocrx_word' id='word_1_263' title='bbox 645 2569 693 2606; x_wconf 85' lang='lat' dir='ltr'><strong>unu</strong></span> <span class='ocrx_word' id='word_1_264' title='bbox 702 2559 739 2606; x_wconf 79' lang='lat' dir='ltr'><strong>est</strong></span> <span class='ocrx_word' id='word_1_265' title='bbox 747 2553 826 2618; x_wconf 82' lang='lat' dir='ltr'><strong>eliqua</strong></span> <span class='ocrx_word' id='word_1_266' title='bbox 836 2567 893 2619; x_wconf 84' lang='lat' dir='ltr'><strong>pars</strong></span> <span class='ocrx_word' id='word_1_267' title='bbox 902 2552 951 2602; x_wconf 76' lang='lat' dir='ltr'><strong>uui</strong></span> 
     </span>
     <span class='ocr_line' id='line_1_34' title="bbox 147 2626 949 2691; baseline -0.001 -16"><span class='ocrx_word' id='word_1_268' title='bbox 147 2627 222 2686; x_wconf 85' lang='lat' dir='ltr'><strong>uersi,</strong></span> <span class='ocrx_word' id='word_1_269' title='bbox 237 2628 275 2677; x_wconf 81' lang='lat' dir='ltr'><strong>sed</strong></span> <span class='ocrx_word' id='word_1_270' title='bbox 288 2632 324 2678; x_wconf 79' lang='lat' dir='ltr'><strong>cst</strong></span> <span class='ocrx_word' id='word_1_271' title='bbox 338 2641 407 2691; x_wconf 82' lang='lat' dir='ltr'><strong>supra</strong></span> <span class='ocrx_word' id='word_1_272' title='bbox 420 2632 493 2678; x_wconf 86' lang='lat' dir='ltr'><strong>totum</strong></span> <span class='ocrx_word' id='word_1_273' title='bbox 507 2629 654 2690; x_wconf 75' lang='lat' dir='ltr'><strong>miremur,</strong></span> <span class='ocrx_word' id='word_1_274' title='bbox 664 2627 802 2690; x_wconf 78' lang='lat' dir='ltr'><strong>prebabeus</strong></span> <span class='ocrx_word' id='word_1_275' title='bbox 813 2626 840 2676; x_wconf 90' lang='lat' dir='ltr'><strong>iu</strong></span> <span class='ocrx_word' id='word_1_276' title='bbox 852 2639 880 2676; x_wconf 86' lang='lat' dir='ltr'><strong>se</strong></span> <span class='ocrx_word' id='word_1_277' title='bbox 894 2626 949 2675; x_wconf 81' lang='lat' dir='ltr'><strong>euui-</strong></span> 
     </span>
     <span class='ocr_line' id='line_1_35' title="bbox 147 2698 949 2765; baseline -0.004 -17"><span class='ocrx_word' id='word_1_278' title='bbox 147 2698 246 2749; x_wconf 88' lang='lat' dir='ltr'><strong>ueuliuri</strong></span> <span class='ocrx_word' id='word_1_279' title='bbox 257 2699 406 2750; x_wconf 75' lang='lat' dir='ltr'><strong>modulatum</strong></span> <span class='ocrx_word' id='word_1_280' title='bbox 417 2700 519 2750; x_wconf 82' lang='lat' dir='ltr'><strong>uniuersi</strong></span> <span class='ocrx_word' id='word_1_281' title='bbox 530 2701 703 2765; x_wconf 73' lang='lat' dir='ltr'><strong>pericctbuem.</strong></span> <span class='ocrx_word' id='word_1_282' title='bbox 716 2699 820 2760; x_wconf 77' lang='lat' dir='ltr'><strong>angelus</strong></span> <span class='ocrx_word' id='word_1_283' title='bbox 831 2701 949 2749; x_wconf 80' lang='lat' dir='ltr'><strong>autemed</strong></span> 
     </span>
     <span class='ocr_line' id='line_1_36' title="bbox 146 2769 692 2832; baseline 0.004 -14"><span class='ocrx_word' id='word_1_284' title='bbox 146 2781 199 2832; x_wconf 83' lang='lat' dir='ltr'><strong>pars</strong></span> <span class='ocrx_word' id='word_1_285' title='bbox 214 2769 336 2818; x_wconf 84' lang='lat' dir='ltr'><strong>uniuersi:</strong></span> <span class='ocrx_word' id='word_1_286' title='bbox 352 2771 413 2820; x_wconf 89' lang='lat' dir='ltr'><strong>uude</strong></span> <span class='ocrx_word' id='word_1_287' title='bbox 427 2785 474 2821; x_wconf 87' lang='lat' dir='ltr'><strong>uon</strong></span> <span class='ocrx_word' id='word_1_288' title='bbox 488 2776 526 2822; x_wconf 88' lang='lat' dir='ltr'><strong>est</strong></span> <span class='ocrx_word' id='word_1_289' title='bbox 536 2773 616 2822; x_wconf 85' lang='lat' dir='ltr'><strong>eadem</strong></span> <span class='ocrx_word' id='word_1_290' title='bbox 625 2771 692 2821; x_wconf 76' lang='lat' dir='ltr'><strong>ratio</strong></span> 
     </span>
    </p>

    <p class='ocr_par' dir='ltr' id='par_1_8' title="bbox 146 2839 951 3050">
     <span class='ocr_line' id='line_1_37' title="bbox 178 2839 951 2908; baseline -0.003 -18"><span class='ocrx_word' id='word_1_291' title='bbox 178 2841 211 2890; x_wconf 82' lang='lat' dir='ltr'><strong>dd</strong></span> <span class='ocrx_word' id='word_1_292' title='bbox 221 2839 313 2889; x_wconf 83' lang='lat' dir='ltr'><strong>tertium</strong></span> <span class='ocrx_word' id='word_1_293' title='bbox 327 2841 460 2904; x_wconf 77' lang='lat' dir='ltr'><strong>dicendum,</strong></span> <span class='ocrx_word' id='word_1_294' title='bbox 476 2843 538 2908; x_wconf 79' lang='lat' dir='ltr'><strong>pudd</strong></span> <span class='ocrx_word' id='word_1_295' title='bbox 549 2847 659 2893; x_wconf 67' lang='lat' dir='ltr'><strong>uotum</strong></span> <span class='ocrx_word' id='word_1_296' title='bbox 670 2853 787 2906; x_wconf 73' lang='lat' dir='ltr'><strong>corporeae</strong></span> <span class='ocrx_word' id='word_1_297' title='bbox 801 2855 885 2892; x_wconf 83' lang='lat' dir='ltr'><strong>uuuues</strong></span> <span class='ocrx_word' id='word_1_298' title='bbox 899 2843 951 2891; x_wconf 87' lang='lat' dir='ltr'><strong>sunt</strong></span> 
     </span>
     <span class='ocr_line' id='line_1_38' title="bbox 146 2911 951 2978; baseline 0.002 -20"><span class='ocrx_word' id='word_1_299' title='bbox 146 2920 217 2960; x_wconf 88' lang='lat' dir='ltr'><strong>uuum</strong></span> <span class='ocrx_word' id='word_1_300' title='bbox 230 2911 254 2958; x_wconf 87' lang='lat' dir='ltr'><strong>itr</strong></span> <span class='ocrx_word' id='word_1_301' title='bbox 268 2911 377 2974; x_wconf 45' lang='lat' dir='ltr'><strong>mutuno</strong></span> <span class='ocrx_word' id='word_1_302' title='bbox 395 2916 434 2963; x_wconf 83' lang='lat' dir='ltr'><strong>srrl</strong></span> <span class='ocrx_word' id='word_1_303' title='bbox 447 2917 523 2978; x_wconf 75' lang='lat' dir='ltr'><strong>augeli</strong></span> <span class='ocrx_word' id='word_1_304' title='bbox 535 2929 582 2966; x_wconf 87' lang='lat' dir='ltr'><strong>uun</strong></span> <span class='ocrx_word' id='word_1_305' title='bbox 598 2914 738 2966; x_wconf 75' lang='lat' dir='ltr'><strong>corruenduut</strong></span> <span class='ocrx_word' id='word_1_306' title='bbox 751 2913 774 2963; x_wconf 90' lang='lat' dir='ltr'><strong>in</strong></span> <span class='ocrx_word' id='word_1_307' title='bbox 790 2915 887 2964; x_wconf 77' lang='lat' dir='ltr'><strong>matoria</strong></span> <span class='ocrx_word' id='word_1_308' title='bbox 903 2926 951 2962; x_wconf 86' lang='lat' dir='ltr'><strong>cunt</strong></span> 
     </span>
     <span class='ocr_line' id='line_1_39' title="bbox 147 2984 950 3050; baseline 0.011 -22"><span class='ocrx_word' id='word_1_309' title='bbox 147 2984 248 3032; x_wconf 84' lang='lat' dir='ltr'><strong>creatura</strong></span> <span class='ocrx_word' id='word_1_310' title='bbox 262 2994 378 3043; x_wconf 86' lang='lat' dir='ltr'><strong>corporea.</strong></span> <span class='ocrx_word' id='word_1_311' title='bbox 397 2985 461 3036; x_wconf 82' lang='lat' dir='ltr'><strong>Uurlc</strong></span> <span class='ocrx_word' id='word_1_312' title='bbox 475 2988 551 3039; x_wconf 72' lang='lat' dir='ltr'><strong>creati</strong></span> <span class='ocrx_word' id='word_1_313' title='bbox 564 2987 660 3039; x_wconf 77' lang='lat' dir='ltr'><strong>materid</strong></span> <span class='ocrx_word' id='word_1_314' title='bbox 677 2987 803 3050; x_wconf 80' lang='lat' dir='ltr'><strong>corporalis</strong></span> <span class='ocrx_word' id='word_1_315' title='bbox 820 2991 950 3037; x_wconf 74' lang='lat' dir='ltr'><strong>creature.</strong></span> 
     </span>
    </p>
   </div>
   <div class='ocr_carea' id='block_1_3' title="bbox 0 0 1014 3342">
    <p class='ocr_par' dir='ltr' id='par_1_9' title="bbox 0 0 1014 3342">
     <span class='ocr_line' id='line_1_40' title="bbox 0 0 1014 3342; baseline 0 0"><span class='ocrx_word' id='word_1_316' title='bbox 0 0 1014 3342; x_wconf 95' lang='lat' dir='ltr'><strong> </strong></span> 
     </span>
    </p>
   </div>
  </div>
 </body>
</html>
