1992 3342
238 242 270 277 ns
284 242 385 279 unrrnrn
400 244 446 280 nnc
456 244 623 283 cunctamine
639 246 731 285 aaaron.
843 239 887 285 lit

87 316 148 368 enim
161 317 310 381 Ambrosius,
319 318 363 369 lit.
375 321 384 368 l
395 320 428 369 de
438 320 514 385 Fide,
527 322 586 385 quod
599 340 613 369 c
624 322 648 373 in
660 324 726 375 Patre
740 326 763 374 et
772 324 829 375 Filio
840 338 887 375 non

87 392 123 439 est
133 388 282 453 discrepans,
292 391 334 442 set
345 405 391 441 una
402 392 510 442 diuinitas
522 392 571 457 (-l);
584 411 598 441 u
609 396 632 445 et
643 395 769 447 secundnm
778 396 889 447 Hilarium

89 461 130 525 (ut
139 460 225 511 dictum
235 462 295 525 cst),
311 462 358 512 ain
370 462 453 513 diuinis
466 464 525 513 nihil
536 469 570 515 est
584 467 718 531 separabile.
733 484 747 515 u

121 533 155 582 Ad
169 533 291 585 vitandum
303 532 359 585 veri
371 548 471 585 errorem
482 534 587 600 sabellii,
602 538 674 589 utare
685 540 794 590 debemus
804 548 891 603 saapa-
991 546 992 567 l

90 606 238 669 toritatem,
247 608 377 658 netollatur
385 607 602 659 communicabilitas
611 610 715 661 essentie
724 612 820 675 divinam
830 612 891 661 unde
991 646 992 665 2

89 675 188 727 Hilarius
203 678 268 741 dicit,
282 680 331 729 Vll.
345 679 379 728 dc
393 680 462 729 Trio.
476 696 485 728 :
498 682 612 730 «Patrem
622 683 738 733 etlilium
752 684 891 747 singularem
991 716 992 721 =

91 748 162 799 licum
175 750 316 813 prolitare,
329 750 465 813 sacrilegum
478 754 521 801 est.
537 768 550 797 u
563 752 673 804 Debemus
685 755 753 807 etiam
765 755 837 805 uitare
849 770 891 807 no·

90 832 145 869 rnen
155 822 237 884 attici,
246 836 275 871 ue
287 824 378 872 tollatur
388 836 497 872 numerus
509 837 672 888 personarum3
685 828 745 877 unde
756 827 854 877 Hilarius
867 827 892 877 in

90 892 172 942 eodem
185 892 225 943 lib.
244 893 300 944 dicit
315 893 402 958 morl«
419 893 492 945 anco
511 895 637 945 excluditur
652 898 810 961 singularitas,
825 903 892 963 atque

92 963 155 1013 unici
163 964 318 1027 intelligentia
327 966 369 1030 (ι).
378 983 392 1012 »
405 966 506 1016 Dicimus
517 971 593 1017 lamen
605 969 709 1017 anicula
721 970 818 1019 Filium
824 1009 832 1034 ,
840 971 893 1035 quia

91 1048 139 1086 non
151 1040 206 1087 sunt
217 1038 294 1101 plures
304 1038 346 1087 tilii
359 1038 383 1089 iu
396 1038 493 1101 divium
502 1052 575 1102 neque
589 1042 667 1089 tanuen
678 1039 774 1091 dicimus
790 1043 892 1090 unicum

92 1109 189 1172 Deuca,
200 1109 255 1173 qun
269 1110 371 1174 pluribus
383 1111 456 1164 deitas
465 1115 500 1161 est
509 1110 645 1161 communis.
659 1111 759 1162 litamus
771 1112 841 1162 etiam
852 1124 893 1163 no-

93 1194 146 1230 men
160 1183 274 1245 confusi,
291 1196 325 1233 ne
334 1183 425 1233 tollatur
439 1183 494 1234 ordo
509 1180 623 1233 naturaei
637 1182 748 1245 personis.
761 1184 825 1235 tinne
841 1184 893 1233 lm·

93 1251 182 1304 omnus
193 1252 266 1316 dicit,
274 1254 293 1304 Is
304 1254 336 1303 de
346 1254 409 1304 Fido
416 1254 452 1318 (a)
462 1270 489 1303 2«
495 1256 574 1317 Neque
583 1254 701 1304 contusum
708 1258 743 1305 est
754 1256 814 1317 quod
824 1268 894 1305 unum

93 1326 142 1388 est,
154 1339 231 1389 neque
242 1327 362 1391 multiplex
372 1340 422 1377 esse
434 1331 510 1391 potest
521 1328 581 1389 quod
594 1325 727 1376 indifferens
738 1330 804 1377 est.»
816 1326 894 1375 Vitan-

89 1397 145 1449 dum
156 1401 193 1449 est
203 1398 266 1449 enim
280 1414 364 1451 nomeu
379 1399 511 1462 solitarii,
526 1412 556 1449 ue
568 1400 659 1451 tollatur
672 1398 812 1449 consortium
826 1398 894 1447 trium

92 1471 385 1534 personarum3diciteuim
394 1468 895 1533 Hilariusioltl.delain.:uNobisneque
991 1536 992 1539 Ἴ

94 1542 208 1600 soltanus
220 1557 297 1607 neque
306 1541 409 1595 diuersus
418 1546 479 1593 licus
487 1546 522 1593 est
533 1544 683 1594 confitendus.
699 1558 713 1587 u

124 1616 175 1665 lico
183 1618 262 1673 autem
271 1628 365 1678 nomen,
374 1615 455 1678 olias,
464 1614 588 1667 masculini
597 1618 721 1679 sumptum,
731 1626 778 1663 non
787 1612 896 1677 importat

91 1684 137 1737 nisi
150 1686 324 1737 distinctionem
337 1687 459 1751 suppositi.
473 1688 536 1737 Unde
548 1685 711 1737 convenienter
726 1684 801 1735 dicere
817 1697 897 1749 possu-

91 1772 143 1807 nun
150 1758 214 1823 quod
223 1758 294 1809 Filius
305 1763 341 1809 est
349 1759 409 1809 alius
420 1758 432 1808 'a
442 1761 510 1809 Patre
517 1775 524 1820 ·,
532 1758 585 1822 quia
596 1758 685 1809 scillaei
696 1762 730 1808 est
740 1756 802 1807 aliud
811 1769 896 1819 suppo-

92 1829 162 1881 situm
172 1830 258 1882 divine
272 1833 373 1893 natura,
387 1831 445 1881 sicut
455 1836 491 1881 est
504 1830 548 1881 alia
559 1844 656 1894 persona
670 1832 694 1879 et
703 1827 747 1879 aliu
758 1827 895 1891 hypostasis.

124 1904 272 1971 Adprimum
283 1918 338 1966 ergo
347 1904 479 1971 dicendum
488 1900 635 1967 quinctius,
646 1901 700 1965 quia
712 1903 746 1950 est
759 1900 819 1950 sicut
828 1900 899 1961 quod·

92 1976 146 2030 dnm
156 1975 295 2040 particulare
306 1981 404 2038 nomen,
420 1978 483 2025 tenet
496 1989 521 2025 se
534 1989 563 2025 ex
573 1974 637 2038 pate
656 1971 777 2036 suppositi.
794 1970 858 2020 Unde
873 1970 901 2019 ad

94 2046 146 2109 ejus
156 2047 269 2097 rationem
282 2046 367 2097 suflicit
378 2045 494 2096 distinctio
508 2044 638 2095 substantie
645 2081 653 2107 ,
665 2056 717 2105 qua
728 2045 764 2092 est
772 2038 903 2105 hypostasis

93 2117 133 2167 vel
143 2132 255 2183 persona;
270 2119 311 2168 scd
323 2117 442 2168 diversitas
458 2116 555 2180 requirit
568 2114 737 2166 distinctionem
753 2110 900 2173 substantie,

94 2203 146 2253 que
157 2194 194 2240 est
207 2190 315 2241 essentia.
331 2191 360 2239 nt
372 2189 425 2239 iuteo
436 2203 483 2239 non
493 2202 614 2253 possumus
626 2187 702 2237 dicere
716 2183 779 2249 quod
792 2183 863 2233 Filius
874 2182 904 2233 sit

7 2321 8 2326 Ἰ
96 2260 202 2313 diversus
217 2261 231 2312 i
245 2264 328 2325 Patre,
343 2261 396 2311 licit
409 2262 440 2311 sit
454 2259 520 2311 alius.

130 2370 162 2434 (1)
177 2375 208 2419 Ut
221 2374 301 2431 capt
315 2374 404 2430 plenius
422 2374 499 2419 uidero
513 2378 548 2417 est
560 2372 597 2417 luis
609 2370 704 2415 verbis:
720 2368 763 2413 Eat
774 2366 905 2425 plenitudo

97 2435 243 2482 divinitatio
261 2438 292 2481 io
311 2438 400 2488 Palm
415 2441 448 2481 eat
468 2435 597 2493 plenitudo
615 2432 755 2478 diuinitatis
766 2431 802 2476 *in
818 2429 905 2482 Filena

100 2510 152 2543 nco
162 2499 305 2558 discrepans
317 2498 357 2544 cert
370 2512 423 2545 ano
432 2500 563 2545 dicicitur.

133 2568 163 2630 (2)
176 2571 203 2615 Id
210 2578 247 2616 est
254 2572 319 2615 notio
326 2572 363 2616 uel
370 2576 498 2627 conceptus
507 2582 554 2627 quo
561 2572 622 2615 Deus
630 2572 655 2611 ut
665 2566 746 2611 unicus
754 2556 904 2618 intelligatur.

133 2640 163 2702 (3)
181 2644 226 2688 Ubi
242 2656 311 2700 snpra
331 2643 463 2688 immediate
481 2648 534 2699 post
550 2640 670 2699 praedicta,
688 2639 721 2683 sic
736 2636 825 2683 tantum
838 2650 844 2678 ι
858 2634 906 2681 Nec

100 2706 242 2764 confusum,
257 2706 414 2763 pannonum
428 2711 476 2757 eat‚·
490 2717 567 2761 neque
580 2701 730 2759 multiplex,
744 2698 808 2756 ccccl
827 2696 907 2755 indis-

100 2770 180 2827 serem
191 2786 198 2811 :
208 2770 314 2825 quamuis
326 2767 631 2826 aequivalenterintelligitur
640 2764 701 2821 quod
713 2759 846 2818 multiplea
858 2770 906 2803 ctae

101 2844 151 2876 nco
163 2835 255 2890 potest,
266 2837 292 2876 ut
308 2829 345 2876 tulo
365 2831 459 2887 proinde
476 2830 547 2875 relcrt
563 2832 586 2875 S.
603 2826 711 2873 Thomas.
729 2825 816 2870 Dicitur
830 2825 906 2866 autom

101 2894 248 2953 indifferens
265 2896 332 2950 qnasi
347 2891 478 2939 differentii
494 2904 577 2937 carens
594 2903 645 2947 qum
658 2886 750 2946 proprie
768 2898 816 2933 non
830 2887 908 2941 potest

102 2966 153 3003 cue
165 2958 191 3003 in
203 2957 305 3004 divinis:
320 2957 426 3015 quamuis
439 2956 569 3002 extensione
584 2966 653 2999 sensu
666 2956 752 3009 potest.
