1992 3342
344 214 375 248 nn
392 215 530 250 rosumere
545 216 595 250 our.
825 209 869 254 tlt

70 289 168 340 modost
178 283 313 352 sagitteme.
327 289 400 351 Unde,
414 288 467 338 cium
477 288 576 353 primum
589 291 613 340 in
627 291 831 355 ordiueepentium
841 295 872 344 sit

67 364 139 424 bem,
154 373 253 412 necesse
264 363 300 410 est
311 359 373 423 qudd
385 374 426 423 per
439 360 580 411 intellectum
593 367 616 412 et
629 363 772 414 voluntatem
783 369 844 426 agat.

95 431 210 494 Semndb,
229 445 260 481 ex
275 431 363 482 ratione
381 432 490 482 naturalis
509 434 647 496 ageremur
661 435 723 498 qnod
733 437 834 498 pertinet
847 441 874 488 ut

69 517 134 553 unum
155 503 269 553 ellectum
287 502 411 566 producat,
432 503 487 566 quie
504 507 586 554 natura
605 518 650 555 uno
668 511 692 556 et
707 507 789 558 eodem
804 509 872 558 modo

68 579 183 638 operatur,
198 574 245 625 nisi
257 573 405 637 impediatur.
419 577 448 624 nt
460 577 505 626 hoc
518 575 586 640 ideo,
600 577 652 640 qula
669 579 794 630 secundini
811 579 873 644 quod

68 650 101 694 est
111 648 173 709 tale,
193 645 261 709 agit3
278 646 339 697 unde
357 646 466 708 quamdiu
479 650 515 696 est
535 648 597 710 tole,
611 662 658 698 non
677 650 733 700 tacit
750 649 795 701 nisi
810 651 871 713 tale,

67 731 132 767 omne
144 718 209 768 euim
221 731 294 778 agens
307 731 348 781 per
360 722 465 767 naturam
478 719 548 768 habet
559 734 609 768 eece
622 721 805 770 determinatum.
814 721 872 772 Cim

66 787 132 849 igitur
144 803 203 838 ecce
222 787 328 836 diuinum
339 802 386 838 uon
403 788 433 838 eit
447 789 641 853 determinatum,
655 791 695 842 sed
715 791 833 842 contiueat
847 794 870 842 in

66 874 90 909 se
103 865 173 910 tetam
185 860 356 924 perfectionem
367 860 468 923 essendi,
480 874 529 912 non
542 867 677 925 potestesse
691 862 753 926 qnod
765 869 818 927 agat
830 879 872 930 per

65 933 225 982 necessitatem
248 937 352 995 naturae,
374 933 420 982 nisi
437 932 495 983 torte
512 938 615 984 censeret
635 935 720 998 ahquid
740 936 872 986 indetermi-

65 1009 142 1053 natum
160 1008 188 1054 et
206 1003 325 1053 inlinitum
337 1004 364 1054 in
375 1005 488 1067 essendo·;
504 1007 563 1068 quod
583 1009 617 1055 est
635 1005 784 1070 impossibile,
800 1011 826 1058 nt
842 1023 871 1060 ex

65 1075 221 1137 superioribus
234 1079 301 1139 patet
312 1075 367 1139 (qu.
384 1080 407 1138 7,
422 1080 466 1125 art.
482 1075 520 1140 2).
533 1077 583 1126 Nou
596 1075 666 1138 igitur
680 1077 727 1140 agit
740 1091 781 1140 per
792 1091 872 1130 necee-

64 1147 154 1196 simtem
172 1151 282 1209 naturae3
302 1147 344 1215 sed
364 1146 462 1197 ellectus
481 1147 629 1198 determinati
648 1148 675 1198 ab
694 1147 784 1198 infinita
799 1149 871 1214 ipsius

65 1217 208 1279 perfectione
217 1218 347 1282 proceduut
356 1217 481 1268 sccuudhm
490 1218 705 1268 determinationem
715 1220 839 1272 uoluntatis
848 1227 872 1272 et

63 1289 195 1338 intellectis
208 1288 290 1353 ipsius.
871 1335 874 1340 .

93 1359 172 1410 Tertio
193 1373 222 1409 ex
236 1359 371 1410 habitudine
385 1359 509 1410 effectuum
525 1360 553 1409 ad
571 1373 672 1409 cansam.
686 1360 815 1410 secundnm
828 1363 872 1412 hoc

62 1431 125 1480 enim
134 1431 234 1481 enectus
244 1431 372 1494 procedunt
382 1429 396 1479 a
406 1444 476 1481 censa
488 1435 588 1494 agente,
602 1429 727 1480 secuudum
740 1429 801 1493 qubd
813 1445 872 1494 pre-

63 1502 250 1564 existentium,
260 1502 313 1565 qnia
327 1514 394 1552 omne
408 1516 480 1564 agens
492 1503 540 1564 agit
553 1502 596 1551 sibi
612 1501 686 1552 simile
704 1500 747 1566 (1).
762 1501 873 1552 Praeenis-

62 1579 113 1623 tunt
128 1577 213 1625 autem
225 1574 321 1624 effectus
333 1569 358 1621 ‘ur
371 1586 440 1623 censa
453 1572 578 1624 secundior
593 1573 686 1624 modum
701 1585 775 1622 cause
789 1587 794 1620 :
810 1573 871 1624 unde

62 1646 114 1696 cinn
134 1661 189 1697 eme
202 1645 306 1696 diuinum
317 1644 349 1696 sit
363 1645 439 1708 ipsum
452 1645 504 1708 ejus
517 1644 667 1709 intellipere,
681 1643 830 1709 praeexistunt
843 1643 868 1693 in

62 1731 88 1765 eo
98 1718 201 1768 ellectns
211 1717 262 1779 ejus
270 1716 397 1766 secundem
405 1717 498 1766 modum
508 1715 684 1780 intelligibilem,
695 1720 719 1769 et
729 1729 769 1780 per
779 1715 870 1766 modum

62 1788 235 1852 intelligibilem
253 1787 381 1850 procedunt
398 1787 428 1837 ab
442 1801 486 1849 eo;
503 1786 582 1850 etsie,
599 1801 640 1850 per
660 1799 811 1851 consequens,
829 1800 871 1852 per

63 1860 158 1909 modum
166 1858 295 1910 voluntatis
306 1875 312 1906 :
325 1872 380 1909 nam
389 1857 507 1922 inclinatio
521 1857 571 1922 ejus
578 1858 607 1923 ed
615 1858 727 1922 agendum
736 1858 796 1921 quod
803 1857 871 1907 intel-

61 1931 121 1980 lectn
132 1934 275 1993 conceptum
289 1934 334 1992 est,
349 1929 450 1994 pertinet
466 1930 498 1993 ad*
513 1931 662 1981 voluntatem.
678 1930 786 1979 Voluntas
799 1929 870 1991 igitur

60 2003 101 2050 Dei
112 2007 150 2052 eet
161 2014 235 2051 causa
248 2014 333 2052 rerum.

92 2075 126 2124 ad
139 2074 247 2138 primum
262 2085 316 2134 ergo
327 2071 463 2135 dicendum,
478 2069 539 2135 qudd
554 2071 676 2136 Dionysius
690 2084 730 2133 per
744 2070 813 2120 uerba
830 2070 868 2119 illa

61 2160 107 2194 oon
118 2143 228 2196 intendit
245 2144 365 2194 excludere
382 2143 520 2195 electionem
533 2143 547 2192 i
558 2151 606 2196 heo
620 2141 766 2207 simpliciter,
779 2143 818 2193 sed
835 2155 872 2192 se·

59 2217 166 2267 cnudhm
174 2215 249 2280 quid;
260 2215 286 2264 iu
299 2219 409 2278 quamnim
422 2215 508 2264 sedicet
519 2229 565 2264 non
576 2214 710 2278 quibusdem
722 2211 794 2262 solium
806 2212 871 2262 boni·

60 2293 134 2336 tatem
151 2301 220 2338 suam
235 2285 403 2348 communicat,
418 2287 459 2336 sed
475 2285 581 2338 omnihus
589 2323 597 2350 ,
608 2288 676 2350 prout
687 2283 776 2334 scilicet
789 2283 870 2335 electio

59 2359 231 2408 discretionem
244 2357 359 2419 quandam
373 2355 502 2422 importat(
520 2357 553 2420 )..

98 2492 128 2554 tt)
141 2499 178 2542 lix
191 2494 292 2541 authore
306 2495 360 2539 libri
371 2495 401 2539 de
415 2495 491 2540 causis
505 2495 566 2540 inter
578 2493 701 2540 Axiomata
714 2505 755 2537 sua
767 2489 870 2548 equire·

59 2557 138 2602 lenter
147 2559 213 2604 Ma
222 2557 291 2614 citat,
300 2559 337 2603 vel
345 2557 449 2614 quicqum
457 2557 583 2602 eorundem
594 2556 741 2604 Axiomaturn
751 2555 811 2600 luter
819 2554 870 2609 ejus

58 2632 136 2675 opera
147 2622 234 2666 author
246 2619 302 2672 luit;
318 2625 344 2664 ut
358 2620 435 2664 uidere
446 2621 517 2664 estin
533 2619 635 2664 dictione
650 2615 751 2666 Omnia,
765 2623 788 2661 et
804 2616 871 2660 intel·

58 2683 102 2738 ligi
115 2682 310 2729 deoimiiitudiuo
320 2680 439 2739 analogice
451 2683 508 2728 eutis
522 2687 571 2738 est,
584 2687 610 2724 ut
621 2677 667 2724 hlc.
914 2736 918 2742 .

99 2751 131 2811 til
145 2757 198 2799 Non
214 2755 296 2798 obstat
313 2753 396 2797 electio
410 2753 553 2810 quorundam
568 2762 620 2796 eum
637 2749 713 2806 eliqua
732 2748 870 2794 discretione

61 2826 119 2870 prae
134 2818 185 2863 aliis
199 2816 232 2862 ad
246 2816 333 2860 bonum
346 2817 519 2871 supernaturale
540 2813 739 2870 consequendum,
761 2811 814 2867 quie
834 2807 870 2854 hin

61 2877 157 2923 canthur
168 2878 310 2924 nominatim
319 2877 348 2922 de
361 2879 465 2924 bonitate
473 2877 580 2923 naturali
600 2875 672 2932 agitur
684 2887 753 2931 quem
764 2871 871 2939 omnihus

61 2939 227 2987 indifferenter
248 2942 310 2984 Deus
326 2941 430 2998 confert,
448 2942 515 2997 juxta
532 2939 668 2996 exigentiam
684 2935 832 2992 singulorum.
848 2935 869 2976 sn
