1992 3342
108 158 139 206 ot
303 169 363 206 ems
379 169 401 219 ι,
417 169 509 214 oum.
525 167 567 220 m,
584 167 639 206 m.
652 167 707 208 ιιιι.

107 243 190 308 uerbis
199 244 315 302 Domini,
335 243 396 307 qnod
407 243 508 294 Verbum
519 243 561 294 liei
574 242 635 307 quoi
653 246 689 294 est
704 244 777 306 neus,
788 247 824 294 est
836 243 916 295 forma

108 315 210 378 quodam
220 327 267 364 non
275 313 370 367 mimate
384 313 415 378 (i)
432 329 439 364 ι
451 313 492 364 sed
507 312 580 364 forma
589 317 626 364 est
635 326 689 377 pers
701 313 821 376 compositi
834 329 840 362 :
855 328 917 377 ergo

109 383 381 447 Deusestpnrsalicujus
392 383 520 447 compositi.
985 416 987 453 :

142 459 165 504 3.
178 457 302 516 Preietos,
312 468 450 518 quoeunque
459 458 526 517 sunt,
539 456 563 504 et
573 453 637 504 nullo
649 454 717 504 modo
727 453 847 517 differunt,
856 460 918 506 sunt

108 524 233 588 idem3sed
242 527 301 576 Dens
310 529 333 574 et
341 525 437 576 materia
445 525 520 588 primu
528 529 594 586 munt,
604 527 628 574 et
637 526 699 575 nuto
709 526 777 576 modo
785 525 915 576 oinemnt:
985 574 987 581 .

109 607 164 657 ergo
180 595 271 658 penitus
287 598 340 644 sunt
359 593 428 646 iden.
448 595 493 645 Sed
510 594 605 644 muteris
625 594 699 658 primu
716 595 788 646 intrat
801 596 920 658 composi-

108 665 195 716 tionem
205 678 282 716 rerum
292 681 299 714 ι
310 679 365 728 ergo
374 668 398 718 et
410 668 478 716 Deus.
491 665 597 715 Probato
607 666 688 716 metio
698 682 704 715 :
716 679 856 730 moounqm
869 667 920 717 iir-

110 739 200 800 terunt‚
216 735 328 798 aliquibus
340 734 473 788 differentiis
490 735 601 785 differunt
608 773 618 799 ‚
635 735 705 786 etita
720 739 810 800 oportet
824 750 852 787 ea
862 751 919 789 esee

110 805 247 869 composita3
262 807 376 858 seditem
394 811 417 858 et
430 805 526 858 noterio
536 809 590 856 sunt
607 805 700 858 omnino
717 807 840 872 simplieia3
858 822 919 872 ergo

110 877 173 926 nulio
182 876 375 928 mododitierunt.
985 872 987 891 '

141 946 186 996 Sed
199 949 277 996 mntra
293 950 340 1012 est,
350 945 411 1010 quod
425 945 479 996 iioit
488 946 623 1011 Dionysius,
640 951 690 996 to.
710 945 742 994 de
754 946 809 995 div.
826 947 918 1012 Nom„

111 1014 172 1080 quod
181 1029 254 1080 neque
264 1020 339 1067 taetus
348 1021 383 1068 est
393 1017 456 1080 ejus,
468 1016 554 1067 mitieet
564 1017 618 1080 liei,
632 1029 707 1080 neque
716 1016 760 1067 ulia
773 1016 878 1080 qnaedm
888 1020 922 1069 ad

112 1087 365 1148 portesmmmiseenda
379 1086 516 1137 communio.
535 1089 661 1150 Praeteiea,
679 1085 762 1138 dieitur
781 1085 807 1136 in
824 1086 866 1137 lib.
885 1088 921 1138 de

115 1158 204 1206 causis
212 1157 320 1222 (siquod
329 1157 474 1222 eausaprimn
482 1156 542 1220 regit
550 1159 845 1221 omnesrespreterquan
855 1171 922 1208 oom-

113 1226 233 1278 misoeatur
247 1228 290 1279 eis.

144 1296 296 1362 (Coumnsm.
307 1324 338 1336 -
346 1299 407 1350 Deus
422 1297 496 1362 prima
508 1311 577 1349 nausa
593 1297 709 1362 eitieiem,
720 1298 856 1362 aoprimnm
862 1299 921 1350 sim-

114 1366 202 1430 pliciter
213 1381 253 1418 ens
262 1372 285 1419 et
296 1381 367 1432 agens
377 1367 429 1418 nim
438 1367 480 1431 sit,
490 1367 629 1431 impossihile
640 1371 675 1418 est
682 1369 708 1418 in
718 1368 815 1432 alieujm
825 1381 922 1433 compo-

114 1436 219 1488 sitionem
227 1438 305 1490 uenire
311 1477 320 1503 ,
331 1440 369 1490 uel
377 1444 403 1490 ut
411 1437 490 1490 muudi
498 1439 589 1503 anima,
596 1439 635 1489 vel
642 1443 668 1489 ut
676 1439 749 1490 ioinm
755 1452 798 1490 seu
807 1441 921 1504 materia,

115 1511 140 1558 ut
150 1508 242 1572 quidam
252 1509 309 1560 falso
319 1509 526 1574 existimavenmt.)

147 1580 282 1643 Respondeo
294 1579 426 1643 dicendum,
442 1579 505 1644 quod
519 1580 581 1631 cirne
594 1582 639 1632 hoo
653 1581 746 1632 inerunt
755 1584 803 1630 tres
819 1594 921 1633 errores.

116 1649 212 1708 Quidam
223 1649 284 1699 enim
295 1655 419 1712 posueruut
426 1649 487 1716 quod
496 1654 556 1702 Deus
564 1655 625 1702 esset
635 1652 710 1701 anima
718 1650 811 1714 mundi,
820 1655 847 1701 ut
856 1657 924 1715 patet
985 1656 987 1659 ’

116 1733 157 1784 per
166 1720 317 1782 Augustinum
326 1721 351 1771 in
361 1721 400 1771 lib.
412 1727 435 1784 7,
445 1721 477 1771 de
490 1723 569 1772 civit.
584 1723 643 1785 nei;
652 1725 676 1772 et
684 1723 713 1772 ad
721 1723 765 1771 hoe
774 1722 925 1773 etiamsedu-

116 1790 185 1852 nitur,
196 1789 356 1854 quodquidam
365 1791 470 1842 dixerunt
478 1793 550 1841 Deum
559 1805 609 1842 esse
618 1793 718 1842 animam
728 1792 796 1855 primi
804 1792 866 1843 omli.
877 1795 925 1845 Alii

117 1864 194 1910 autem
204 1861 309 1911 dixerunt
316 1863 388 1911 Deum
398 1875 448 1912 esse
457 1861 595 1925 principium
605 1861 698 1912 formale
714 1862 815 1913 omnium
827 1876 923 1929 rerum,

118 1935 142 1983 et
155 1933 204 1984 haee
217 1931 298 1984 dicitur
313 1931 383 1984 tuisse
400 1931 478 1998 opinio
495 1932 676 1984 montuosum
693 1932 736 1998 (t).
748 1933 841 1983 Tertius
857 1946 925 1986 error

153 2057 184 2120 (1)
197 2063 228 2106 Ut
235 2072 287 2116 esp.
296 2059 325 2122 2,
336 2061 397 2105 oinos
406 2059 507 2104 medium
515 2059 592 2105 uidere
601 2063 648 2119 est,
658 2059 699 2104 nbi
712 2056 802 2115 pieniim
813 2060 925 2108 :Forma

120 2122 229 2179 qwdom
241 2125 288 2172 eet,
298 2123 379 2182 [ormo
392 2133 442 2166 oon
455 2121 573 2180 formato,
595 2121 636 2167 ted
652 2122 732 2180 somno
745 2123 856 2166 omnium
868 2124 925 2182 {or-

120 2196 232 2238 mmm
243 2185 324 2243 [orote
338 2182 557 2240 (ιισοιηιιιιιιιιῠίἱὶιι
568 2187 614 2228 eto.
627 2185 659 2228 m
667 2183 779 2228 interiisse
793 2184 875 2230 Monet
891 2187 925 2231 in

119 2257 144 2289 ee
154 2246 292 2304 tomorum,
305 2250 326 2290 et
335 2247 437 2289 iuononi
450 2246 551 2290 omnio.-
564 2249 663 2302 erooeet
670 2246 752 2304 tornea
764 2246 925 2293 omuiumre-

121 2319 194 2356 rom,
207 2310 289 2368 {ormo
300 2306 463 2366 infabricato,
474 2312 520 2352 eto.

154 2365 184 2428 (ii)
199 2372 262 2414 Inter
273 2381 344 2425 opera
356 2367 488 2424 Philosophi
499 2373 561 2424 post.
579 2365 610 2410 12
619 2367 691 2412 libros
706 2367 811 2424 Mesopo.
823 2368 847 2413 in
861 2370 925 2415 nnti-

121 2431 173 2486 quis
184 2431 369 2487 exemplaribus:
380 2441 427 2474 non
440 2430 491 2484 elus
504 2435 583 2474 tomen
595 2429 709 2485 hocopus
722 2435 772 2486 est,
785 2429 825 2474 sed
837 2432 925 2477 Anubis

121 2493 252 2550 cujusdam,
265 2495 291 2536 ut
305 2491 328 2535 iu
341 2491 509 2536 Commentario
522 2503 564 2536 sno
577 2496 643 2535 notat
656 2493 679 2536 S.
692 2491 800 2536 Thomas.

155 2551 184 2614 (3)
196 2553 241 2598 Vel
251 2557 389 2597 seotstonum
400 2549 522 2610 Aimnrtei,
533 2553 599 2608 eujus
610 2553 715 2597 meminit
722 2551 859 2597 Vincentius
870 2551 926 2598 Bei-

121 2615 251 2660 iovseensie
263 2615 288 2658 in
296 2613 398 2672 Speculo
411 2614 548 2662 historiali,
560 2614 602 2658 iib.
617 2613 660 2670 29,
672 2626 725 2670 cop.
738 2612 795 2666 10⁷;
810 2619 834 2658 et
845 2615 927 2660 (inrdi-

121 2677 181 2722 nolis
195 2677 367 2720 Turreeremats
376 2675 401 2720 in
411 2675 559 2722 Summanus
568 2675 596 2719 (ie
606 2676 720 2731 Ecclesia,
728 2675 771 2720 tib.
781 2673 806 2732 k,
818 2687 872 2730 oon.
883 2675 925 2724 15.

121 2739 153 2786 Et
166 2737 290 2782 concilium
306 2739 458 2783 iateranense
476 2739 518 2782 sub
528 2738 664 2782 Innocentio
678 2737 729 2794 111,
743 2737 822 2781 dicens
833 2753 839 2780 ι
850 2737 927 2785 Dom-

121 2809 209 2843 nomm
219 2800 430 2855 perversissimum
443 2799 530 2856 doymo
542 2799 617 2856 impii
629 2797 765 2848 Atmoriei,
776 2798 849 2856 eujus
857 2813 926 2845 men·

124 2862 169 2906 tem
178 2861 213 2906 oio
224 2864 295 2919 poter
303 2861 425 2908 maminoti
437 2861 578 2910 sosoma,
589 2863 617 2906 ut
627 2861 681 2919 ηἰιι
691 2860 804 2907 doctriua
813 2873 865 2907 nou
875 2865 926 2908 tam
