1992 3342
352 259 383 294 on
400 262 506 305 smmum
523 272 573 311 nui.
842 282 886 335 tm

87 318 167 377 elicitus
179 323 205 373 in
216 324 256 376 lib.
268 330 298 378 ele
314 332 416 392 censis.
427 340 490 403 cubi
503 348 599 403 «sciens
611 356 733 409 emicem
743 376 818 429 mem,
830 373 888 423 redit

85 390 113 438 ad
121 395 244 445 essentiam
250 413 324 451 suem.
335 421 350 450 »
366 408 441 464 Perse
452 419 658 506 summeubeisteee
666 431 765 510 maximi
781 446 889 495 convenit

80 750 181 803 moueri,
196 752 234 800 vel
246 758 309 818 pati,
324 764 350 808 ut
363 762 447 815 dicitur
460 768 484 816 iu
499 772 539 835 ΙΙΙ,
553 775 584 825 de
600 784 687 833 animo
704 788 746 852 (l).

79 816 214 880 intellipere
225 829 261 874 est
270 830 359 893 motus,
369 834 409 897 qui
422 840 457 887 est
470 846 534 892 actus
545 846 691 913 imperfecti,
703 860 741 921 qui
753 866 787 913 est
798 866 826 915 ab
837 869 882 921 alio

78 884 100 935 in
115 890 192 954 cliud3
207 897 327 950 seductus
339 904 458 970 perfecti,
473 912 574 969 existens
584 919 608 969 in
620 924 694 988 seipso
707 936 798 993 agente.
814 938 883 989 Simi-

76 957 204 1013 literetiam
217 966 279 1029 quini
291 969 421 1027 intellectus
435 983 565 1042 perficiatur
579 991 607 1040 ab
616 992 767 1065 intelligibili,
779 1008 815 1056 vel
826 1012 882 1061 assi-

79 1030 166 1081 miletur
176 1034 211 1098 ei,
224 1039 270 1087 hoc
283 1045 394 1095 convenit
403 1048 542 1119 intellectui,
554 1060 594 1122 qui
609 1070 742 1133 quandoque
756 1078 824 1127 estin
839 1095 880 1143 po-

80 1102 162 1166 tentin,
172 1108 225 1169 quic
239 1124 284 1173 per
296 1114 341 1163 hcc
353 1118 415 1181 qubd
427 1127 462 1171 est
471 1125 496 1174 in
506 1132 620 1195 potentie,
634 1136 710 1191 dilicit
725 1145 753 1195 ab
772 1147 880 1215 inlelligi-

78 1168 129 1233 hili,
144 1179 167 1223 et
177 1180 317 1233 assimilatur
328 1186 404 1252 elpes
411 1194 511 1255 speciem
518 1198 695 1273 intelligibilem,
708 1227 758 1277 queo
772 1223 806 1269 est
816 1222 878 1273 simi·

76 1238 145 1294 litudo
152 1248 185 1297 rei
192 1249 332 1319 intellectu,
345 1262 369 1307 et
380 1264 496 1323 perficitur
507 1272 639 1339 peripsam,
651 1280 711 1331 sicut
721 1290 822 1347 potentia
835 1309 877 1359 pen

72 1318 152 1367 ectum
161 1320 207 1370 Sed
219 1323 354 1378 intellectus
365 1331 465 1399 diuinus,
474 1340 514 1402 qui
524 1344 588 1395 inullo
600 1350 666 1400 modo
677 1358 712 1403 est
723 1357 747 1404 in
760 1366 875 1431 potentia,

71 1400 114 1436 uon
126 1392 247 1453 perficitur
264 1410 307 1459 per
319 1398 481 1471 intelligibile,
495 1425 570 1477 neque
591 1419 727 1473 assimilatur
740 1429 776 1493 ei,
790 1436 828 1483 sel
842 1442 877 1492 est

69 1470 105 1507 suu
118 1463 232 1523 pei-lectio
243 1470 269 1516 et
282 1482 348 1520 suum
364 1475 516 1541 intellipere.

99 1532 130 1580 ll
140 1536 238 1587 tertium
252 1539 389 1607 dicendum,
404 1548 464 1609 qubd
478 1566 531 1603 esse
544 1562 646 1613 naturale
659 1579 706 1615 non
723 1573 758 1619 est
775 1578 874 1631 materie

68 1600 153 1667 primu,
171 1623 225 1671 qnae
240 1612 315 1663 estin
328 1619 549 1689 potentianntnm,
567 1628 611 1681 nisi
626 1640 751 1691 secuudum
764 1648 824 1708 quod
840 1658 875 1705 est

66 1671 153 1726 reducta
163 1678 189 1727 in
204 1685 286 1731 actum
297 1697 341 1747 per
356 1688 462 1741 formam.
472 1696 604 1752 intellectus
622 1711 698 1759 eutem
716 1718 793 1766 noster
804 1724 874 1783 possi·
887 1751 905 1767 ν

64 1739 145 1795 titisse
157 1748 233 1799 habet
242 1751 268 1799 in
278 1754 359 1805 ordine
371 1757 556 1832 intelligibilium,
569 1771 627 1823 sicut
643 1781 739 1831 materia
758 1787 830 1847 prima
848 1792 872 1842 in

65 1813 137 1865 ordine
148 1832 231 1869 rerum
246 1826 400 1891 naturalium3
411 1843 439 1880 eo
450 1834 509 1896 qubd
523 1842 557 1887 est
568 1840 592 1889 in
605 1851 706 1907 potentin
721 1854 749 1902 ed
764 1856 873 1925 intelligi·

65 1881 121 1950 bilia,
130 1891 190 1941 sieut
202 1894 303 1943 materia
315 1898 390 1959 prima
403 1903 431 1951 ad
442 1910 562 1960 naturalia.
577 1915 639 1966 Unde
656 1919 785 1977 intellectus
796 1938 872 1984 nostes·

62 1958 169 2013 pmsibilis
183 1978 236 2013 non
254 1969 334 2029 potest
355 1970 441 2023 hebere
461 1976 638 2043 intelligibilium
659 1994 816 2053 operationem
826 2002 868 2068 (2),

61 2024 101 2075 uisi
110 2030 133 2079 in
142 2040 260 2097 quantum
273 2040 394 2100 perficitur
406 2058 448 2107 per
461 2052 561 2111 speciem
575 2056 742 2123 intelligibilem
756 2068 867 2134 alicujus:
925 2106 927 2109 -

61 2100 81 2144 et
99 2101 130 2151 sie
151 2094 269 2169 intelligit
286 2110 388 2175 seipsum
410 2130 451 2179 per
464 2123 563 2183 speciem
583 2126 761 2199 intelligibilem,
778 2140 835 2192 sient
846 2150 869 2195 et

59 2168 107 2219 ulia.
121 2174 274 2227 llaniiestum
289 2186 324 2230 est
340 2188 417 2234 autem
437 2190 495 2251 quoti
510 2207 537 2243 ex
556 2210 583 2248 eo
599 2198 659 2262 quon
673 2208 789 2267 cognoscit
802 2212 870 2265 intel·

58 2238 148 2308 lieibile,
160 2247 276 2311 intelligit
287 2251 363 2315 ipsum
376 2270 443 2307 suum
455 2260 592 2330 intelligere,
603 2274 627 2319 et
639 2288 681 2336 pen
690 2280 764 2327 actum
774 2294 869 2345 cognos-

59 2312 85 2360 cit
93 2319 225 2377 potentiam
235 2320 412 2378 intellectivam.
423 2331 484 2382 lleus
498 2340 575 2387 autem
590 2346 624 2391 est
634 2344 693 2394 sicut
711 2353 773 2401 nctus
783 2367 866 2420 purus,

86 2430 200 2493 (ilTextu
213 2440 326 2485 nimirum
337 2443 377 2500 28,
394 2449 430 2491 vel
442 2460 494 2508 cap.
507 2452 535 2513 7,
550 2458 590 2501 ubi
609 2466 633 2504 ct
646 2462 730 2519 duplex
738 2476 814 2517 motus
828 2474 866 2537 lito

56 2492 167 2547 iudicatus
181 2502 316 2558 assignatus
331 2507 409 2551 obiter
422 2516 522 2569 teutum;
537 2528 580 2563 nec
592 2520 620 2565 ed
630 2526 703 2571 solum
717 2531 866 2592 intellipere,

56 2556 92 2599 scd
113 2560 142 2604 eti
163 2560 262 2609 sentire
283 2573 361 2613 motus
385 2570 423 2615 ille
441 2574 524 2621 dicitur
544 2584 660 2635 pertinere
683 2592 722 2644 qui
743 2601 779 2639 est
797 2603 866 2645 octus

54 2620 153 2677 perfecti
163 2626 368 2696 (τετελεσμένιῠ),
377 2632 401 2676 id
412 2641 449 2679 est
461 2638 512 2693 eius
522 2643 582 2697 quod
597 2646 625 2690 cd
638 2651 805 2704 perlectionem
814 2660 864 2716 jem

56 2693 170 2751 pervenit,
184 2696 223 2741 vel
243 2698 308 2755 quod
326 2701 405 2759 seipso
422 2708 551 2769 pepiectum
568 2722 616 2767 est;
632 2732 673 2774 per
691 2727 823 2781 oppositum
835 2732 864 2782 ac

56 2755 129 2797 cetum
141 2756 290 2818 imperfecti
301 2758 439 2837 (ἀτελοῦς),
451 2770 474 2813 id
489 2778 525 2817 est
537 2777 587 2833 ejus
599 2791 645 2835 quo
656 2783 684 2829 ud
695 2788 864 2843 perfectionem

57 2822 129 2885 tenen,
138 2829 177 2873 vel
190 2835 302 2875 movetur
312 2833 341 2878 ed
351 2835 408 2882 illud
421 2851 464 2895 per
477 2844 539 2900 quod
550 2848 629 2903 perlici
640 2852 726 2909 potest.

87 2890 115 2951 (il
128 2901 157 2944 lit
167 2902 196 2945 in
205 2902 309 2949 comico
323 2911 451 2965 exemplari
464 2929 470 2956 :
483 2927 531 2961 non
544 2919 604 2971 sieut
613 2926 699 2979 pnseim
711 2928 735 2973 in
744 2929 862 2984 impressis

55 2963 97 2997 flou
110 2962 165 3006 mule
183 2965 259 3019 plano
273 2979 357 3027 sensu,
379 2973 581 3033 intellipibilium
594 2990 767 3043 operationem.
820 3022 827 3027 -
