1992 3342
119 238 168 283 m
324 246 384 282 rsus
401 247 423 293 r,
438 244 530 288 oum.
547 244 599 291 xrs,
618 242 671 280 sur.
688 244 721 281 vr.

149 325 300 387 (mucro.
309 346 340 357 -
349 319 406 371 (idm
415 320 476 371 Deus
486 318 565 369 omnin
576 319 626 369 clia·
637 318 650 368 d
663 332 687 369 se
703 332 745 382 per
760 332 826 369 suem
843 333 929 371 essen·

118 394 173 443 tiam
195 397 330 455 cognoscet,
345 404 397 455 que
417 404 493 441 renum
513 392 666 455 perfectiones
685 390 789 452 singutas
806 392 928 456 continet,

117 464 193 513 omnia
202 462 247 543 ntia
256 474 304 512 non
312 462 466 525 incommuni,
477 463 518 512 sed
526 461 617 525 propriu
627 464 651 510 et
664 460 769 511 distinctu
784 461 923 525 cognitione

118 532 280 668 wgneffidgo
293 604 427 666 dicendum,
442 602 504 667 quod
519 602 579 653 circa
595 604 638 652 hoc
659 601 751 665 quidam
769 610 924 669 erraverunt,
981 580 982 607 ἶ

118 674 220 725 dicentes
231 674 294 738 qudd
307 676 365 725 deus
378 674 447 724 aliut
460 687 485 723 se
499 686 546 723 non
560 672 678 735 cognoscit
693 671 738 722 nisi
749 672 775 721 in
790 676 926 739 communi,

117 745 203 796 scilicet
214 745 240 795 in
252 749 363 809 quantum
374 750 427 796 sunt
443 745 514 795 eutiu.
527 745 591 793 Sicut
600 743 662 793 enim
673 743 734 806 ignis
743 744 763 793 si
774 751 929 807 cognosceret

117 816 217 881 scipsum
226 821 253 866 nt
264 821 300 867 cst
312 816 448 882 principium
462 816 553 878 caloris,
567 820 716 877 cognosceret
725 818 832 865 naturam
842 816 929 869 caloris

117 890 142 936 ct
161 886 237 936 omniu
249 887 294 937 aliu
309 887 334 936 iu
350 890 459 950 quantum
476 888 531 936 sunt
549 886 636 949 cnlidu3
651 886 683 935 itu
697 887 757 935 Deus
770 884 797 935 in
812 890 928 950 quantum

118 957 235 1019 cognoscit
244 962 306 1008 seut
319 958 456 1022 principium
473 957 577 1019 essendi,
594 956 710 1019 cognoscit
723 960 830 1007 naturam
845 956 926 1020 entis,

118 1031 142 1079 et
151 1028 228 1078 omniu
241 1030 286 1079 atie
295 1028 321 1078 in
333 1035 443 1093 qnantum
456 1031 509 1079 sunt
520 1028 591 1077 entia.

149 1099 193 1148 Sed
203 1101 247 1149 hoc
258 1113 304 1149 non
315 1104 390 1163 potest
400 1113 459 1150 esse.
468 1101 526 1149 Num
536 1098 664 1160 intelligere
674 1096 759 1161 rrdqud
768 1096 794 1145 in
805 1100 928 1149 communi

118 1173 143 1219 et
156 1183 202 1219 non
215 1170 240 1219 in
259 1171 368 1234 speciali,
382 1175 418 1220 est
434 1169 569 1233 imperfecte
590 1168 676 1231 aliquid
694 1180 839 1229 cognoscere.
858 1168 927 1220 Unde

117 1241 248 1294 intellectus
261 1247 353 1305 noster,
368 1243 421 1292 dum
432 1242 460 1291 de
477 1241 580 1305 potentie
593 1241 617 1289 in
635 1244 710 1290 actum
724 1239 856 1301 reducitur,
870 1255 928 1304 per·

117 1312 187 1376 tingit
195 1313 258 1377 prius
271 1314 300 1365 ud
310 1314 464 1377 cognitionem
474 1313 626 1363 universatem
636 1316 659 1361 et
671 1310 788 1361 confusam
803 1310 925 1375 derebus,

117 1396 186 1447 quam
200 1385 227 1434 ad
240 1384 356 1449 propriam
369 1397 444 1434 rerum
455 1383 624 1445 cognitionem,
633 1382 691 1433 sicut
701 1382 729 1431 de
740 1380 879 1443 imperfecto
897 1385 925 1432 cd

117 1456 244 1518 perrectum
256 1457 394 1520 procedens,
409 1459 435 1505 ut
447 1459 511 1520 putet
524 1456 549 1503 in
561 1454 635 1519 primo
649 1454 746 1517 Physic.
762 1452 829 1515 (text.
846 1452 880 1517 2).
899 1456 925 1504 Si

117 1526 186 1589 igitur
198 1528 298 1589 cognitio
309 1528 351 1577 iiei
364 1527 393 1577 de
405 1528 475 1578 rebus
485 1527 536 1577 ediis
550 1526 608 1589 doe,
623 1529 684 1575 esset
696 1526 721 1573 in
734 1524 862 1575 universali
870 1530 925 1576 tarr-
981 1554 982 1565 ι

118 1606 166 1646 tum
180 1603 204 1647 et
216 1611 263 1647 non
275 1598 299 1646 in
315 1598 421 1661 speciali,
432 1601 566 1661 sequeretur
579 1595 639 1661 qudd
652 1596 702 1659 ejus
720 1596 861 1658 intelligere
875 1612 923 1648 non

118 1671 178 1717 essct
189 1668 294 1718 omnibus
308 1668 382 1718 modis
394 1669 538 1733 perfectum,
559 1673 583 1719 et
598 1682 639 1732 per
656 1680 798 1731 consequens
810 1680 856 1717 nec
869 1670 925 1732 ejus

117 1750 182 1791 esse,
197 1739 258 1801 quod
270 1743 305 1788 est
318 1742 399 1789 contra
414 1752 440 1789 eu
454 1754 504 1803 quse
519 1739 624 1803 superius
637 1742 727 1789 ostensa
742 1742 797 1788 sunt
807 1738 864 1803 (art.
880 1740 921 1803 5).

117 1809 213 1871 Oportet
225 1809 294 1873 igitur
310 1809 385 1859 dicere
399 1809 460 1873 qndd
473 1812 520 1861 alia
534 1810 546 1861 t
559 1826 583 1862 se
601 1812 722 1873 cognoscat
735 1811 829 1874 propriu
840 1813 924 1874 cogni·
981 1808 982 1811 ’

117 1877 196 1942 tione,
217 1894 263 1930 non
281 1880 352 1930 solum
369 1882 492 1931 secundum
512 1882 572 1947 qnid
590 1881 757 1933 communicant
774 1880 799 1929 in
819 1882 924 1935 rationes

115 1950 188 2013 entis,
200 1952 241 2002 sed
251 1951 374 2002 secundum
387 1952 447 2017 qnod
461 1968 531 2003 unum
547 1954 575 2003 ab
589 1953 633 2003 ulio
647 1951 801 2015 distinguitur.

148 2023 177 2072 ut
190 2024 219 2073 ad
231 2023 300 2087 hujus
317 2019 453 2073 euidentiam
469 2023 657 2075 considerandum
676 2026 710 2073 est
718 2060 726 2086 ‚
745 2020 805 2087 qudd
825 2023 924 2087 quidum

117 2095 220 2145 solentes
229 2094 361 2157 ostendere,
373 2094 433 2159 quod
439 2098 498 2145 Deus
510 2109 550 2160 per
557 2108 627 2145 unum
635 2092 751 2156 cognoscit
758 2093 843 2157 muita,
852 2098 925 2145 utun·

117 2168 154 2213 tur
164 2165 298 2228 quidusdam
312 2167 422 2230 exemptis
433 2184 439 2215 2
451 2171 530 2231 utputa
543 2166 603 2231 quod
617 2165 636 2215 si
652 2169 754 2216 centrum
770 2171 924 2227 cognosceret

117 2235 226 2299 seipsum,
235 2242 382 2298 cognosceret
396 2252 474 2288 omnes
483 2238 557 2288 ineas
566 2236 737 2303 progredientes
747 2234 760 2285 d
770 2238 869 2300 reutr03
884 2240 924 2289 vei

116 2306 156 2355 lux
170 2306 191 2355 si
207 2313 354 2369 cognosceret
370 2309 482 2374 seipsam,
503 2313 650 2373 cognosceret
666 2322 744 2359 omnes
760 2308 857 2359 colores.
876 2310 924 2360 Sed

117 2380 166 2429 dec
178 2379 295 2441 exemplu,
312 2379 367 2430 licet
377 2385 486 2444 quantum
499 2383 528 2432 ud
541 2380 626 2445 aliquid
643 2379 725 2431 similia
741 2379 799 2442 sint,
814 2380 923 2446 scilicet,

116 2452 227 2511 guantum
240 2449 269 2498 ed
285 2450 438 2501 universalem
451 2452 620 2515 causalitatem,
634 2455 711 2502 tumen
724 2449 833 2499 deficiunt
848 2465 925 2515 qusn-

117 2523 164 2569 tum
183 2520 211 2569 ud
230 2521 286 2583 hoc,
301 2520 361 2585 qodd
377 2524 497 2575 multitudo
515 2527 538 2574 et
557 2523 675 2573 diversitas
689 2536 734 2573 non
752 2526 878 2572 causantur
893 2526 923 2575 uir

116 2590 155 2641 iilo
171 2604 217 2642 nno
230 2590 341 2657 principio
354 2594 491 2659 universali,
506 2599 615 2660 qunmnm
628 2593 690 2645 adid
703 2594 762 2657 quod
775 2592 923 2659 principium

116 2661 267 2713 dstincuonis
279 2668 326 2727 est,
340 2666 380 2715 sed
397 2666 469 2717 solum
483 2670 592 2731 quantum
610 2666 637 2715 ad
655 2665 678 2716 id
692 2665 717 2713 in
730 2678 774 2729 quo
790 2666 924 2717 cummuni-

116 2737 186 2784 cunt:
202 2747 249 2785 non
259 2735 321 2785 enim
331 2736 451 2788 diversitas
463 2737 545 2788 coloris
558 2741 661 2788 causatu
675 2738 763 2789 exduce
777 2736 862 2799 solim,
878 2740 924 2791 sed

115 2818 144 2855 ex
156 2805 247 2856 diversa
259 2806 406 2870 dispositione
416 2809 525 2873 dmpheni
536 2808 677 2873 recipientis,
691 2812 715 2859 ει
725 2807 828 2859 similiter
840 2808 924 2861 direr-

115 2875 171 2927 sites
186 2876 297 2929 linearum
307 2883 343 2928 est
354 2893 384 2930 ex
395 2881 485 2932 diverso
496 2882 549 2931 situ.
561 2883 589 2931 Et
600 2880 652 2931 iude
666 2885 701 2932 est
709 2879 772 2945 qudd
782 2880 923 2943 hujusmodi

115 2946 235 2998 diversitas
248 2951 272 2997 et
288 2948 407 2999 multitudo
425 2964 471 3001 non
484 2955 561 3014 potest
577 2952 683 3013 cognosci
700 2952 723 3001 in
741 2964 782 3001 suo
797 2949 926 3015 principio
