1992 3342
267 188 299 226 D!
314 187 389 228 mlo
407 186 558 226 COGMTIOMS
573 187 707 226 Amic&
834 180 880 226 ‘159

78 264 124 316 Sed
139 263 217 330 omnia
227 267 281 314 sunt
294 264 319 314 in
330 278 373 328 eo,
387 264 440 330 quia
451 265 559 316 interiora
571 265 596 316 in
608 264 699 316 entibus
710 268 764 316 sont
774 264 799 315 in
813 279 881 330 supe

76 337 176 388 rioribus
189 336 356 400 essentialiter3
370 337 487 402 superiora
499 337 555 388 nero
565 341 619 388 sunt
632 337 657 387 iu
667 337 814 389 interioribus
829 352 881 403 pan·

76 407 194 473 ticipatirt
202 424 209 471 3
218 411 241 459 et
252 408 303 460 ideo
314 408 369 458 dicit
377 409 501 474 liiongsios
510 409 550 459 lv,
561 423 612 474 erp.
625 411 663 460 De
670 409 753 459 divin.
765 410 878 467 Nomio„

77 479 234 542 pedeneis
248 483 296 530 tota
309 479 332 530 iu
345 479 402 532 totis
413 483 550 544 congregat,
560 496 574 527 u
586 479 668 543 idest,
679 497 693 528 n
704 479 781 532 omnia
793 479 819 530 in
832 493 880 532 om·

76 550 153 603 nibus.
173 566 187 597 n
201 551 260 615 Ergo
274 553 369 614 angelus
379 552 455 603 omnia
466 553 491 604 in
507 565 549 602 sna
558 551 686 602 subeuntia
696 552 821 615 cognoscit.

109 623 156 675 Sed
169 627 248 674 contra
258 627 306 686 est,
317 625 377 688 good
389 623 511 690 ltionpsius
521 624 578 674 dicit
587 623 613 674 in
623 625 704 676 eodem
715 624 802 688 capite,
816 623 878 688 qndd

80 714 95 746 «
108 696 184 760 angeli
201 695 357 748 illuminantur
373 696 503 748 rationibus
526 709 610 747 rernm.
632 713 646 744 n
665 698 725 760 Ergo
741 701 880 760 cognoscunt

77 783 118 834 per
133 768 234 820 natones
248 781 334 832 rerum,
350 771 374 820 el
387 783 432 820 non
443 782 484 834 per
497 769 613 834 propriam
624 768 783 820 metantem.

110 841 306 907 (condrosio-
314 842 414 905 Angelus
427 853 473 891 non
485 841 604 903 cognoscit
617 840 693 892 omnia
704 840 877 904 percreatum

78 925 143 964 suam
152 912 213 963 sicud
226 914 294 976 Deus,
308 913 348 964 sed
358 926 399 977 per
409 912 572 964 similitudines
583 912 765 976 superadditas.)

109 985 245 1050 Respondeo
259 984 380 1037 dicendum
386 1021 395 1048 ,
407 984 469 1049 quod
480 983 538 1036 illud
549 999 595 1048 qno
611 984 742 1036 intellectus
756 985 877 1050 intelligit,

77 1059 223 1122 comparatur
233 1056 262 1106 ad
272 1055 414 1110 intellectum
427 1056 605 1120 intelligentem,
619 1061 646 1107 nt
662 1057 736 1108 torma
747 1057 811 1121 ejus,
825 1056 879 1122 guin

76 1127 150 1179 forma
164 1131 253 1193 estque
267 1141 337 1192 agens
347 1127 401 1192 agit.
414 1129 509 1192 Oportet
519 1132 595 1179 autem
611 1129 640 1179 ad
650 1129 694 1179 hoc
704 1127 764 1192 qurdd
778 1128 879 1192 potentia

76 1199 182 1265 perfecte
201 1199 340 1264 compleatur
356 1213 396 1266 per
416 1201 527 1261 leimam,
545 1199 605 1264 quid
622 1199 699 1251 omniu
722 1199 880 1252 contineantur

75 1273 120 1322 sub
138 1271 224 1334 torma,
239 1273 268 1322 ad
280 1285 331 1336 qna
350 1271 451 1336 munda
468 1285 493 1322 se
507 1271 623 1334 exlendit3
635 1275 660 1322 et
669 1269 722 1321 inde
733 1270 839 1335 estquod
855 1271 880 1322 in

74 1343 146 1394 rebus
156 1342 337 1407 corruptibilibus
344 1343 417 1393 torma
425 1356 470 1393 non
477 1340 581 1406 perfecte
589 1341 688 1406 complet
696 1341 823 1404 potentiam
832 1355 881 1392 ma-

74 1415 155 1478 teriae,
169 1414 223 1478 quia
237 1413 339 1480 potentia
353 1413 453 1465 materian
472 1414 501 1464 ad
519 1413 585 1477 plura
602 1427 627 1463 se
643 1412 757 1476 extendit,
771 1413 839 1477 gurim
852 1414 882 1465 sit

75 1485 218 1537 continentia
234 1486 313 1536 iormae
323 1487 392 1549 liujus
403 1487 441 1536 uel
452 1485 524 1536 illius.
537 1485 642 1536 Potentia
652 1487 728 1535 annm
740 1484 883 1536 intellectiva

76 1558 157 1622 angeli
171 1571 195 1608 se
206 1557 308 1608 extendit
320 1557 348 1606 ad
359 1555 532 1620 intelligendum
543 1555 632 1617 omnia,
648 1555 702 1621 qnia
717 1556 834 1621 objectum
844 1557 882 1608 in·

75 1629 184 1681 telleelds
198 1632 234 1680 est
252 1643 295 1678 ene
306 1627 344 1678 vel
358 1643 446 1678 oerum
466 1640 609 1685 commune,
623 1629 673 1692 ipsa
689 1631 766 1679 autem
785 1628 882 1679 essentia

78 1701 156 1766 angeli
169 1715 216 1751 non
230 1698 402 1764 comprehendit
417 1699 442 1750 in
452 1713 477 1750 se
489 1698 579 1763 omnia,
592 1698 645 1750 culm
657 1698 687 1750 sit
698 1699 798 1750 essentia
808 1698 881 1750 deter-

76 1775 166 1826 minata
180 1774 208 1823 ad
216 1785 289 1837 genus
298 1775 322 1823 et
332 1772 360 1823 ad
369 1771 477 1836 speciem.
490 1768 539 1822 Hoc
548 1774 625 1822 autern
633 1771 751 1836 proprium
759 1774 795 1822 est
803 1785 881 1822 essen·

75 1847 116 1897 tie
127 1844 213 1897 divine
219 1882 228 1909 ,
236 1857 286 1908 qua
300 1843 390 1894 infinita
404 1847 453 1907 est,
465 1847 491 1893 ut
504 1843 529 1892 in
541 1857 566 1896 se
578 1842 712 1908 simpliciter
724 1842 801 1895 omnia
818 1855 881 1894 oom-

77 1917 206 1982 prehendat
223 1914 332 1982 perlecti.
350 1917 378 1966 Et
392 1915 444 1966 ideo
460 1916 521 1969 solus
538 1915 598 1966 Deus
614 1914 730 1978 cognoscit
744 1914 822 1967 omnia
840 1927 881 1979 per

78 2003 144 2040 suam
156 1988 292 2048 essentiane
302 1987 395 2052 angelus
403 1990 479 2038 autem
488 2000 530 2051 per
540 1999 605 2036 suam
617 1985 740 2038 essentiam
749 1999 795 2036 non
804 1989 881 2050 potest

78 2061 157 2113 omnia
171 2073 322 2125 cognoscere,
335 2059 472 2124 sedoportel
485 2058 628 2110 intellectum
642 2058 693 2123 gnus
706 2057 820 2123 diquihm
828 2072 881 2124 spe·

79 2133 159 2186 clebus
174 2133 253 2198 pertici
263 2132 293 2184 ad
303 2145 339 2182 res
351 2131 528 2194 cognoscendas.

111 2209 145 2257 dd
158 2205 257 2272 primum
267 2218 321 2267 ergo
330 2203 464 2266 dicendum,
475 2199 535 2268 qood
548 2201 599 2253 clim
609 2199 692 2253 dicitur
703 2220 718 2250 n
727 2203 833 2266 angelum
844 2216 881 2254 se-

79 2274 180 2330 cundium
196 2291 261 2328 suam
279 2281 383 2328 naturam
401 2289 438 2326 res
451 2287 602 2338 cognoscere,
620 2291 634 2321 n
649 2275 672 2338 lg
683 2274 820 2324 secundine
835 2287 882 2325 non

80 2348 217 2400 determinat
233 2348 332 2399 medium
348 2347 497 2410 cognitionis,
513 2346 573 2410 quod
591 2350 626 2398 est
644 2344 767 2395 similitudo
781 2344 881 2408 cogniti3

79 2421 119 2472 sed
139 2420 247 2470 virtutem
266 2417 458 2482 cognoscilivam,
476 2432 527 2482 qne
541 2415 648 2468 convenit
662 2418 743 2481 angelo
755 2416 882 2468 secundum
961 2446 964 2452 -

80 2507 145 2544 suam
159 2497 272 2543 naturam.
519 2489 525 2506 ¹

113 2567 148 2616 dd
160 2565 284 2616 secundum
298 2563 433 2626 meandum,
445 2561 506 2626 qndd
519 2562 577 2612 sicut
587 2574 667 2612 sensus
680 2562 706 2610 in
718 2564 770 2611 actu
779 2565 816 2612 est
830 2575 882 2612 sen·

80 2637 147 2688 sibile
158 2637 181 2687 in
197 2640 260 2698 actu,
275 2639 301 2686 ut
312 2636 393 2686 dicitur
405 2635 430 2684 in
441 2635 471 2684 ΙΙ.
486 2634 519 2684 de
532 2635 623 2683 Animo
637 2633 698 2698 (non
710 2633 743 2682 ita
755 2633 815 2698 qnod
831 2632 882 2698 ipsa

78 2709 114 2759 ris
125 2708 232 2759 sensitiva
243 2707 273 2758 sit
286 2706 336 2772 ipsa
347 2706 469 2761 similitudo
482 2705 597 2756 sensibilis
608 2719 659 2769 quae
670 2710 704 2757 est
714 2705 739 2755 in
750 2719 831 2767 sensu,
841 2706 882 2756 sed

79 2781 132 2846 quia
144 2794 173 2831 en
187 2784 283 2844 utroque
296 2779 322 2830 lit
334 2792 418 2840 unum,
432 2778 491 2830 sicut
504 2791 534 2828 ex
544 2781 596 2831 actu
611 2781 635 2828 et
650 2777 754 2842 potentia
762 2777 788 2841 );
802 2777 834 2827 ita
843 2776 881 2826 in-

79 2850 184 2902 tellectus
199 2851 224 2900 in
240 2853 292 2900 actu
310 2849 392 2903 dicitur
405 2863 457 2900 esse
476 2848 617 2901 intellectum
633 2849 659 2900 in
672 2853 736 2912 actu,
757 2862 804 2898 non
821 2848 881 2912 quod
985 2868 986 2873 ¹

82 2921 209 2974 subeuntia
226 2921 354 2975 intellectis
370 2921 399 2974 sit
416 2922 465 2986 ipsa
481 2921 606 2974 similitudo
618 2935 659 2988 per
674 2935 744 2988 quam
756 2919 880 2985 intelligit,
