1992 3342
832 243 841 264 ι

356 297 387 334 on
400 299 540 338 ursarum
554 302 603 337 nur.
854 294 883 342 tl

78 372 147 436 mod,
161 387 210 438 qna
223 387 267 438 per
280 374 397 425 rationem
411 377 539 428 naturalem
549 381 603 428 nota
613 381 708 441 pomunt
720 391 770 428 csse
783 379 811 428 de
822 381 883 443 llec,

78 445 101 491 ul
113 445 193 496 dicitur
210 449 285 497 ltom.
301 447 328 509 l,
340 460 387 498 non
403 451 457 496 cunt
470 449 558 498 articuli
568 449 622 499 fidei
629 487 637 512 ‚
651 451 692 515 aed
705 451 842 521 praeambnla
855 452 884 500 ud

78 515 185 570 articulos.
204 519 243 570 Sic
258 519 323 569 enim
338 519 396 570 fides
412 521 568 584 praesupponit
585 522 739 584 cognitionem
758 524 883 572 naturalem

76 576 212 652 ffiatia
224 594 350 653 naturam,
366 592 704 660 etptpepdgptpoperlomnuo
717 609 723 642 ε
735 593 793 643 nihil
804 598 892 659 tamen

82 660 176 718 prohibet
188 661 264 725 illud,
283 663 345 726 quod
357 664 482 712 secundum
492 677 518 713 se
529 664 703 714 demonstrabile
713 668 782 714 estet
791 664 883 729 scibile,

84 729 108 778 alr
117 731 186 798 dique
200 733 278 798 accipi
289 737 316 783 ut
333 734 455 798 credibile,
468 735 508 799 qui
521 736 737 786 demonstrationem
750 750 796 788 non
812 738 881 800 capit.

109 804 138 854 ld
152 806 282 856 secundum
294 805 430 870 dicendum,
445 805 507 870 qudd
519 805 571 857 clim
584 809 751 858 demonstratur
760 822 828 859 cauea
842 823 884 874 per

80 873 194 940 ellectum,
206 889 302 928 neceme
324 880 360 928 est
377 877 412 927 uti
432 877 517 928 ellectu
530 879 579 929 loco
597 879 740 929 diffinitionis
759 893 832 930 causae
854 882 883 930 ad

79 946 276 1000 demonstrandum
290 961 383 1000 caueam
394 962 460 1012 esse,
471 952 495 1000 et
505 951 549 1000 hoc
557 949 656 1000 maximi
666 951 777 1014 contingit
785 951 809 1000 in
816 953 881 1002 lteo:

78 1017 125 1080 pria
137 1020 166 1070 ad
176 1021 325 1084 probandum
336 1019 423 1084 aliqrrid
434 1033 496 1084 cese,
513 1034 605 1072 neceme
616 1026 651 1072 ect
667 1021 770 1086 adripere
784 1037 825 1086 pro
836 1036 886 1074 me-

77 1087 110 1140 dio
125 1091 180 1156 quid
202 1090 319 1154 significet
337 1105 436 1155 nomen,
452 1105 499 1143 non
511 1093 885 1160 aummffluodcuimmria

77 1163 162 1224 quaetio
181 1162 303 1236 ‘1¹¹5an
315 1163 683 1235 gepprtppopooimemanml
699 1166 795 1216 Nomina
807 1171 884 1216 autem

77 1230 277 1301 ΒιιιιιιρἾιῖιιῇῐιιι
290 1229 319 1286 al
331 1236 467 1299 effectibus,
480 1240 506 1287 ut
516 1241 596 1300 postea
609 1237 750 1288 ostendatur.
764 1237 828 1288 ltnde
844 1239 885 1287 de-

76 1309 219 1358 monsuando
232 1309 306 1358 Deum
320 1321 387 1371 esse,
399 1321 441 1371 per
456 1307 576 1370 ellectum,
592 1307 695 1372 accipere
708 1321 827 1371 possumus
839 1322 881 1372 pro

76 1377 145 1428 medio
157 1379 217 1444 quid
228 1378 343 1441 significet
354 1381 401 1429 lroc
411 1392 495 1429 nomen
508 1381 577 1429 Deus.

103 1449 136 1500 ld
147 1451 246 1500 lenium
259 1449 395 1515 meandum,
408 1451 469 1516 quod
481 1450 630 1515 perelectus
644 1463 691 1500 non
704 1451 885 1514 proportionales

75 1533 157 1586 causa,
176 1536 227 1573 non
241 1525 318 1586 potent
332 1523 436 1587 perlecta
452 1523 551 1586 cognitio
562 1524 591 1573 de
606 1536 673 1573 causa
684 1521 781 1585 hahcd3
799 1523 838 1572 sed
847 1527 884 1574 ta·

76 1604 124 1642 men
134 1606 164 1644 ex
177 1607 318 1658 quocunque
332 1593 417 1644 ellectu
429 1595 551 1644 manifesto
569 1593 637 1644 uobis
647 1597 723 1658 potest
736 1593 884 1644 demonstrari

74 1676 162 1716 cumam
177 1679 246 1728 esse,
262 1668 289 1715 ut
305 1663 392 1716 dictum
403 1668 439 1716 eal
456 1681 462 1714 :
480 1669 505 1716 et
519 1665 565 1729 sic,
580 1665 741 1716 exelectione
756 1664 797 1714 Dei
809 1669 885 1729 potest

75 1733 225 1788 demonstrari
240 1737 313 1788 Deum
328 1751 392 1801 esce,
408 1736 462 1787 lictt
478 1751 520 1802 per
536 1751 576 1789 ecs
592 1751 639 1789 non
653 1735 755 1802 perfecte
773 1738 885 1801 possimus

75 1817 123 1856 cum
132 1821 275 1873 cognoscere
286 1807 413 1860 secumdum
427 1821 491 1858 suam
500 1808 634 1859 essentiam.

348 1949 543 1999 opulentus
568 1949 617 1999 lll.

379 2049 466 2094 Utrtcm
478 2051 588 2095 Deuccit.

103 2159 136 2208 td
151 2157 249 2210 tertium
267 2156 301 2210 sic
317 2155 449 2220 proceditur
464 2155 507 2221 (l).
525 2157 620 2208 Videtur
633 2154 693 2219 quod
710 2157 770 2205 Deus
786 2158 883 2207 nonsit.

74 2228 128 2287 Quia
138 2231 159 2280 si
172 2243 248 2280 unum
257 2228 423 2280 contrariorum
432 2228 502 2278 luerit
510 2228 640 2290 infinitum,
649 2227 750 2278 totaliter
759 2229 886 2279 destruetur

74 2300 144 2354 uliud.v
152 2303 200 2354 Sed
213 2303 260 2352 hoc
271 2299 409 2362 intelligitur
421 2299 447 2348 in
459 2301 504 2352 hoc
516 2299 622 2362 nomine,
636 2301 709 2362 Deus,
723 2299 808 2350 scilicet
821 2301 884 2366 quod

74 2368 101 2420 cit
116 2373 237 2437 quoddam
255 2372 343 2422 tionum
360 2369 477 2420 inlinitum
494 2387 499 2419 ε
519 2371 539 2421 si
556 2384 610 2432 ergo
629 2372 690 2420 Deus
708 2373 781 2432 esset,
797 2371 886 2420 nullum

74 2445 156 2494 udum
169 2444 330 2506 inueniretur3
348 2440 466 2493 inuenitm
481 2445 558 2492 autem
576 2441 660 2491 malum
672 2441 697 2491 in
714 2440 812 2505 mundo;
831 2455 886 2504 ergo

75 2513 132 2566 Deus
142 2530 193 2566 uon
206 2519 252 2566 cst.

103 2591 127 2636 a.
146 2590 278 2650 marea,
298 2586 358 2650 qnod
371 2585 448 2648 potest
463 2583 571 2647 compleri
584 2596 625 2648 por
638 2583 745 2647 pauciora
758 2582 885 2648 principia,

77 2671 119 2707 uon
135 2660 161 2709 dt
179 2657 216 2725 (a)
231 2658 361 2722 perplura.
374 2655 419 2706 Sed
436 2655 526 2705 videtur
541 2654 602 2719 qudd
616 2655 692 2707 omnia
707 2669 757 2719 quac
775 2658 887 2718 apparent

109 2772 138 2836 (l)
158 2779 196 2822 De
213 2776 251 2820 his
270 2775 341 2821 etiam
362 2773 385 2819 1.
401 2771 478 2822 Sciat„
496 2773 550 2818 dist.
572 2773 601 2832 8,
617 2776 699 2830 quaeat
721 2771 747 2829 l,
762 2778 806 2817 art.
820 2771 846 2826 l;
862 2777 887 2816 ct

81 2838 170 2884 contra
182 2839 265 2896 Geni„
276 2837 361 2895 ΕΜ,
381 2847 433 2891 cap.
449 2834 491 2889 13;
507 2840 531 2880 et
551 2836 640 2894 Opone.
654 2835 685 2893 3,
704 2847 757 2890 cap.
776 2835 806 2892 3,
821 2840 845 2878 ct
861 2833 886 2877 in

80 2913 118 2956 qu.
136 2902 199 2958 dlsp.
221 2901 251 2946 de
269 2901 350 2960 verta,
369 2911 410 2956 qu.
428 2896 450 2943 1.
469 2903 513 2944 art.
528 2897 557 2956 l,
575 2899 604 2944 ad
622 2899 653 2952 ⁷3
672 2901 697 2942 et
710 2901 792 2952 quaest
810 2894 838 2954 t,
857 2894 886 2938 de

81 2969 168 3020 potent
185 2969 229 3010 art.
245 2962 270 3008 7.

111 3024 140 3088 (2)
156 3030 228 3074 Juxta
240 3025 299 3072 tltnd
312 3037 341 3071 ex
353 3023 506 3085 Philocomum
520 3023 563 3071 ltu.
577 3020 602 3084 d,
620 3021 650 3068 dc
660 3018 774 3080 portitat
792 3015 888 3062 moima-
