1992 3342
128 209 175 258 tad
322 218 384 255 nans
396 220 416 267 r,
429 217 523 263 onaan.
539 217 614 267 xxm,
630 217 685 254 aar.
700 215 744 255 vn.

160 295 206 346 Sed
218 296 298 344 contra
311 297 365 356 cst,
377 294 438 356 quod
450 293 590 356 Augustinus
603 293 661 342 dicit
679 293 705 342 in
721 293 763 344 lib.
782 294 816 342 nr
833 306 924 358 correp·

129 369 197 416 tione
204 369 229 414 et
239 365 339 427 prolia,
350 376 401 426 cap.
414 363 468 413 XIII
479 378 485 412 :
497 381 512 410 o
523 365 604 414 Certus
615 367 651 414 est
662 365 874 428 praoeotoatorum
891 381 925 415 oo·

129 451 207 488 merus
217 436 257 499 qui
267 448 341 497 neque
352 435 433 496 augeri
446 438 537 498 potest,
551 448 626 499 neque
641 437 723 486 minui.
738 452 752 482 »

162 508 324 573 (Coronosro.
342 532 372 542 -
390 507 503 556 Numerus
517 507 729 570 pradestinatorum
742 507 783 558 soli
798 509 846 558 lieo
860 511 927 558 certor

128 583 180 642 ert,
195 592 242 627 non
257 577 332 628 solim
346 577 488 641 formaliter,
504 579 546 628 sed
565 578 732 642 materialiter3
753 593 800 629 non
818 581 896 630 collam
908 582 927 628 ot

127 648 250 712 cognitus,
269 649 310 698 sed
326 652 353 698 nt
372 649 461 699 electus
488 653 512 700 et
534 650 715 713 praediffinitua:
733 663 781 701 non
802 650 835 700 sin
858 656 926 702 auten

127 723 204 772 cemus
216 724 252 770 est
266 733 375 770 numerus
388 721 544 784 reproborum.
557 721 566 784 l

160 791 298 854 Respondeo
311 791 451 854 dicendum,
470 791 532 854 quod
551 805 657 842 numerus
673 793 889 856 pradestinatorum
902 795 928 842 eat

129 866 214 912 certus.
228 862 272 912 sed
283 862 375 925 quidam
386 862 493 912 mierum
503 877 555 913 eum
569 877 621 913 esse
632 868 720 913 certum
736 863 881 928 formaliter,
896 862 928 914 sod

129 947 176 984 non
189 931 350 996 materialiter3
366 937 393 982 ut
403 932 469 996 putd,
480 933 500 982 si
511 933 639 984 ddccremns
649 937 738 985 certum
749 947 799 984 csse
810 935 872 997 quod
883 949 930 985 ceo·

128 1007 179 1055 tum
195 1005 232 1054 vol
248 1004 310 1054 mille
325 1006 456 1066 salventur,
470 1017 518 1054 non
529 1005 605 1056 autem
617 1003 677 1068 qudd
689 1005 715 1054 hi
726 1006 764 1055 vel
772 1005 815 1055 illi.
830 1005 879 1056 Sed
892 1010 929 1056 hoc

129 1076 190 1126 tollit
208 1075 370 1125 certitudinem
384 1075 609 1138 praedestinationum,
625 1075 652 1124 de
666 1089 711 1138 qua
722 1075 773 1138 jam
786 1075 894 1127 diatmua.
906 1079 930 1126 Et

129 1146 183 1197 idco
202 1149 292 1210 oportet
306 1146 381 1196 dicere
396 1145 455 1209 qnod
470 1159 578 1196 numerus
591 1145 802 1210 praedestinatorum
816 1147 846 1198 sit
860 1153 931 1198 cartus

130 1219 194 1282 lieo,
216 1231 263 1268 non
278 1219 353 1268 solnm
366 1217 502 1280 formaliter,
520 1219 558 1268 sed
577 1216 646 1266 etiam
664 1215 821 1268 materialiter.
836 1219 883 1269 Sed
896 1220 930 1268 ad·

130 1289 268 1340 vertendum
288 1292 323 1338 eat
351 1288 411 1350 quod
432 1300 540 1337 numerus
560 1287 771 1350 pradestioatorum
792 1291 869 1339 certus
888 1292 930 1338 lleo

131 1359 228 1422 dcitur,
242 1373 289 1409 non
302 1359 375 1409 sollum
389 1358 477 1408 rollone
491 1358 642 1421 cognitIonIs,
656 1357 709 1421 quia
720 1357 809 1408 scilicet
822 1359 866 1410 scit
880 1364 930 1424 quot

130 1436 184 1481 sunt
197 1430 299 1483 salvandi
313 1429 364 1495 (sic
376 1429 438 1479 enlm
452 1432 498 1480 lleo
515 1434 591 1480 certus
605 1433 639 1479 est
652 1429 722 1478 ctiam
736 1441 847 1480 numerus
861 1435 928 1492 gona-

131 1516 183 1551 rum
196 1502 281 1565 plnuiae
294 1505 318 1551 et
329 1513 405 1551 arena
418 1501 519 1565 maris),
533 1501 573 1552 sed
584 1501 671 1551 ratione
684 1500 803 1551 electionit
814 1503 837 1550 ct
851 1501 932 1552 diffini·

130 1572 202 1624 tionis
214 1572 341 1636 cujusdam.

165 1645 197 1693 lo
209 1644 277 1707 cujus
288 1643 426 1694 evidentiam
437 1648 472 1694 est
481 1644 598 1694 sciendum
610 1643 671 1706 qudd
680 1656 749 1694 amne
757 1655 829 1704 agens
836 1642 933 1692 Intendit

130 1713 208 1764 lacere
222 1713 308 1776 aliquid
329 1714 437 1777 finitum,
452 1719 479 1764 ut
491 1729 521 1765 ox
534 1714 669 1778 supradictis
683 1714 713 1778 de
732 1713 823 1764 indutio
841 1718 932 1778 apparel

130 1785 187 1849 (qu.
210 1784 251 1848 7).
278 1785 412 1849 (luteumque
429 1790 508 1835 antem
527 1786 625 1834 intendil
643 1784 741 1848 aliquam
762 1785 932 1834 determinatam

130 1867 261 1907 mensuram
282 1855 308 1903 tn
327 1869 368 1905 cuo
386 1855 487 1918 ellectu,
507 1855 621 1917 excogitat
646 1855 746 1918 aliquem
770 1869 889 1905 nnmerum
909 1855 934 1904 in

129 1925 232 1990 partibus
245 1925 405 1976 essentialibus
416 1926 467 1989 ejus
473 1963 481 1990 ‚
495 1939 549 1990 qum
560 1939 602 1989 per
612 1939 636 1975 se
648 1925 796 1988 requiruntur
807 1927 836 1976 ad
847 1927 934 1990 perlac-

129 1999 219 2050 tionem
231 1997 315 2060 totius3
332 1997 454 2048 nonenim
466 2011 509 2060 per
528 2011 553 2047 se
572 1996 637 2059 eligit
657 1996 758 2059 aliquem
777 2009 897 2046 nurmerum
910 1997 933 2044 in

131 2069 169 2119 his
190 2079 240 2133 qna
264 2082 310 2119 non
335 2067 491 2132 principaliter
510 2067 671 2130 reqolrontur,
688 2067 729 2117 ned
747 2065 823 2116 solum
844 2073 936 2130 propter

131 2140 210 2202 aliod3
225 2141 266 2191 aed
284 2141 308 2189 io
330 2144 394 2191 tanto
413 2153 508 2189 numero
522 2139 605 2202 accipit
618 2138 768 2201 hujusmodi,
784 2139 809 2188 in
827 2143 933 2201 quantum

131 2215 185 2260 sunt
193 2211 321 2261 necessaria
332 2214 424 2275 propter
437 2209 507 2259 aliod.
522 2210 586 2259 sicul
599 2209 721 2260 aedidoator
731 2209 849 2270 excogitat
863 2210 934 2258 deter-

131 2281 242 2331 minatam
254 2296 384 2332 mcnsnram
396 2281 495 2344 domnia,
510 2286 534 2331 ct
547 2280 616 2330 etlam
629 2279 805 2330 determInatum
816 2293 935 2330 numerum

125 2351 277 2402 'mansionum
289 2364 346 2416 quas
361 2353 411 2403 uult
425 2352 500 2402 lacere
517 2351 542 2401 tn
556 2352 640 2413 domo,
655 2354 679 2400 et
697 2351 877 2401 determinatum
895 2365 936 2399 nu-

131 2435 221 2471 merum
230 2435 388 2472 mensurarum
395 2421 491 2486 parietis
501 2423 539 2472 rel
548 2421 620 2484 teoti3
636 2435 682 2471 non
695 2425 773 2470 autem
784 2421 848 2485 eligit
863 2422 938 2470 detm-

133 2491 245 2541 minatum
255 2506 375 2543 nnmcmm
389 2493 503 2556 lapidum,
517 2493 557 2542 sed
571 2492 654 2556 accipit
664 2495 698 2541 tot
711 2496 767 2554 quot
776 2492 895 2542 alliciunt
908 2490 937 2538 ad

131 2557 269 2626 explendam
287 2568 376 2613 tantam
388 2577 518 2614 mensuram
535 2563 636 2628 parletis.
650 2562 773 2625 sicigitur
788 2563 938 2613 consideran·

133 2634 187 2682 dum
201 2637 237 2682 est
258 2632 283 2682 in
302 2637 364 2698 Deo,
377 2638 483 2698 respectu
495 2634 565 2684 totius
579 2633 733 2684 uniuersitatis
741 2671 749 2696 ,
767 2647 819 2696 quae
837 2639 874 2683 est
888 2647 940 2695 apos

132 2702 236 2752 effectum
260 2705 424 2754 Pracordinauit
443 2703 505 2754 enim
529 2705 553 2754 in
574 2718 619 2768 qna
639 2718 745 2754 mensura
771 2705 868 2754 deberet
889 2717 939 2752 essa

131 2775 206 2822 totum
219 2774 352 2824 universum
361 2811 369 2838 ,
384 2779 408 2825 et
420 2775 472 2838 quin
490 2789 598 2826 numerus
616 2779 677 2826 esset
695 2775 838 2826 convenIcns
861 2787 941 2824 essen·

132 2845 224 2895 tialibus
244 2844 346 2909 partibus
365 2845 482 2908 universi,
499 2861 549 2910 qoae
563 2847 650 2898 scilicet
671 2849 755 2897 habent
771 2847 850 2909 aliquo
873 2846 941 2894 ariolo

132 2913 234 2963 ordinem
244 2916 273 2965 ad
287 2917 479 2978 perpetuitatem
492 2921 547 2978 quot
561 2919 649 2968 scillcet
661 2920 768 2983 sphaera,
778 2921 835 2980 quot
850 2917 940 2966 stella..
