1992 3342
135 193 182 244 att
339 205 401 246 rurs
416 206 440 257 r,
455 205 549 254 oum.
564 206 616 258 un,
631 205 688 246 aar.
704 207 733 244 n.

133 285 277 347 pertransut
287 282 316 334 ds
328 282 406 346 aliquo
413 285 516 334 extremo
524 282 549 334 iu
558 283 635 347 aliud,
644 296 692 336 nou
701 282 840 349 puurnmo
850 283 932 335 modio.

134 355 199 416 Quod
207 355 241 406 n'e
251 359 331 420 patet:
344 355 405 406 iuter
413 355 592 420 qualibetenim
601 355 648 408 dno
658 362 761 407 eruenta
774 357 825 408 loun
834 362 889 408 sunt
901 356 934 406 im

134 427 198 478 linita
211 427 260 480 loon
274 427 361 492 media,
377 427 426 478 sive
440 427 584 493 accipiantur
598 428 648 478 loun
662 428 806 494 divisibilia,
819 429 869 480 sive
880 430 934 481 indi

134 498 242 550 risibilia.
255 501 283 550 lit
293 500 322 552 ds
332 499 485 552 invisibilibus
494 500 587 564 quidem
596 499 743 551 manifestum
753 505 802 565 est,
814 503 871 566 guia
881 503 933 552 inter

134 571 242 636 quotibet
262 572 306 625 duo
323 577 407 638 puncta
421 577 474 624 sunt
491 572 582 624 inunita
598 577 683 639 puncta
700 574 792 637 media,
810 573 866 626 edm
879 575 934 625 nula

135 643 179 694 duo
193 648 275 711 pnnota
295 649 462 708 consequantur
476 657 502 696 se
523 644 624 696 invicem
641 644 692 696 sino
705 645 801 709 medio,
816 652 844 697 nt
860 647 886 698 in
900 648 936 696 ll.

137 715 234 780 desr'u.
246 715 559 782 (liprobatnr(tert.1).1te
570 715 627 768 loeis
639 721 717 767 autem
727 715 886 769 divisibilibns
899 731 937 768 ne·

134 799 199 838 cesse
213 791 249 838 est
262 789 332 840 etiam
341 787 386 840 hoo
397 787 472 840 dicere
478 823 487 852 ,
502 790 526 838 et
537 789 581 838 hoe
589 789 756 840 demonstrabit
766 801 799 838 ex
812 794 880 840 motrr
888 803 938 840 oon-

135 857 199 911 tinuo
212 858 309 924 alicujus
321 859 428 924 corporis.
442 861 529 924 (lurpus
546 858 608 910 enim
621 872 668 910 non
683 861 834 914 moreturde
847 861 900 912 looo
911 861 937 912 rd

105 977 109 986 .
135 931 210 982 locum
231 931 274 983 uisi
294 931 444 996 intempore.
461 927 488 984 ln
504 936 552 984 toto
570 935 648 983 auteur
667 936 773 998 tempore
791 939 938 986 mensurante

135 1005 221 1052 motum
239 1003 341 1070 eorporis
354 1017 400 1054 non
415 1006 451 1056 est
462 1003 566 1068 abripere
580 1005 626 1056 duo
636 1019 717 1065 oum,
726 1003 752 1054 in
762 1005 851 1070 quibus
862 1020 939 1071 uorpm

135 1075 195 1140 quod
206 1081 311 1128 movetur
324 1090 370 1129 uon
384 1077 414 1128 sit
425 1077 503 1129 inalio
514 1077 760 1143 etaliolooo3qniasi
771 1078 860 1130 muno
871 1084 939 1132 etoo

135 1146 187 1198 dem
202 1147 253 1199 looo
267 1152 328 1200 esset
340 1149 364 1200 in
375 1150 464 1202 duobus
479 1149 774 1215 nnm,seguereturgudd
788 1150 824 1202 ibi
838 1152 940 1216 plesse

135 1223 186 1284 ret,
200 1218 253 1270 oum
267 1221 324 1274 nibil
340 1221 402 1273 alind
414 1221 445 1274 sit
464 1221 597 1288 quiescere,
612 1221 682 1287 quim
693 1222 718 1272 in
730 1223 781 1280 looo
794 1224 883 1276 oodem
896 1237 941 1274 eme

135 1296 232 1344 nuncet
243 1292 315 1358 priis.
325 1292 383 1344 Cim
394 1293 464 1357 igitur
476 1293 538 1346 inter
545 1293 644 1359 primum
651 1308 716 1344 num
728 1301 753 1346 et
761 1294 874 1346 ultimum
885 1302 941 1346 tem·

135 1365 200 1428 poris
212 1366 363 1417 mensurantis
372 1369 458 1418 motum
469 1365 516 1418 sint
524 1365 615 1418 inlinita
626 1381 700 1426 nuru,
711 1370 803 1430 opertu
811 1367 877 1431 qubd
884 1368 941 1418 inter

136 1436 235 1499 primunr
259 1435 362 1488 loonmi
380 1450 425 1502 opio
443 1436 525 1505 incipit
542 1440 629 1490 moueri
647 1442 672 1490 st
688 1437 793 1488 ultimum
812 1439 894 1490 lomim
916 1438 941 1488 ad

135 1521 204 1571 quem
221 1509 356 1560 terminatur
371 1513 459 1574 motum,
473 1509 521 1562 siut
538 1509 629 1561 infinita
640 1510 699 1561 losa.
716 1511 745 1562 Et
762 1511 808 1562 boc
822 1509 859 1562 sio
873 1511 941 1563 etiam

135 1581 275 1636 sensibiliter
292 1585 394 1647 apparet.
409 1581 446 1632 Sit
460 1583 525 1634 enim
540 1595 613 1634 unum
629 1595 712 1647 eorpus
730 1581 800 1640 unitus
817 1584 942 1648 palmi,et

135 1653 167 1704 sit
177 1653 216 1704 riu
230 1667 354 1719 perquam
366 1654 448 1706 transit
464 1653 561 1706 duorum
579 1655 722 1719 palmorum
737 1655 892 1707 manuesum
910 1659 941 1706 est

137 1725 198 1790 qudd
206 1725 270 1778 loeus
278 1727 365 1792 primns
373 1725 439 1794 inquo
449 1727 532 1791 ineipit
545 1731 664 1781 motusest
673 1726 741 1777 nnius
751 1726 870 1790 palmi‚'et
880 1729 939 1779 torm

137 1797 165 1848 ad
178 1811 246 1862 quem
260 1796 392 1850 terminatur
404 1803 479 1850 motrrs
492 1802 529 1850 est
540 1799 634 1850 alterius
650 1799 728 1863 palmi.
744 1798 898 1850 ltamlostunr
909 1803 941 1850 est

137 1875 216 1920 auteur
228 1869 288 1936 qudd
301 1871 393 1936 mando
404 1870 486 1936 incipit
498 1870 600 1935 moseri,
613 1870 723 1936 paulatim
737 1869 823 1920 deserit
840 1870 939 1934 primum

137 1941 247 2004 palmum,
258 1947 283 1994 et
292 1941 403 1995 subintrat
412 1941 545 1994 sarmium.
556 1940 685 1993 secundm
693 1954 749 2004 ergo
758 1940 821 2004 gmd
833 1941 940 1992 dividitur
985 1960 986 2003 r

138 2013 269 2076 magnitudo
289 2013 373 2080 palmi,
387 2011 514 2066 seeundum
528 2017 574 2066 hoe
591 2013 770 2078 multiplicantur
783 2012 836 2064 loss
847 2014 937 2075 modim

137 2085 192 2149 quia
201 2086 318 2152 quodlibet
328 2090 438 2152 prunetum
445 2086 560 2151 signatum
569 2088 595 2138 iu
603 2083 759 2149 magnitudine
771 2084 868 2136 alterius
876 2083 940 2150 primi

138 2156 208 2221 palmi
221 2160 257 2210 est
262 2158 406 2235 principium
420 2158 556 2225 onimium,
567 2161 716 2224 etpnnetum
728 2156 848 2220 signatum
858 2156 886 2208 in
896 2170 940 2208 ms·

139 2229 258 2292 gnitudiue
274 2229 367 2282 alterius
385 2230 456 2296 palmi
471 2234 508 2281 est
527 2229 638 2283 numinum
658 2228 770 2293 ejusdem.
786 2227 868 2292 Unde,
888 2228 939 2279 cim

139 2301 271 2365 magnitudo
285 2302 315 2353 sit
328 2300 449 2354 divisibilis
460 2300 485 2352 in
497 2300 627 2365 inlinitum,
635 2303 751 2365 etpunota
762 2298 810 2349 siut
824 2300 899 2350 etiam
907 2300 940 2349 in-

140 2372 203 2422 linita
212 2372 237 2422 in
245 2373 348 2439 potontiu
361 2373 384 2424 in
398 2373 498 2438 qualibet
508 2371 679 2436 magnitudine,
689 2371 794 2435 sequitur
807 2371 871 2435 quod
880 2372 939 2422 iuter

140 2445 247 2508 quaelibet
256 2447 300 2498 duo
311 2447 359 2498 loon
371 2446 417 2498 sint
427 2445 516 2496 infinita
526 2445 576 2494 loca
586 2444 670 2497 modin.
683 2444 765 2495 llobile
773 2449 856 2495 autem
867 2443 941 2494 indui·

139 2519 210 2568 tatem
219 2517 345 2568 mediorum
355 2518 455 2568 looorom
467 2531 514 2568 non
523 2516 650 2581 oomunrit,
658 2515 704 2567 nisi
714 2529 756 2580 per
765 2515 940 2568 eontinuitatem

140 2587 230 2652 motois3
244 2589 298 2654 guia
311 2589 369 2642 sicud
380 2590 429 2640 loea
440 2589 515 2640 medis
531 2591 586 2641 sunt
599 2588 690 2640 indulta
701 2588 727 2639 in
739 2587 861 2653 pontu,
870 2589 904 2640 ita
919 2593 940 2637 et

140 2659 165 2710 in
178 2665 240 2711 motu
253 2661 360 2712 contiuuo
371 2665 406 2734 est
416 2661 522 2726 recipere
534 2660 624 2713 infinita
636 2659 740 2725 pedam
754 2658 781 2710 in
791 2661 909 2724 potentia.
918 2659 941 2709 Si

141 2743 195 2794 ergo
205 2735 281 2782 motus
297 2745 343 2782 nou
359 2733 389 2784 sit
400 2732 535 2797 continuus,
545 2746 626 2784 omnes
640 2736 717 2798 partes
729 2731 805 2783 mobis
815 2737 888 2784 erunt
903 2747 940 2783 nn·

175 2874 206 2938 (l)
223 2877 354 2924 insinuatur
365 2879 454 2927 tantuna
464 2881 498 2926 ibi
506 2886 564 2926 text
576 2879 607 2926 'll
614 2913 622 2940 ,
630 2881 681 2927 sira
688 2890 742 2938 sap.
753 2878 781 2937 9,
791 2879 836 2925 sed
848 2893 940 2941 expres·

142 2940 191 2985 sius
203 2951 232 2985 eu
247 2941 279 2987 V.
293 2939 409 2997 Piger..
421 2949 479 2991 text.
494 2943 540 3006 ἥ,
555 2944 593 2991 rel
603 2956 656 3000 esp.
668 2943 699 3006 ³,
709 2943 757 3002 peti
767 2948 857 3002 potest.

984 2052 985 2121 i

981 2260 984 2359 r
