<?xml version="1.0" encoding="UTF-8"?>
<!DOCTYPE html PUBLIC "-//W3C//DTD XHTML 1.0 Transitional//EN"
    "http://www.w3.org/TR/xhtml1/DTD/xhtml1-transitional.dtd">
<html xmlns="http://www.w3.org/1999/xhtml" xml:lang="en" lang="en">
 <head>
  <title>
</title>
<meta http-equiv="Content-Type" content="text/html;charset=utf-8" />
  <meta name='ocr-system' content='tesseract 3.04.00' />
  <meta name='ocr-capabilities' content='ocr_page ocr_carea ocr_par ocr_line ocrx_word'/>
</head>
<body>
  <div class='ocr_page' id='page_1' title='image "./summatheologica04nicogoog_0803.png"; bbox 0 0 1992 3342; ppageno 0'>
   <div class='ocr_carea' id='block_1_1' title="bbox 133 233 740 294">
    <p class='ocr_par' dir='ltr' id='par_1_1' title="bbox 133 233 740 294">
     <span class='ocr_line' id='line_1_1' title="bbox 133 233 740 294; baseline -0.008 -10"><span class='ocrx_word' id='word_1_1' title='bbox 133 233 182 284; x_wconf 83' lang='lat' dir='ltr'><strong>eto</strong></span> <span class='ocrx_word' id='word_1_2' title='bbox 352 243 413 284; x_wconf 79' lang='lat' dir='ltr'><strong>rane</strong></span> <span class='ocrx_word' id='word_1_3' title='bbox 428 245 449 294; x_wconf 92' lang='lat' dir='ltr'><strong>r,</strong></span> <span class='ocrx_word' id='word_1_4' title='bbox 467 243 559 289; x_wconf 69' lang='lat' dir='ltr'><strong>ouem.</strong></span> <span class='ocrx_word' id='word_1_5' title='bbox 576 243 632 292; x_wconf 82' lang='lat' dir='ltr'><strong>nux,</strong></span> <span class='ocrx_word' id='word_1_6' title='bbox 647 243 704 280; x_wconf 79' lang='lat' dir='ltr'><strong>rur.</strong></span> <span class='ocrx_word' id='word_1_7' title='bbox 721 244 740 279; x_wconf 90' lang='lat' dir='ltr'><strong>r.</strong></span> 
     </span>
    </p>
   </div>
   <div class='ocr_carea' id='block_1_2' title="bbox 132 317 990 2395">
    <p class='ocr_par' dir='ltr' id='par_1_2' title="bbox 132 317 990 1032">
     <span class='ocr_line' id='line_1_2' title="bbox 135 317 940 387; baseline -0.002 -15"><span class='ocrx_word' id='word_1_8' title='bbox 135 320 196 387; x_wconf 80' lang='lat' dir='ltr'><strong>qnod</strong></span> <span class='ocrx_word' id='word_1_9' title='bbox 207 321 291 372; x_wconf 84' lang='lat' dir='ltr'><strong>bonum</strong></span> <span class='ocrx_word' id='word_1_10' title='bbox 300 318 451 384; x_wconf 75' lang='lat' dir='ltr'>particulare,</span> <span class='ocrx_word' id='word_1_11' title='bbox 460 319 609 370; x_wconf 81' lang='lat' dir='ltr'><strong>sieutsmsus</strong></span> <span class='ocrx_word' id='word_1_12' title='bbox 616 317 735 383; x_wconf 71' lang='lat' dir='ltr'><strong>cognoscit</strong></span> <span class='ocrx_word' id='word_1_13' title='bbox 744 319 814 370; x_wconf 90' lang='lat' dir='ltr'><strong>dulce</strong></span> <span class='ocrx_word' id='word_1_14' title='bbox 824 325 849 371; x_wconf 86' lang='lat' dir='ltr'><strong>et</strong></span> <span class='ocrx_word' id='word_1_15' title='bbox 857 321 940 380; x_wconf 80' lang='lat' dir='ltr'><strong>allium</strong></span> 
     </span>
     <span class='ocr_line' id='line_1_3' title="bbox 133 390 941 456; baseline -0.001 -12"><span class='ocrx_word' id='word_1_16' title='bbox 133 395 156 444; x_wconf 90' lang='lat' dir='ltr'><strong>et</strong></span> <span class='ocrx_word' id='word_1_17' title='bbox 170 392 254 456; x_wconf 87' lang='lat' dir='ltr'><strong>aliquid</strong></span> <span class='ocrx_word' id='word_1_18' title='bbox 270 390 413 456; x_wconf 78' lang='lat' dir='ltr'><strong>hujusmodi3</strong></span> <span class='ocrx_word' id='word_1_19' title='bbox 427 391 548 442; x_wconf 84' lang='lat' dir='ltr'><strong>inclinatio</strong></span> <span class='ocrx_word' id='word_1_20' title='bbox 564 394 643 442; x_wconf 82' lang='lat' dir='ltr'><strong>autem</strong></span> <span class='ocrx_word' id='word_1_21' title='bbox 659 392 720 440; x_wconf 83' lang='lat' dir='ltr'><strong>lianc</strong></span> <span class='ocrx_word' id='word_1_22' title='bbox 734 392 899 454; x_wconf 76' lang='lat' dir='ltr'><strong>cognitionem</strong></span> <span class='ocrx_word' id='word_1_23' title='bbox 911 408 941 443; x_wconf 90' lang='lat' dir='ltr'><strong>se·</strong></span> 
     </span>
     <span class='ocr_line' id='line_1_4' title="bbox 132 462 942 532; baseline -0.001 -17"><span class='ocrx_word' id='word_1_24' title='bbox 132 479 206 532; x_wconf 86' lang='lat' dir='ltr'><strong>quens</strong></span> <span class='ocrx_word' id='word_1_25' title='bbox 219 465 302 517; x_wconf 90' lang='lat' dir='ltr'><strong>dicitur</strong></span> <span class='ocrx_word' id='word_1_26' title='bbox 315 465 444 530; x_wconf 81' lang='lat' dir='ltr'><strong>appetitus</strong></span> <span class='ocrx_word' id='word_1_27' title='bbox 453 464 597 512; x_wconf 72' lang='lat' dir='ltr'><strong>seruitium.</strong></span> <span class='ocrx_word' id='word_1_28' title='bbox 610 463 719 522; x_wconf 75' lang='lat' dir='ltr'><strong>Quaedam</strong></span> <span class='ocrx_word' id='word_1_29' title='bbox 729 463 789 514; x_wconf 77' lang='lat' dir='ltr'><strong>uerit</strong></span> <span class='ocrx_word' id='word_1_30' title='bbox 804 462 942 515; x_wconf 81' lang='lat' dir='ltr'><strong>inclinantur</strong></span> 
     </span>
     <span class='ocr_line' id='line_1_5' title="bbox 133 535 939 600; baseline -0.001 -12"><span class='ocrx_word' id='word_1_31' title='bbox 133 538 160 588; x_wconf 90' lang='lat' dir='ltr'><strong>ad</strong></span> <span class='ocrx_word' id='word_1_32' title='bbox 174 537 258 588; x_wconf 86' lang='lat' dir='ltr'><strong>bonum</strong></span> <span class='ocrx_word' id='word_1_33' title='bbox 277 549 329 586; x_wconf 90' lang='lat' dir='ltr'><strong>cum</strong></span> <span class='ocrx_word' id='word_1_34' title='bbox 342 535 473 598; x_wconf 75' lang='lat' dir='ltr'><strong>cognitione</strong></span> <span class='ocrx_word' id='word_1_35' title='bbox 489 548 534 600; x_wconf 84' lang='lat' dir='ltr'><strong>qua</strong></span> <span class='ocrx_word' id='word_1_36' title='bbox 551 538 692 598; x_wconf 75' lang='lat' dir='ltr'><strong>cognoscunt</strong></span> <span class='ocrx_word' id='word_1_37' title='bbox 708 535 785 600; x_wconf 82' lang='lat' dir='ltr'><strong>ipsam</strong></span> <span class='ocrx_word' id='word_1_38' title='bbox 801 536 860 586; x_wconf 83' lang='lat' dir='ltr'><strong>honi</strong></span> <span class='ocrx_word' id='word_1_39' title='bbox 878 539 939 587; x_wconf 83' lang='lat' dir='ltr'><strong>ratio</strong></span> 
     </span>
     <span class='ocr_line' id='line_1_6' title="bbox 133 607 940 674; baseline 0.001 -14"><span class='ocrx_word' id='word_1_40' title='bbox 133 623 199 670; x_wconf 88' lang='lat' dir='ltr'><strong>nem,</strong></span> <span class='ocrx_word' id='word_1_41' title='bbox 214 609 274 672; x_wconf 87' lang='lat' dir='ltr'><strong>quod</strong></span> <span class='ocrx_word' id='word_1_42' title='bbox 287 611 323 658; x_wconf 86' lang='lat' dir='ltr'><strong>est</strong></span> <span class='ocrx_word' id='word_1_43' title='bbox 335 607 452 674; x_wconf 86' lang='lat' dir='ltr'><strong>proprium</strong></span> <span class='ocrx_word' id='word_1_44' title='bbox 466 607 608 670; x_wconf 59' lang='lat' dir='ltr'><strong>mulcedo</strong></span> <span class='ocrx_word' id='word_1_45' title='bbox 623 612 648 658; x_wconf 86' lang='lat' dir='ltr'><strong>et</strong></span> <span class='ocrx_word' id='word_1_46' title='bbox 658 608 709 657; x_wconf 86' lang='lat' dir='ltr'><strong>inec</strong></span> <span class='ocrx_word' id='word_1_47' title='bbox 724 607 899 672; x_wconf 74' lang='lat' dir='ltr'><strong>perfectissimi</strong></span> <span class='ocrx_word' id='word_1_48' title='bbox 909 610 940 660; x_wconf 92' lang='lat' dir='ltr'><strong>iu·</strong></span> 
     </span>
     <span class='ocr_line' id='line_1_7' title="bbox 132 679 943 744; baseline -0.001 -13"><span class='ocrx_word' id='word_1_49' title='bbox 132 681 244 732; x_wconf 87' lang='lat' dir='ltr'><strong>elinantur</strong></span> <span class='ocrx_word' id='word_1_50' title='bbox 256 679 281 730; x_wconf 91' lang='lat' dir='ltr'><strong>in</strong></span> <span class='ocrx_word' id='word_1_51' title='bbox 288 679 389 744; x_wconf 71' lang='lat' dir='ltr'><strong>murm,</strong></span> <span class='ocrx_word' id='word_1_52' title='bbox 399 693 444 730; x_wconf 91' lang='lat' dir='ltr'><strong>rron</strong></span> <span class='ocrx_word' id='word_1_53' title='bbox 455 679 478 728; x_wconf 94' lang='lat' dir='ltr'><strong>iu</strong></span> <span class='ocrx_word' id='word_1_54' title='bbox 487 679 573 730; x_wconf 86' lang='lat' dir='ltr'><strong>honum</strong></span> <span class='ocrx_word' id='word_1_55' title='bbox 580 679 717 744; x_wconf 78' lang='lat' dir='ltr'><strong>particulare</strong></span> <span class='ocrx_word' id='word_1_56' title='bbox 726 679 830 742; x_wconf 76' lang='lat' dir='ltr'><strong>mntdn,</strong></span> <span class='ocrx_word' id='word_1_57' title='bbox 842 681 904 731; x_wconf 86' lang='lat' dir='ltr'><strong>sient</strong></span> <span class='ocrx_word' id='word_1_58' title='bbox 921 696 943 732; x_wconf 85' lang='lat' dir='ltr'><strong>cu</strong></span> 
     </span>
     <span class='ocr_line' id='line_1_8' title="bbox 133 751 943 816; baseline -0.001 -12"><span class='ocrx_word' id='word_1_59' title='bbox 133 752 159 804; x_wconf 91' lang='lat' dir='ltr'><strong>iu</strong></span> <span class='ocrx_word' id='word_1_60' title='bbox 174 752 257 816; x_wconf 82' lang='lat' dir='ltr'><strong>qulbus</strong></span> <span class='ocrx_word' id='word_1_61' title='bbox 271 755 308 802; x_wconf 87' lang='lat' dir='ltr'><strong>est</strong></span> <span class='ocrx_word' id='word_1_62' title='bbox 326 752 373 802; x_wconf 91' lang='lat' dir='ltr'><strong>sola</strong></span> <span class='ocrx_word' id='word_1_63' title='bbox 392 751 501 802; x_wconf 85' lang='lat' dir='ltr'><strong>sensiliue</strong></span> <span class='ocrx_word' id='word_1_64' title='bbox 516 751 629 815; x_wconf 75' lang='lat' dir='ltr'><strong>cognitio,</strong></span> <span class='ocrx_word' id='word_1_65' title='bbox 641 752 682 800; x_wconf 90' lang='lat' dir='ltr'><strong>sed</strong></span> <span class='ocrx_word' id='word_1_66' title='bbox 702 752 770 814; x_wconf 81' lang='lat' dir='ltr'><strong>quusi</strong></span> <span class='ocrx_word' id='word_1_67' title='bbox 792 751 909 804; x_wconf 87' lang='lat' dir='ltr'><strong>inclinata</strong></span> <span class='ocrx_word' id='word_1_68' title='bbox 923 755 943 803; x_wconf 90' lang='lat' dir='ltr'><strong>iu</strong></span> 
     </span>
     <span class='ocr_line' id='line_1_9' title="bbox 134 819 990 890; baseline 0.001 -15"><span class='ocrx_word' id='word_1_69' title='bbox 134 826 209 890; x_wconf 90' lang='lat' dir='ltr'><strong>ipsum</strong></span> <span class='ocrx_word' id='word_1_70' title='bbox 224 823 355 873; x_wconf 83' lang='lat' dir='ltr'><strong>universale</strong></span> <span class='ocrx_word' id='word_1_71' title='bbox 369 825 470 874; x_wconf 86' lang='lat' dir='ltr'><strong>bouum:</strong></span> <span class='ocrx_word' id='word_1_72' title='bbox 487 827 511 873; x_wconf 91' lang='lat' dir='ltr'><strong>et</strong></span> <span class='ocrx_word' id='word_1_73' title='bbox 522 825 571 873; x_wconf 73' lang='lat' dir='ltr'><strong>hec</strong></span> <span class='ocrx_word' id='word_1_74' title='bbox 584 821 702 872; x_wconf 83' lang='lat' dir='ltr'><strong>inclinatio</strong></span> <span class='ocrx_word' id='word_1_75' title='bbox 717 819 803 873; x_wconf 85' lang='lat' dir='ltr'><strong>dicitnr</strong></span> <span class='ocrx_word' id='word_1_76' title='bbox 818 825 942 876; x_wconf 82' lang='lat' dir='ltr'><strong>uoluntas.</strong></span> <span class='ocrx_word' id='word_1_77' title='bbox 989 826 990 865; x_wconf 73' lang='grc' dir='ltr'><strong>ἓ</strong></span> 
     </span>
     <span class='ocr_line' id='line_1_10' title="bbox 135 894 942 960; baseline 0.004 -14"><span class='ocrx_word' id='word_1_78' title='bbox 135 896 199 946; x_wconf 90' lang='lat' dir='ltr'><strong>Unde</strong></span> <span class='ocrx_word' id='word_1_79' title='bbox 214 894 266 944; x_wconf 84' lang='lat' dir='ltr'><strong>cium</strong></span> <span class='ocrx_word' id='word_1_80' title='bbox 279 895 355 958; x_wconf 81' lang='lat' dir='ltr'><strong>angeli</strong></span> <span class='ocrx_word' id='word_1_81' title='bbox 372 909 413 960; x_wconf 88' lang='lat' dir='ltr'><strong>per</strong></span> <span class='ocrx_word' id='word_1_82' title='bbox 430 895 570 948; x_wconf 88' lang='lat' dir='ltr'><strong>intellectum</strong></span> <span class='ocrx_word' id='word_1_83' title='bbox 582 897 721 955; x_wconf 76' lang='lat' dir='ltr'><strong>mgnoscant</strong></span> <span class='ocrx_word' id='word_1_84' title='bbox 733 894 811 958; x_wconf 86' lang='lat' dir='ltr'><strong>ipsam</strong></span> <span class='ocrx_word' id='word_1_85' title='bbox 827 897 942 949; x_wconf 86' lang='lat' dir='ltr'><strong>uniuersa-</strong></span> 
     </span>
     <span class='ocr_line' id='line_1_11' title="bbox 134 964 990 1032; baseline 0.001 -14"><span class='ocrx_word' id='word_1_86' title='bbox 134 967 180 1018; x_wconf 93' lang='lat' dir='ltr'><strong>lem</strong></span> <span class='ocrx_word' id='word_1_87' title='bbox 192 966 302 1018; x_wconf 84' lang='lat' dir='ltr'><strong>rationem</strong></span> <span class='ocrx_word' id='word_1_88' title='bbox 315 967 382 1032; x_wconf 90' lang='lat' dir='ltr'><strong>boni,</strong></span> <span class='ocrx_word' id='word_1_89' title='bbox 397 967 543 1017; x_wconf 83' lang='lat' dir='ltr'><strong>manifestum</strong></span> <span class='ocrx_word' id='word_1_90' title='bbox 555 969 592 1016; x_wconf 91' lang='lat' dir='ltr'><strong>est</strong></span> <span class='ocrx_word' id='word_1_91' title='bbox 602 964 663 1030; x_wconf 85' lang='lat' dir='ltr'><strong>qudd</strong></span> <span class='ocrx_word' id='word_1_92' title='bbox 676 965 701 1018; x_wconf 90' lang='lat' dir='ltr'><strong>iu</strong></span> <span class='ocrx_word' id='word_1_93' title='bbox 711 965 747 1016; x_wconf 88' lang='lat' dir='ltr'><strong>eis</strong></span> <span class='ocrx_word' id='word_1_94' title='bbox 764 967 797 1018; x_wconf 87' lang='lat' dir='ltr'><strong>sit</strong></span> <span class='ocrx_word' id='word_1_95' title='bbox 808 969 922 1021; x_wconf 85' lang='lat' dir='ltr'><strong>voluntas.</strong></span> <span class='ocrx_word' id='word_1_96' title='bbox 989 1006 990 1019; x_wconf 49' lang='lat' dir='ltr'><strong>r</strong></span> 
     </span>
    </p>

    <p class='ocr_par' dir='ltr' id='par_1_3' title="bbox 136 1035 948 2036">
     <span class='ocr_line' id='line_1_12' title="bbox 168 1035 941 1104; baseline 0.005 -16"><span class='ocrx_word' id='word_1_97' title='bbox 168 1039 200 1088; x_wconf 83' lang='lat' dir='ltr'><strong>tn</strong></span> <span class='ocrx_word' id='word_1_98' title='bbox 211 1039 311 1104; x_wconf 89' lang='lat' dir='ltr'><strong>primurn</strong></span> <span class='ocrx_word' id='word_1_99' title='bbox 329 1051 382 1104; x_wconf 75' lang='lat' dir='ltr'><strong>ergo</strong></span> <span class='ocrx_word' id='word_1_100' title='bbox 399 1037 535 1100; x_wconf 84' lang='lat' dir='ltr'><strong>dicendum¹</strong></span> <span class='ocrx_word' id='word_1_101' title='bbox 553 1035 614 1102; x_wconf 89' lang='lat' dir='ltr'><strong>qudd</strong></span> <span class='ocrx_word' id='word_1_102' title='bbox 632 1037 697 1087; x_wconf 82' lang='lat' dir='ltr'><strong>alitor</strong></span> <span class='ocrx_word' id='word_1_103' title='bbox 717 1040 788 1088; x_wconf 79' lang='lat' dir='ltr'><strong>rotie</strong></span> <span class='ocrx_word' id='word_1_104' title='bbox 803 1044 941 1094; x_wconf 82' lang='lat' dir='ltr'><strong>transcendit</strong></span> 
     </span>
     <span class='ocr_line' id='line_1_13' title="bbox 136 1109 940 1176; baseline 0 -14"><span class='ocrx_word' id='word_1_105' title='bbox 136 1124 237 1176; x_wconf 87' lang='lat' dir='ltr'><strong>sensnm,</strong></span> <span class='ocrx_word' id='word_1_106' title='bbox 251 1111 349 1162; x_wconf 84' lang='lat' dir='ltr'><strong>cialiter</strong></span> <span class='ocrx_word' id='word_1_107' title='bbox 361 1109 502 1160; x_wconf 78' lang='lat' dir='ltr'><strong>intellectus</strong></span> <span class='ocrx_word' id='word_1_108' title='bbox 510 1109 631 1160; x_wconf 85' lang='lat' dir='ltr'><strong>rationem.</strong></span> <span class='ocrx_word' id='word_1_109' title='bbox 641 1111 717 1160; x_wconf 79' lang='lat' dir='ltr'><strong>liutto</strong></span> <span class='ocrx_word' id='word_1_110' title='bbox 727 1109 793 1161; x_wconf 89' lang='lat' dir='ltr'><strong>euim</strong></span> <span class='ocrx_word' id='word_1_111' title='bbox 802 1115 940 1165; x_wconf 77' lang='lat' dir='ltr'><strong>transcendit</strong></span> 
     </span>
     <span class='ocr_line' id='line_1_14' title="bbox 136 1181 942 1245; baseline -0.004 -8"><span class='ocrx_word' id='word_1_112' title='bbox 136 1195 228 1238; x_wconf 71' lang='lat' dir='ltr'><strong>sensnm</strong></span> <span class='ocrx_word' id='word_1_113' title='bbox 246 1181 369 1234; x_wconf 82' lang='lat' dir='ltr'><strong>secundini</strong></span> <span class='ocrx_word' id='word_1_114' title='bbox 387 1182 541 1233; x_wconf 82' lang='lat' dir='ltr'><strong>diversitatem</strong></span> <span class='ocrx_word' id='word_1_115' title='bbox 553 1182 714 1245; x_wconf 76' lang='lat' dir='ltr'><strong>cognitumm:</strong></span> <span class='ocrx_word' id='word_1_116' title='bbox 730 1196 786 1234; x_wconf 79' lang='lat' dir='ltr'><strong>nam</strong></span> <span class='ocrx_word' id='word_1_117' title='bbox 802 1199 893 1236; x_wconf 80' lang='lat' dir='ltr'><strong>censue</strong></span> <span class='ocrx_word' id='word_1_118' title='bbox 910 1190 942 1236; x_wconf 89' lang='lat' dir='ltr'><strong>est</strong></span> 
     </span>
     <span class='ocr_line' id='line_1_15' title="bbox 136 1253 939 1322; baseline 0.004 -16"><span class='ocrx_word' id='word_1_119' title='bbox 136 1255 320 1320; x_wconf 82' lang='lat' dir='ltr'><strong>particularium,</strong></span> <span class='ocrx_word' id='word_1_120' title='bbox 335 1255 404 1304; x_wconf 81' lang='lat' dir='ltr'><strong>ratio</strong></span> <span class='ocrx_word' id='word_1_121' title='bbox 415 1253 470 1306; x_wconf 84' lang='lat' dir='ltr'><strong>vend</strong></span> <span class='ocrx_word' id='word_1_122' title='bbox 480 1253 655 1304; x_wconf 85' lang='lat' dir='ltr'><strong>uniuersalium.</strong></span> <span class='ocrx_word' id='word_1_123' title='bbox 666 1253 696 1304; x_wconf 84' lang='lat' dir='ltr'><strong>Et</strong></span> <span class='ocrx_word' id='word_1_124' title='bbox 708 1253 761 1305; x_wconf 90' lang='lat' dir='ltr'><strong>ideo</strong></span> <span class='ocrx_word' id='word_1_125' title='bbox 775 1263 873 1322; x_wconf 89' lang='lat' dir='ltr'><strong>oportet</strong></span> <span class='ocrx_word' id='word_1_126' title='bbox 885 1258 939 1322; x_wconf 83' lang='lat' dir='ltr'><strong>qnid</strong></span> 
     </span>
     <span class='ocr_line' id='line_1_16' title="bbox 138 1323 945 1392; baseline 0 -15"><span class='ocrx_word' id='word_1_127' title='bbox 138 1326 239 1378; x_wconf 80' lang='lat' dir='ltr'><strong>citatius</strong></span> <span class='ocrx_word' id='word_1_128' title='bbox 253 1327 368 1392; x_wconf 86' lang='lat' dir='ltr'><strong>appetitus</strong></span> <span class='ocrx_word' id='word_1_129' title='bbox 381 1327 477 1378; x_wconf 87' lang='lat' dir='ltr'><strong>tendens</strong></span> <span class='ocrx_word' id='word_1_130' title='bbox 495 1327 520 1376; x_wconf 90' lang='lat' dir='ltr'><strong>in</strong></span> <span class='ocrx_word' id='word_1_131' title='bbox 534 1327 618 1376; x_wconf 89' lang='lat' dir='ltr'><strong>honum</strong></span> <span class='ocrx_word' id='word_1_132' title='bbox 637 1323 783 1390; x_wconf 79' lang='lat' dir='ltr'><strong>uniuersale,</strong></span> <span class='ocrx_word' id='word_1_133' title='bbox 795 1328 839 1392; x_wconf 82' lang='lat' dir='ltr'><strong>qui</strong></span> <span class='ocrx_word' id='word_1_134' title='bbox 856 1331 945 1381; x_wconf 88' lang='lat' dir='ltr'><strong>debetur</strong></span> 
     </span>
     <span class='ocr_line' id='line_1_17' title="bbox 137 1395 946 1464; baseline 0 -14"><span class='ocrx_word' id='word_1_135' title='bbox 137 1399 232 1464; x_wconf 86' lang='lat' dir='ltr'><strong>rationi,</strong></span> <span class='ocrx_word' id='word_1_136' title='bbox 247 1404 271 1450; x_wconf 90' lang='lat' dir='ltr'><strong>et</strong></span> <span class='ocrx_word' id='word_1_137' title='bbox 292 1398 350 1450; x_wconf 78' lang='lat' dir='ltr'><strong>alins</strong></span> <span class='ocrx_word' id='word_1_138' title='bbox 368 1399 463 1450; x_wconf 87' lang='lat' dir='ltr'><strong>tendens</strong></span> <span class='ocrx_word' id='word_1_139' title='bbox 478 1397 502 1448; x_wconf 92' lang='lat' dir='ltr'><strong>in</strong></span> <span class='ocrx_word' id='word_1_140' title='bbox 516 1397 603 1462; x_wconf 80' lang='lat' dir='ltr'><strong>bonum</strong></span> <span class='ocrx_word' id='word_1_141' title='bbox 617 1395 759 1462; x_wconf 80' lang='lat' dir='ltr'><strong>&#39;particulare</strong></span> <span class='ocrx_word' id='word_1_142' title='bbox 767 1435 776 1462; x_wconf 89' lang='lat'><em>,</em></span> <span class='ocrx_word' id='word_1_143' title='bbox 794 1398 837 1464; x_wconf 84' lang='lat' dir='ltr'><strong>qui</strong></span> <span class='ocrx_word' id='word_1_144' title='bbox 856 1402 946 1455; x_wconf 87' lang='lat' dir='ltr'><strong>debetur</strong></span> 
     </span>
     <span class='ocr_line' id='line_1_18' title="bbox 137 1468 946 1533; baseline 0 -11"><span class='ocrx_word' id='word_1_145' title='bbox 137 1469 223 1522; x_wconf 82' lang='lat' dir='ltr'><strong>sensui.</strong></span> <span class='ocrx_word' id='word_1_146' title='bbox 238 1471 281 1522; x_wconf 87' lang='lat' dir='ltr'><strong>Sed</strong></span> <span class='ocrx_word' id='word_1_147' title='bbox 292 1469 433 1520; x_wconf 82' lang='lat' dir='ltr'><strong>intellectus</strong></span> <span class='ocrx_word' id='word_1_148' title='bbox 444 1473 467 1520; x_wconf 93' lang='lat' dir='ltr'><strong>et</strong></span> <span class='ocrx_word' id='word_1_149' title='bbox 482 1469 551 1519; x_wconf 79' lang='lat' dir='ltr'><strong>ratio</strong></span> <span class='ocrx_word' id='word_1_150' title='bbox 562 1468 671 1520; x_wconf 79' lang='lat' dir='ltr'><strong>ditiemnt</strong></span> <span class='ocrx_word' id='word_1_151' title='bbox 684 1473 798 1533; x_wconf 82' lang='lat' dir='ltr'><strong>qnantum</strong></span> <span class='ocrx_word' id='word_1_152' title='bbox 811 1473 842 1523; x_wconf 86' lang='lat' dir='ltr'><strong>ad</strong></span> <span class='ocrx_word' id='word_1_153' title='bbox 856 1475 946 1524; x_wconf 87' lang='lat' dir='ltr'><strong>modurn</strong></span> 
     </span>
     <span class='ocr_line' id='line_1_19' title="bbox 138 1540 947 1610; baseline 0.002 -17"><span class='ocrx_word' id='word_1_154' title='bbox 138 1541 290 1606; x_wconf 76' lang='lat' dir='ltr'><strong>cognoscendi</strong></span> <span class='ocrx_word' id='word_1_155' title='bbox 306 1558 311 1592; x_wconf 94' lang='lat'>:</span> <span class='ocrx_word' id='word_1_156' title='bbox 325 1543 378 1606; x_wconf 85' lang='lat' dir='ltr'><strong>qnia</strong></span> <span class='ocrx_word' id='word_1_157' title='bbox 398 1541 484 1592; x_wconf 88' lang='lat' dir='ltr'><strong>scilicet</strong></span> <span class='ocrx_word' id='word_1_158' title='bbox 503 1540 646 1610; x_wconf 72' lang='lat' dir='ltr'><strong>intellectus</strong></span> <span class='ocrx_word' id='word_1_159' title='bbox 659 1541 778 1604; x_wconf 76' lang='lat' dir='ltr'><strong>cognoscit</strong></span> <span class='ocrx_word' id='word_1_160' title='bbox 798 1543 903 1609; x_wconf 86' lang='lat' dir='ltr'><strong>simplici</strong></span> <span class='ocrx_word' id='word_1_161' title='bbox 916 1545 947 1594; x_wconf 90' lang='lat' dir='ltr'><strong>in-</strong></span> 
     </span>
     <span class='ocr_line' id='line_1_20' title="bbox 138 1611 946 1682; baseline 0 -18"><span class='ocrx_word' id='word_1_162' title='bbox 138 1614 210 1680; x_wconf 86' lang='lat' dir='ltr'><strong>initu,</strong></span> <span class='ocrx_word' id='word_1_163' title='bbox 225 1616 293 1664; x_wconf 81' lang='lat' dir='ltr'><strong>ratio</strong></span> <span class='ocrx_word' id='word_1_164' title='bbox 302 1613 356 1666; x_wconf 81' lang='lat' dir='ltr'><strong>vend</strong></span> <span class='ocrx_word' id='word_1_165' title='bbox 365 1613 511 1682; x_wconf 80' lang='lat' dir='ltr'><strong>discurrendo</strong></span> <span class='ocrx_word' id='word_1_166' title='bbox 522 1613 550 1662; x_wconf 90' lang='lat' dir='ltr'><strong>de</strong></span> <span class='ocrx_word' id='word_1_167' title='bbox 560 1626 606 1663; x_wconf 92' lang='lat' dir='ltr'><strong>nno</strong></span> <span class='ocrx_word' id='word_1_168' title='bbox 615 1611 717 1662; x_wconf 84' lang='lat' dir='ltr'><strong>inaliud.</strong></span> <span class='ocrx_word' id='word_1_169' title='bbox 729 1612 776 1663; x_wconf 87' lang='lat' dir='ltr'><strong>Sed</strong></span> <span class='ocrx_word' id='word_1_170' title='bbox 788 1618 873 1666; x_wconf 83' lang='lat' dir='ltr'><strong>tamen</strong></span> <span class='ocrx_word' id='word_1_171' title='bbox 883 1619 946 1666; x_wconf 84' lang='lat' dir='ltr'><strong>ratio</strong></span> 
     </span>
     <span class='ocr_line' id='line_1_21' title="bbox 138 1683 948 1750; baseline 0.005 -16"><span class='ocrx_word' id='word_1_172' title='bbox 138 1685 314 1750; x_wconf 88' lang='lat' dir='ltr'><strong>perdiscnrsnm</strong></span> <span class='ocrx_word' id='word_1_173' title='bbox 323 1683 463 1750; x_wconf 85' lang='lat' dir='ltr'><strong>pervenitad</strong></span> <span class='ocrx_word' id='word_1_174' title='bbox 474 1686 657 1748; x_wconf 79' lang='lat' dir='ltr'><strong>cognoscendum</strong></span> <span class='ocrx_word' id='word_1_175' title='bbox 667 1684 793 1750; x_wconf 87' lang='lat' dir='ltr'><strong>illudquod</strong></span> <span class='ocrx_word' id='word_1_176' title='bbox 807 1689 948 1740; x_wconf 78' lang='lat' dir='ltr'><strong>intellectus</strong></span> 
     </span>
     <span class='ocr_line' id='line_1_22' title="bbox 138 1755 947 1825; baseline 0.004 -18"><span class='ocrx_word' id='word_1_177' title='bbox 138 1756 188 1808; x_wconf 88' lang='lat' dir='ltr'><strong>sine</strong></span> <span class='ocrx_word' id='word_1_178' title='bbox 203 1755 303 1806; x_wconf 85' lang='lat' dir='ltr'><strong>discursu</strong></span> <span class='ocrx_word' id='word_1_179' title='bbox 315 1756 447 1822; x_wconf 75' lang='lat' dir='ltr'><strong>cognoscit,</strong></span> <span class='ocrx_word' id='word_1_180' title='bbox 457 1755 544 1805; x_wconf 81' lang='lat' dir='ltr'><strong>scilicet</strong></span> <span class='ocrx_word' id='word_1_181' title='bbox 557 1755 688 1813; x_wconf 83' lang='lat' dir='ltr'><strong>uniuersale</strong></span> <span class='ocrx_word' id='word_1_182' title='bbox 699 1756 781 1823; x_wconf 81' lang='lat' dir='ltr'><strong>:idem</strong></span> <span class='ocrx_word' id='word_1_183' title='bbox 793 1763 832 1811; x_wconf 88' lang='lat' dir='ltr'><strong>est</strong></span> <span class='ocrx_word' id='word_1_184' title='bbox 843 1774 901 1825; x_wconf 77' lang='lat' dir='ltr'><strong>ergo</strong></span> <span class='ocrx_word' id='word_1_185' title='bbox 915 1761 947 1812; x_wconf 78' lang='lat' dir='ltr'><strong>oi</strong></span> 
     </span>
     <span class='ocr_line' id='line_1_23' title="bbox 139 1827 948 1894; baseline 0.001 -15"><span class='ocrx_word' id='word_1_186' title='bbox 139 1827 223 1892; x_wconf 81' lang='lat' dir='ltr'><strong>iectum</strong></span> <span class='ocrx_word' id='word_1_187' title='bbox 242 1827 302 1892; x_wconf 84' lang='lat' dir='ltr'><strong>qnod</strong></span> <span class='ocrx_word' id='word_1_188' title='bbox 316 1827 426 1893; x_wconf 85' lang='lat' dir='ltr'><strong>appetitui</strong></span> <span class='ocrx_word' id='word_1_189' title='bbox 440 1827 574 1894; x_wconf 88' lang='lat' dir='ltr'><strong>proponitm</strong></span> <span class='ocrx_word' id='word_1_190' title='bbox 591 1830 614 1877; x_wconf 91' lang='lat' dir='ltr'><strong>et</strong></span> <span class='ocrx_word' id='word_1_191' title='bbox 635 1840 663 1877; x_wconf 83' lang='lat' dir='ltr'><strong>ex</strong></span> <span class='ocrx_word' id='word_1_192' title='bbox 683 1830 747 1892; x_wconf 87' lang='lat' dir='ltr'><strong>purte</strong></span> <span class='ocrx_word' id='word_1_193' title='bbox 763 1829 867 1882; x_wconf 83' lang='lat' dir='ltr'><strong>rationis</strong></span> <span class='ocrx_word' id='word_1_194' title='bbox 887 1836 910 1883; x_wconf 90' lang='lat' dir='ltr'><strong>et</strong></span> <span class='ocrx_word' id='word_1_195' title='bbox 923 1846 948 1882; x_wconf 84' lang='lat' dir='ltr'><strong>er</strong></span> 
     </span>
     <span class='ocr_line' id='line_1_24' title="bbox 139 1897 947 1966; baseline 0.007 -16"><span class='ocrx_word' id='word_1_196' title='bbox 139 1904 203 1966; x_wconf 87' lang='lat' dir='ltr'><strong>parte</strong></span> <span class='ocrx_word' id='word_1_197' title='bbox 216 1899 353 1951; x_wconf 83' lang='lat' dir='ltr'><strong>intellectis.</strong></span> <span class='ocrx_word' id='word_1_198' title='bbox 370 1900 434 1950; x_wconf 89' lang='lat' dir='ltr'><strong>Unde</strong></span> <span class='ocrx_word' id='word_1_199' title='bbox 448 1899 472 1950; x_wconf 92' lang='lat' dir='ltr'><strong>in</strong></span> <span class='ocrx_word' id='word_1_200' title='bbox 485 1899 573 1962; x_wconf 82' lang='lat' dir='ltr'><strong>angelis</strong></span> <span class='ocrx_word' id='word_1_201' title='bbox 588 1897 628 1964; x_wconf 87' lang='lat' dir='ltr'><strong>qui</strong></span> <span class='ocrx_word' id='word_1_202' title='bbox 646 1902 698 1950; x_wconf 89' lang='lat' dir='ltr'><strong>suut</strong></span> <span class='ocrx_word' id='word_1_203' title='bbox 713 1897 889 1955; x_wconf 84' lang='lat' dir='ltr'><strong>intellectuales</strong></span> <span class='ocrx_word' id='word_1_204' title='bbox 902 1909 947 1955; x_wconf 84' lang='lat' dir='ltr'><strong>tan-</strong></span> 
     </span>
     <span class='ocr_line' id='line_1_25' title="bbox 139 1969 689 2036; baseline -0.005 -14"><span class='ocrx_word' id='word_1_205' title='bbox 139 1970 197 2033; x_wconf 87' lang='lat' dir='ltr'><strong>tdm,</strong></span> <span class='ocrx_word' id='word_1_206' title='bbox 213 1985 259 2022; x_wconf 91' lang='lat' dir='ltr'><strong>non</strong></span> <span class='ocrx_word' id='word_1_207' title='bbox 271 1975 306 2022; x_wconf 86' lang='lat' dir='ltr'><strong>est</strong></span> <span class='ocrx_word' id='word_1_208' title='bbox 319 1969 434 2036; x_wconf 84' lang='lat' dir='ltr'><strong>appetitus</strong></span> <span class='ocrx_word' id='word_1_209' title='bbox 447 1971 551 2035; x_wconf 89' lang='lat' dir='ltr'><strong>superior</strong></span> <span class='ocrx_word' id='word_1_210' title='bbox 562 1971 689 2021; x_wconf 88' lang='lat' dir='ltr'><strong>voluntate.</strong></span> 
     </span>
    </p>

    <p class='ocr_par' dir='ltr' id='par_1_4' title="bbox 139 2042 947 2395">
     <span class='ocr_line' id='line_1_26' title="bbox 171 2042 947 2112; baseline 0.001 -18"><span class='ocrx_word' id='word_1_211' title='bbox 171 2045 203 2096; x_wconf 84' lang='lat' dir='ltr'><strong>td</strong></span> <span class='ocrx_word' id='word_1_212' title='bbox 221 2044 345 2094; x_wconf 88' lang='lat' dir='ltr'><strong>secundum</strong></span> <span class='ocrx_word' id='word_1_213' title='bbox 355 2044 489 2103; x_wconf 86' lang='lat' dir='ltr'><strong>dicendum,</strong></span> <span class='ocrx_word' id='word_1_214' title='bbox 499 2042 559 2109; x_wconf 85' lang='lat' dir='ltr'><strong>qndd</strong></span> <span class='ocrx_word' id='word_1_215' title='bbox 569 2042 624 2092; x_wconf 86' lang='lat' dir='ltr'><strong>licdt</strong></span> <span class='ocrx_word' id='word_1_216' title='bbox 633 2055 717 2092; x_wconf 89' lang='lat' dir='ltr'><strong>nomeu</strong></span> <span class='ocrx_word' id='word_1_217' title='bbox 728 2043 867 2108; x_wconf 79' lang='lat' dir='ltr'><strong>appetitivae</strong></span> <span class='ocrx_word' id='word_1_218' title='bbox 877 2047 947 2112; x_wconf 87' lang='lat' dir='ltr'><strong>partis</strong></span> 
     </span>
     <span class='ocr_line' id='line_1_27' title="bbox 139 2115 946 2183; baseline 0.002 -17"><span class='ocrx_word' id='word_1_219' title='bbox 139 2115 170 2166; x_wconf 89' lang='lat' dir='ltr'><strong>sit</strong></span> <span class='ocrx_word' id='word_1_220' title='bbox 178 2119 293 2180; x_wconf 87' lang='lat' dir='ltr'><strong>sumptum</strong></span> <span class='ocrx_word' id='word_1_221' title='bbox 307 2115 334 2165; x_wconf 85' lang='lat' dir='ltr'><strong>ab</strong></span> <span class='ocrx_word' id='word_1_222' title='bbox 346 2115 472 2180; x_wconf 88' lang='lat' dir='ltr'><strong>appetendo</strong></span> <span class='ocrx_word' id='word_1_223' title='bbox 483 2127 510 2166; x_wconf 88' lang='lat' dir='ltr'><strong>ea</strong></span> <span class='ocrx_word' id='word_1_224' title='bbox 520 2127 571 2178; x_wconf 77' lang='lat' dir='ltr'><strong>qun</strong></span> <span class='ocrx_word' id='word_1_225' title='bbox 586 2129 632 2165; x_wconf 92' lang='lat' dir='ltr'><strong>non</strong></span> <span class='ocrx_word' id='word_1_226' title='bbox 643 2115 769 2179; x_wconf 85' lang='lat' dir='ltr'><strong>habentur,</strong></span> <span class='ocrx_word' id='word_1_227' title='bbox 780 2119 865 2168; x_wconf 86' lang='lat' dir='ltr'><strong>tamen</strong></span> <span class='ocrx_word' id='word_1_228' title='bbox 879 2132 946 2183; x_wconf 85' lang='lat' dir='ltr'><strong>appe·</strong></span> 
     </span>
     <span class='ocr_line' id='line_1_28' title="bbox 139 2186 944 2254; baseline 0.001 -16"><span class='ocrx_word' id='word_1_229' title='bbox 139 2187 204 2238; x_wconf 82' lang='lat' dir='ltr'><strong>titiva</strong></span> <span class='ocrx_word' id='word_1_230' title='bbox 214 2199 268 2254; x_wconf 86' lang='lat' dir='ltr'><strong>pars</strong></span> <span class='ocrx_word' id='word_1_231' title='bbox 280 2200 325 2238; x_wconf 90' lang='lat' dir='ltr'><strong>uun</strong></span> <span class='ocrx_word' id='word_1_232' title='bbox 340 2186 413 2238; x_wconf 83' lang='lat' dir='ltr'><strong>solim</strong></span> <span class='ocrx_word' id='word_1_233' title='bbox 427 2187 455 2236; x_wconf 88' lang='lat' dir='ltr'><strong>nd</strong></span> <span class='ocrx_word' id='word_1_234' title='bbox 468 2187 518 2237; x_wconf 79' lang='lat' dir='ltr'><strong>lraec</strong></span> <span class='ocrx_word' id='word_1_235' title='bbox 531 2201 555 2237; x_wconf 90' lang='lat' dir='ltr'><strong>se</strong></span> <span class='ocrx_word' id='word_1_236' title='bbox 566 2186 681 2248; x_wconf 84' lang='lat' dir='ltr'><strong>extendit,</strong></span> <span class='ocrx_word' id='word_1_237' title='bbox 695 2187 735 2238; x_wconf 91' lang='lat' dir='ltr'><strong>sed</strong></span> <span class='ocrx_word' id='word_1_238' title='bbox 748 2187 820 2238; x_wconf 88' lang='lat' dir='ltr'><strong>etiam</strong></span> <span class='ocrx_word' id='word_1_239' title='bbox 833 2192 864 2240; x_wconf 88' lang='lat' dir='ltr'><strong>ad</strong></span> <span class='ocrx_word' id='word_1_240' title='bbox 879 2191 944 2241; x_wconf 85' lang='lat' dir='ltr'><strong>multa</strong></span> 
     </span>
     <span class='ocr_line' id='line_1_29' title="bbox 140 2258 945 2328; baseline 0.006 -19"><span class='ocrx_word' id='word_1_241' title='bbox 140 2259 206 2310; x_wconf 82' lang='lat' dir='ltr'><strong>alia:</strong></span> <span class='ocrx_word' id='word_1_242' title='bbox 225 2259 283 2312; x_wconf 85' lang='lat' dir='ltr'><strong>sicut</strong></span> <span class='ocrx_word' id='word_1_243' title='bbox 301 2263 324 2310; x_wconf 86' lang='lat' dir='ltr'><strong>et</strong></span> <span class='ocrx_word' id='word_1_244' title='bbox 342 2270 426 2310; x_wconf 92' lang='lat' dir='ltr'><strong>nomen</strong></span> <span class='ocrx_word' id='word_1_245' title='bbox 442 2259 524 2323; x_wconf 87' lang='lat' dir='ltr'><strong>lapidis</strong></span> <span class='ocrx_word' id='word_1_246' title='bbox 542 2263 657 2322; x_wconf 87' lang='lat' dir='ltr'><strong>sumptum</strong></span> <span class='ocrx_word' id='word_1_247' title='bbox 673 2262 709 2309; x_wconf 89' lang='lat' dir='ltr'><strong>est</strong></span> <span class='ocrx_word' id='word_1_248' title='bbox 722 2258 736 2308; x_wconf 83' lang='lat' dir='ltr'><strong>i</strong></span> <span class='ocrx_word' id='word_1_249' title='bbox 749 2259 848 2313; x_wconf 73' lang='lat' dir='ltr'><strong>lesione</strong></span> <span class='ocrx_word' id='word_1_250' title='bbox 871 2263 945 2328; x_wconf 87' lang='lat' dir='ltr'><strong>pedis,</strong></span> 
     </span>
     <span class='ocr_line' id='line_1_30' title="bbox 140 2329 946 2395; baseline 0.001 -11"><span class='ocrx_word' id='word_1_251' title='bbox 140 2329 191 2384; x_wconf 80' lang='lat' dir='ltr'><strong>edm</strong></span> <span class='ocrx_word' id='word_1_252' title='bbox 201 2335 276 2382; x_wconf 79' lang='lat' dir='ltr'><strong>lamen</strong></span> <span class='ocrx_word' id='word_1_253' title='bbox 285 2330 355 2395; x_wconf 79' lang='lat' dir='ltr'><strong>tepidi</strong></span> <span class='ocrx_word' id='word_1_254' title='bbox 364 2333 464 2381; x_wconf 87' lang='lat' dir='ltr'><strong>nonhoc</strong></span> <span class='ocrx_word' id='word_1_255' title='bbox 473 2330 546 2381; x_wconf 84' lang='lat' dir='ltr'><strong>solium</strong></span> <span class='ocrx_word' id='word_1_256' title='bbox 558 2331 686 2381; x_wconf 80' lang='lat' dir='ltr'><strong>conueniat.</strong></span> <span class='ocrx_word' id='word_1_257' title='bbox 701 2331 813 2384; x_wconf 87' lang='lat' dir='ltr'><strong>Similiter</strong></span> <span class='ocrx_word' id='word_1_258' title='bbox 825 2333 946 2385; x_wconf 77' lang='lat' dir='ltr'><strong>irascibilis</strong></span> 
     </span>
    </p>
   </div>
   <div class='ocr_carea' id='block_1_3' title="bbox 139 2399 946 2832">
    <p class='ocr_par' dir='ltr' id='par_1_5' title="bbox 139 2399 946 2540">
     <span class='ocr_line' id='line_1_31' title="bbox 139 2399 946 2470; baseline 0.009 -19"><span class='ocrx_word' id='word_1_259' title='bbox 139 2399 244 2467; x_wconf 84' lang='lat' dir='ltr'><strong>potentia</strong></span> <span class='ocrx_word' id='word_1_260' title='bbox 254 2403 410 2458; x_wconf 87' lang='lat' dir='ltr'><strong>denominatur</strong></span> <span class='ocrx_word' id='word_1_261' title='bbox 421 2403 449 2452; x_wconf 81' lang='lat' dir='ltr'><strong>alr</strong></span> <span class='ocrx_word' id='word_1_262' title='bbox 457 2402 505 2466; x_wconf 88' lang='lat' dir='ltr'><strong>im,</strong></span> <span class='ocrx_word' id='word_1_263' title='bbox 516 2401 568 2452; x_wconf 84' lang='lat' dir='ltr'><strong>edm</strong></span> <span class='ocrx_word' id='word_1_264' title='bbox 578 2405 655 2470; x_wconf 77' lang='lat' dir='ltr'><strong>temen</strong></span> <span class='ocrx_word' id='word_1_265' title='bbox 667 2401 692 2452; x_wconf 92' lang='lat' dir='ltr'><strong>in</strong></span> <span class='ocrx_word' id='word_1_266' title='bbox 702 2415 731 2453; x_wconf 84' lang='lat' dir='ltr'><strong>ea</strong></span> <span class='ocrx_word' id='word_1_267' title='bbox 743 2403 792 2454; x_wconf 92' lang='lat' dir='ltr'><strong>sint</strong></span> <span class='ocrx_word' id='word_1_268' title='bbox 802 2406 885 2470; x_wconf 89' lang='lat' dir='ltr'><strong>plures</strong></span> <span class='ocrx_word' id='word_1_269' title='bbox 900 2407 946 2457; x_wconf 81' lang='lat' dir='ltr'><strong>alic</strong></span> 
     </span>
     <span class='ocr_line' id='line_1_32' title="bbox 139 2474 522 2540; baseline 0 -16"><span class='ocrx_word' id='word_1_270' title='bbox 139 2474 267 2538; x_wconf 84' lang='lat' dir='ltr'><strong>passiones,</strong></span> <span class='ocrx_word' id='word_1_271' title='bbox 283 2478 308 2524; x_wconf 91' lang='lat' dir='ltr'><strong>ut</strong></span> <span class='ocrx_word' id='word_1_272' title='bbox 320 2487 372 2540; x_wconf 85' lang='lat' dir='ltr'><strong>spes</strong></span> <span class='ocrx_word' id='word_1_273' title='bbox 386 2477 409 2524; x_wconf 88' lang='lat' dir='ltr'><strong>et</strong></span> <span class='ocrx_word' id='word_1_274' title='bbox 420 2474 522 2524; x_wconf 85' lang='lat' dir='ltr'><strong>andacia.</strong></span> 
     </span>
    </p>

    <p class='ocr_par' dir='ltr' id='par_1_6' title="bbox 141 2545 946 2832">
     <span class='ocr_line' id='line_1_33' title="bbox 171 2545 945 2614; baseline 0.004 -17"><span class='ocrx_word' id='word_1_275' title='bbox 171 2546 204 2597; x_wconf 81' lang='lat' dir='ltr'><strong>td</strong></span> <span class='ocrx_word' id='word_1_276' title='bbox 218 2546 310 2596; x_wconf 91' lang='lat' dir='ltr'><strong>tertium</strong></span> <span class='ocrx_word' id='word_1_277' title='bbox 321 2546 453 2611; x_wconf 84' lang='lat' dir='ltr'><strong>dicendum,</strong></span> <span class='ocrx_word' id='word_1_278' title='bbox 463 2545 523 2612; x_wconf 85' lang='lat' dir='ltr'><strong>qudd</strong></span> <span class='ocrx_word' id='word_1_279' title='bbox 533 2545 638 2598; x_wconf 82' lang='lat' dir='ltr'><strong>voluutas</strong></span> <span class='ocrx_word' id='word_1_280' title='bbox 652 2547 840 2600; x_wconf 87' lang='lat' dir='ltr'><strong>diciturmouens</strong></span> <span class='ocrx_word' id='word_1_281' title='bbox 849 2554 945 2614; x_wconf 89' lang='lat' dir='ltr'><strong>motum,</strong></span> 
     </span>
     <span class='ocr_line' id='line_1_34' title="bbox 141 2617 945 2686; baseline 0.005 -18"><span class='ocrx_word' id='word_1_282' title='bbox 141 2617 265 2669; x_wconf 85' lang='lat' dir='ltr'><strong>secuudim</strong></span> <span class='ocrx_word' id='word_1_283' title='bbox 277 2617 336 2682; x_wconf 86' lang='lat' dir='ltr'><strong>qudd</strong></span> <span class='ocrx_word' id='word_1_284' title='bbox 348 2618 409 2668; x_wconf 85' lang='lat' dir='ltr'><strong>velte</strong></span> <span class='ocrx_word' id='word_1_285' title='bbox 420 2622 454 2668; x_wconf 91' lang='lat' dir='ltr'><strong>est</strong></span> <span class='ocrx_word' id='word_1_286' title='bbox 466 2619 543 2670; x_wconf 88' lang='lat' dir='ltr'><strong>motus</strong></span> <span class='ocrx_word' id='word_1_287' title='bbox 553 2619 644 2682; x_wconf 81' lang='lat' dir='ltr'><strong>quidum</strong></span> <span class='ocrx_word' id='word_1_288' title='bbox 657 2622 680 2669; x_wconf 90' lang='lat' dir='ltr'><strong>et</strong></span> <span class='ocrx_word' id='word_1_289' title='bbox 695 2619 858 2686; x_wconf 77' lang='lat' dir='ltr'><strong>intellipere,·</strong></span> <span class='ocrx_word' id='word_1_290' title='bbox 871 2623 945 2686; x_wconf 86' lang='lat' dir='ltr'><strong>cnjus-</strong></span> 
     </span>
     <span class='ocr_line' id='line_1_35' title="bbox 142 2689 946 2756; baseline 0.007 -18"><span class='ocrx_word' id='word_1_291' title='bbox 142 2689 201 2740; x_wconf 90' lang='lat' dir='ltr'><strong>modi</strong></span> <span class='ocrx_word' id='word_1_292' title='bbox 218 2691 304 2742; x_wconf 88' lang='lat' dir='ltr'><strong>motum</strong></span> <span class='ocrx_word' id='word_1_293' title='bbox 322 2689 378 2739; x_wconf 87' lang='lat' dir='ltr'><strong>nihil</strong></span> <span class='ocrx_word' id='word_1_294' title='bbox 394 2689 499 2754; x_wconf 85' lang='lat' dir='ltr'><strong>prohibet</strong></span> <span class='ocrx_word' id='word_1_295' title='bbox 511 2691 536 2740; x_wconf 92' lang='lat' dir='ltr'><strong>in</strong></span> <span class='ocrx_word' id='word_1_296' title='bbox 552 2691 639 2754; x_wconf 84' lang='lat' dir='ltr'><strong>angelis</strong></span> <span class='ocrx_word' id='word_1_297' title='bbox 655 2705 718 2753; x_wconf 89' lang='lat' dir='ltr'><strong>csse,</strong></span> <span class='ocrx_word' id='word_1_298' title='bbox 736 2691 791 2756; x_wconf 82' lang='lat' dir='ltr'><strong>quiin</strong></span> <span class='ocrx_word' id='word_1_299' title='bbox 805 2694 859 2744; x_wconf 83' lang='lat' dir='ltr'><strong>talis</strong></span> <span class='ocrx_word' id='word_1_300' title='bbox 873 2698 946 2744; x_wconf 88' lang='lat' dir='ltr'><strong>motus</strong></span> 
     </span>
     <span class='ocr_line' id='line_1_36' title="bbox 141 2761 943 2832; baseline 0.009 -23"><span class='ocrx_word' id='word_1_301' title='bbox 141 2765 177 2812; x_wconf 87' lang='lat' dir='ltr'><strong>est</strong></span> <span class='ocrx_word' id='word_1_302' title='bbox 189 2763 261 2810; x_wconf 79' lang='lat' dir='ltr'><strong>nctus</strong></span> <span class='ocrx_word' id='word_1_303' title='bbox 272 2761 380 2824; x_wconf 77' lang='lat' dir='ltr'><strong>perfecti</strong></span> <span class='ocrx_word' id='word_1_304' title='bbox 384 2799 393 2826; x_wconf 87' lang='lat'><em>,</em></span> <span class='ocrx_word' id='word_1_305' title='bbox 408 2766 434 2812; x_wconf 93' lang='lat' dir='ltr'><strong>ut</strong></span> <span class='ocrx_word' id='word_1_306' title='bbox 451 2761 534 2812; x_wconf 88' lang='lat' dir='ltr'><strong>dicitur</strong></span> <span class='ocrx_word' id='word_1_307' title='bbox 548 2763 571 2814; x_wconf 91' lang='lat' dir='ltr'><strong>in</strong></span> <span class='ocrx_word' id='word_1_308' title='bbox 585 2763 623 2814; x_wconf 91' lang='lat' dir='ltr'><strong>lll.</strong></span> <span class='ocrx_word' id='word_1_309' title='bbox 639 2763 676 2814; x_wconf 83' lang='lat' dir='ltr'><strong>Dc</strong></span> <span class='ocrx_word' id='word_1_310' title='bbox 689 2765 779 2814; x_wconf 84' lang='lat' dir='ltr'><strong>anima</strong></span> <span class='ocrx_word' id='word_1_311' title='bbox 795 2764 874 2832; x_wconf 78' lang='lat' dir='ltr'><strong>(text.</strong></span> <span class='ocrx_word' id='word_1_312' title='bbox 889 2763 943 2830; x_wconf 78' lang='lat'><strong>28).</strong></span> 
     </span>
    </p>
   </div>
   <div class='ocr_carea' id='block_1_4' title="bbox 0 0 1009 3342">
    <p class='ocr_par' dir='ltr' id='par_1_7' title="bbox 0 0 1009 3342">
     <span class='ocr_line' id='line_1_37' title="bbox 0 0 1009 3342; baseline 0 0"><span class='ocrx_word' id='word_1_313' title='bbox 0 0 1009 3342; x_wconf 95' lang='lat' dir='ltr'><strong> </strong></span> 
     </span>
    </p>
   </div>
  </div>
 </body>
</html>
