1992 3342
365 283 397 319 ns
415 284 524 322 sensnm
539 288 587 322 nsr.
831 282 878 329 tto

93 362 118 405 ι.
138 356 164 406 Si
184 356 275 405 (liuntur
296 355 359 419 quod
374 370 403 407 ea
423 373 474 421 que
491 360 517 411 in
540 374 564 411 se
583 366 635 412 sunl
650 364 755 427 iutuitu,
777 367 879 419 scientis

64 427 102 477 [tei
125 427 194 477 finite
214 431 284 489 sunt3
305 432 402 491 eontra,
417 431 475 481 ratio
494 431 580 481 infiniti
598 438 648 497 est,
668 434 729 498 quod
744 437 775 487 sit
795 437 880 502 imper-

64 498 203 560 transibile3
217 501 242 547 et
255 497 325 561 liniti,
337 500 397 563 qnod
411 500 441 550 sit
451 503 626 566 pertransibile,
638 509 664 555 ut
682 506 764 559 dieitur
774 508 799 558 in
811 509 878 560 lertio

64 569 163 629 Pousis.
181 568 256 633 (text.
273 572 313 633 3ι,
326 569 376 620 sive
388 584 440 635 cap.
455 576 478 635 t,
492 576 517 623 el
528 577 585 624 text.
601 580 640 637 ιιι,
654 576 702 628 sive
716 591 769 643 esp.
789 579 818 645 6)
832 580 875 643 (t).

63 642 105 691 Sed
114 641 236 691 infinitum
254 655 301 692 nou
314 646 391 706 poust
403 645 504 710 transiri,
518 660 561 697 nee
571 646 584 697 i
595 648 671 711 linito,
683 663 727 700 neo
736 652 765 702 ab
776 652 877 708 infinito,

65 716 87 761 ul
100 714 215 777 probatur
226 713 328 763 inserto
339 716 508 774 Poyricorum
524 718 590 782 (text.
607 721 636 768 ιιι
642 756 651 783 ,
660 721 699 770 uei
708 735 759 786 esp.
771 722 804 789 i).
817 725 876 788 Ergo

64 782 177 833 inlinitum
191 796 241 835 non
255 787 333 847 potest
345 798 395 835 esse
407 786 498 836 finitum
512 788 577 839 finito
584 826 592 852 ,
607 802 682 854 neque
692 791 762 842 etism
773 793 874 844 infinito.

66 855 91 903 st
102 855 135 905 ita
147 854 243 905 infinita
262 868 309 905 non
327 859 382 905 sunt
395 856 460 906 finite
476 857 579 909 seientiae
597 860 651 923 Dei,
665 876 717 925 quo
730 870 765 913 est
778 864 875 915 infinita.

96 930 118 975 3.
130 927 267 988 Praeterea,
282 926 380 977 seientia
390 928 433 977 itei
443 931 478 977 est
488 942 595 979 mensure
607 931 722 982 scitorum.
738 934 784 985 Sed
796 938 876 985 nonin

67 997 176 1047 rationem
190 996 280 1046 infiniti
293 1000 330 1045 est
343 996 405 1060 quoti
418 999 448 1048 sit
460 1005 617 1051 mensuratum
636 1018 641 1050 :
657 1016 712 1067 ergo
728 1005 818 1057 iniiuila
830 1020 876 1057 non

69 1072 162 1128 possunt
173 1067 229 1118 seiri
242 1067 257 1117 ir
272 1068 330 1118 ileo.

99 1139 143 1187 Sed
154 1145 232 1190 eontra
246 1142 299 1201 est,
319 1141 381 1202 quod
394 1140 449 1191 dicit
465 1144 605 1206 Augustinus
618 1145 750 1197 duodecimo
761 1151 788 1199 rie
802 1151 872 1200 Glut-

70 1211 172 1259 toteoei
179 1213 218 1275 (ιιι
227 1210 312 1274 supra)
325 1226 331 1259 ι
343 1228 357 1259 u
367 1212 474 1270 Quamvis
482 1212 626 1265 infinitorum
639 1230 784 1269 numerorum
795 1222 871 1274 nuilus

67 1279 95 1329 sil
103 1294 220 1346 numerus,
230 1295 280 1331 non
288 1284 367 1331 tumen
375 1282 656 1347 estineornprehensibilis
664 1286 695 1349 ei,
704 1290 876 1352 cujussoientin

67 1366 111 1402 oon
124 1358 160 1404 ost
172 1366 286 1403 numerus
300 1352 346 1417 (Ξ).
359 1369 373 1398 n

93 1422 355 1488 (cunctosin—Cium
370 1425 429 1473 Deus
445 1426 502 1474 suist
515 1426 593 1476 omnia
609 1441 660 1490 qun
674 1431 727 1479 sunt
739 1428 764 1479 in
783 1433 836 1480 solu
850 1436 873 1483 et

64 1495 86 1543 iu
103 1495 226 1559 potentia,
248 1498 298 1545 turn
317 1508 358 1544 sua
378 1508 446 1557 ιιιιιιιι
462 1500 588 1561 creature,
607 1498 665 1548 snite
684 1498 787 1564 infinita,
807 1501 875 1553 elisur

63 1567 277 1630 scientissimis,
291 1567 445 1617 necessarium
456 1567 511 1632 est.)

93 1638 234 1703 Respondeo
247 1638 387 1701 uiuendum,
403 1637 463 1702 quid
476 1639 528 1689 oirnr
544 1642 604 1691 oeus
617 1641 673 1692 seiat
688 1654 735 1693 non
755 1642 827 1695 sotum
847 1658 874 1697 ea

65 1725 113 1772 quae
125 1714 183 1761 sunt
194 1713 259 1771 notu,
273 1709 315 1758 sed
326 1709 396 1758 etiam
407 1721 435 1759 es
445 1723 496 1772 quae
511 1714 564 1759 sunt
574 1711 598 1761 in
608 1712 709 1775 poteolis
719 1715 757 1764 vel
770 1729 826 1779 sua,
837 1719 874 1767 uei

64 1784 188 1843 creature,
209 1783 237 1829 ut
250 1781 369 1829 ostensum
381 1783 431 1840 ost,
449 1781 498 1830 hou
511 1786 587 1831 autem
602 1786 691 1833 constat
705 1797 754 1835 esse
769 1784 872 1855 infinita,

65 1864 154 1902 suscense
168 1854 206 1902 ost
223 1850 317 1913 disere,
336 1849 399 1915 quod
414 1852 474 1900 oeus
489 1852 546 1902 suist
563 1852 660 1905 ininits.

96 1970 127 2031 (i)
141 1972 218 2017 Priori
240 1970 335 2026 quidem
354 1971 407 2014 ioco
421 1977 532 2026 quantum
552 1971 580 2017 sd
594 1970 718 2029 inlinitum,
739 1974 778 2017 ubi
792 1972 873 2029 duplex

65 2033 225 2079 intransibile
237 2039 317 2084 notut;
334 2033 431 2076 aiterum
451 2034 512 2089 quod
533 2033 615 2078 nature
633 2032 673 2078 sul
688 2046 734 2078 non
748 2040 783 2078 est
797 2041 874 2091 sptunr

64 2096 167 2152 usnsiri,
184 2101 212 2139 ut
225 2108 286 2145 uox;
302 2096 402 2140 ultorum
411 2096 474 2150 quod
488 2098 576 2141 absolsi
589 2108 634 2140 non
649 2101 725 2152 potest
739 2107 784 2141 non
798 2102 873 2142 truns-

64 2159 146 2215 eundo,
161 2165 190 2203 ut
200 2157 325 2205 infinitum.
344 2157 468 2201 Posteriori
482 2165 558 2203 sutem
572 2160 623 2202 ioco
638 2158 731 2213 :quossi
744 2156 841 2205 finitum.

94 2228 126 2289 (ἰ)
137 2231 185 2276 Vei
199 2230 274 2286 cujus
284 2228 451 2285 intelliqentio
463 2241 513 2272 nuru
524 2234 557 2275 est
566 2240 695 2279 numerus,
704 2235 729 2275 ιιι
742 2236 778 2275 est
790 2231 815 2275 in
826 2232 874 2277 An-

64 2300 147 2350 nustini
160 2305 242 2355 textu,
256 2298 408 2343 conformiter
419 2298 447 2342 ud
456 2312 553 2355 gressum
569 2294 681 2349 συνέσεως
698 2300 763 2346 psal,
777 2304 872 2348 (lxm,

66 2363 106 2406 Seri
119 2363 145 2407 in
163 2362 282 2419 anqotn,
291 2372 352 2405 vers.
365 2361 380 2405 5
394 2378 399 2403 :
412 2360 545 2418 Sapientis
560 2363 614 2418 ojus
625 2374 675 2408 oon
687 2368 721 2410 'etl
737 2374 871 2411 neomutus:

65 2426 124 2478 qnod
138 2426 279 2471 adsensum
298 2424 414 2469 intentum
426 2436 507 2481 purum
517 2425 601 2477 reiert;
620 2425 671 2471 olum
682 2433 707 2471 ot
717 2428 831 2483 sapientis
844 2428 874 2473 sit

67 2488 177 2533 uilissima
188 2486 299 2543 scientia,
312 2491 336 2531 et
346 2487 371 2530 in
384 2485 423 2531 ilie
434 2486 521 2531 dicutur
532 2500 584 2533 esse
591 2489 696 2544 spiritus
705 2490 876 2547 intelllyenlr'en

68 2550 214 2608 multiplex,
226 2548 431 2607 eto.‚Sop.,V11‚
443 2560 505 2594 vers.
515 2550 556 2594 tn.
570 2549 630 2597 nidi
639 2551 710 2596 etiarn
724 2558 800 2607 potest
811 2553 872 2609 quoi

67 2611 124 2659 idem
138 2612 288 2670 Augustinus
298 2610 340 2659 lin.
350 2614 387 2669 11,
400 2611 429 2656 de
441 2610 515 2656 Ciou't.
528 2612 583 2662 Dei,
596 2622 648 2669 esp.
664 2611 702 2672 10,
714 2613 742 2659 de
755 2614 870 2671 Supiontls

68 2676 104 2719 oei
112 2677 216 2732 loquens
228 2674 279 2719 sit:
292 2673 323 2718 In
335 2674 383 2718 illo
394 2678 452 2718 ιιιιιι
461 2675 574 2719 immotus·
585 2676 685 2731 quidone
697 2679 766 2733 olous
777 2676 874 2734 infiniti

68 2737 174 2783 thesaure·
188 2748 281 2782 rernm
295 2736 506 2794 intelliqlbilism,
527 2740 570 2781 ele.
589 2738 647 2783 Ilenr
666 2738 728 2795 quod
743 2738 833 2785 Boules.
849 2739 871 2780 1:

70 2802 141 2845 mle
154 2812 278 2849 arenam,
289 2799 385 2855 pluvio
395 2803 490 2857 nullan.
501 2798 552 2845 dies
566 2799 651 2845 sonuli
665 2800 824 2845 dinumerare
840 2798 874 2841 oi-

69 2860 124 2906 citu
137 2864 215 2916 noim
235 2867 262 2908 ot
278 2860 418 2907 laciniosi.
438 2862 511 2907 xxm
524 2878 530 2903 ι
546 2861 620 2906 eorda
632 2862 761 2907 nominum
772 2863 800 2907 in
824 2858 874 2903 nle-
892 2915 896 2922 .

70 2924 174 2971 rosdon
188 2928 277 2984 paries
289 2924 402 2973 nturi,
416 2924 465 2969 sius
477 2924 645 2972 occultissimus
658 2936 762 2981 quosque
785 2926 872 2968 motus,

69 2988 127 3039 ’μοι
140 2994 176 3033 est
188 2993 272 3044 utique
286 2986 374 3033 infinito
385 2986 511 3044 singuulnrin
521 2998 670 3044 cognoscere.
