1992 3342
128 194 174 241 tte
320 200 381 237 rans
396 196 417 246 1,
435 194 527 241 oussn.
546 192 596 245 ml,
615 193 671 233 ano.
689 196 732 234 vu.

127 280 199 331 latet
210 277 331 327 ueritatem
347 273 368 323 si
386 272 498 322 celeratur
516 272 545 321 ad
565 271 658 321 modum
671 270 705 321 rei
718 270 857 333 intellecto,
874 270 930 335 quia

128 350 265 414 quicumque
275 344 384 407 intelligit
395 356 444 393 rom
457 356 508 393 esse
524 343 591 393 aliter
603 342 672 406 quim
681 341 724 405 sit,
738 354 785 393 non
795 340 850 392 vere
861 342 930 393 intel·

127 420 199 484 ligit:
219 430 266 466 non
283 418 360 465 antem
377 414 398 463 si
414 414 527 463 celeratur
545 414 574 463 ad
592 414 683 463 modum
698 412 859 475 intelligendi,
878 413 931 477 quia

128 489 258 551 intelligere
267 486 335 536 nnius
345 488 381 536 em
392 483 517 548 perfectius
528 483 597 547 quim
611 484 739 547 intelligere
750 483 856 534 alterius„

160 560 195 609 11
208 558 302 609 tertium
315 556 437 607 meandum
443 592 452 619 ,
468 554 531 619 qnod
544 555 663 605 distentas
678 554 771 606 nolendi
784 566 832 605 non
848 555 892 608 erit
905 568 933 606 ex

130 634 194 694 parte
215 629 313 691 objecti,
329 627 382 691 quia
400 626 461 677 idem
476 627 597 690 ‘objectum
618 626 723 676 omnibns
745 626 933 690 praesentabitur,

130 700 218 751 scilicet
231 700 272 752 ilci
282 699 395 759 essentia,
410 712 452 747 noc
464 711 494 747 ex
505 697 594 747 mucosa
605 696 778 761 participatione
790 698 878 760 objecti
895 712 935 761 per

131 772 264 822 differentes
273 768 448 831 mmilitudines3
463 769 504 819 sed
515 768 559 818 enit
571 782 613 831 pen
627 768 741 818 diuersam
752 768 887 819 facultatem
900 769 935 817 in-

132 843 237 895 tellectus
246 842 394 905 nonquitcm
402 840 543 903 naturalem,
555 840 596 891 sed
605 840 741 903 gloriosam,
754 844 779 891 ut
790 838 877 891 (lictum
891 844 934 891 est.

423 990 581 1042 ARTIGULUS
596 990 646 1039 vll.

137 1119 224 1163 Utrum
232 1118 337 1163 videntes
346 1119 425 1163 Deum
437 1130 479 1174 per
494 1116 628 1171 essentiam,
639 1116 717 1171 ipsum
729 1117 939 1173 comprehendant.

165 1243 202 1297 Act
210 1244 333 1308 septimum
342 1242 375 1294 sic
382 1242 512 1307 proceditur
522 1240 565 1308 (t).
575 1242 670 1293 Videtur
679 1242 740 1307 qotd
747 1244 852 1295 ndentes
866 1246 940 1297 Deum

134 1329 177 1380 per
191 1316 330 1378 essentiam,
346 1315 421 1379 ipsum
437 1315 641 1378 comprehendant.
653 1314 713 1364 Dicit
728 1314 789 1365 enim
804 1316 940 1380 Apostolus,

135 1386 214 1452 Post,
228 1388 279 1437 llt:
296 1403 310 1435 o
328 1386 414 1450 Sequor
430 1389 508 1435 autem
526 1384 606 1448 siquo
624 1386 692 1436 modo
712 1386 914 1449 eomprehendam.
927 1404 941 1435 u

136 1457 187 1509 Non
206 1462 283 1509 autem
307 1456 390 1507 frustra
408 1457 560 1521 sequebatur,
579 1454 635 1505 otctt
648 1456 711 1507 enim
723 1456 795 1521 ipset
812 1463 869 1507 coc.
886 1459 941 1508 lx:

138 1529 198 1580 «Sic
211 1542 276 1579 cunno
287 1540 334 1577 non
345 1528 410 1590 quasi
420 1528 444 1577 in
456 1528 577 1579 incertum.
592 1542 605 1573 u
617 1526 676 1590 Engo
688 1528 736 1592 ipse
751 1529 941 1593 comprehendit,

137 1599 252 1649 eteoclem
261 1597 349 1647 ratione
360 1597 409 1665 alii,
419 1608 476 1662 qnos
484 1600 514 1649 ad
524 1600 568 1649 hoo
581 1597 664 1649 invitat
677 1598 772 1651 dicens:
789 1599 848 1649 «Sic
857 1600 944 1651 cnrmte

139 1668 400 1732 utcomprehendatis.»

169 1744 193 1789 Ξ.
202 1736 325 1801 Praetenea,
333 1743 359 1789 ut
366 1738 639 1802 oicitlugustiousiotio.
648 1740 680 1789 de
690 1740 800 1791 videndo
806 1741 891 1790 Deum
898 1742 933 1807 (2)
936 1780 945 1807 ,

137 1811 167 1861 od
177 1810 297 1860 Paulinam
306 1825 312 1858 z
320 1828 334 1857 ιι
341 1811 400 1860 illud
408 1810 623 1875 comprehenditur,
636 1811 696 1875 quod
708 1811 742 1861 ita
754 1814 827 1875 totum
840 1811 944 1877 videtum,

139 1883 164 1931 nt
179 1879 237 1931 nihil
256 1880 307 1944 ejus
324 1880 395 1930 lateat
412 1880 566 1931 videntem-u
581 1883 625 1932 Sed
643 1880 663 1931 si
679 1884 739 1933 Dens
759 1896 799 1946 per
819 1884 946 1945 ementium

138 1951 238 2015 videtur,
252 1954 314 2002 totns
327 1950 426 2018 uidetur,
441 1957 465 2002 et
478 1952 535 2002 nihil
550 1953 600 2018 ejus
612 1954 669 2003 latet
680 1952 805 2015 videntem,
818 1968 870 2005 oum
884 1956 947 2006 neus
991 1924 992 2003 l

138 2022 167 2072 sit
184 2021 289 2087 simplex.
306 2024 365 2087 Ergo
380 2020 394 2073 t
407 2037 541 2089 quocunque
554 2022 644 2075 uidetur
662 2038 704 2098 per
721 2024 860 2093 essentiam,
883 2039 946 2089 eom-

140 2095 298 2157 prehenditur.

134 2158 336 2229 mea,
352 2164 372 2216 si
389 2164 477 2217 dicatur
494 2164 555 2230 quod
570 2167 659 2217 uidetur
677 2171 752 2232 totus,
767 2168 807 2219 sed
825 2181 873 2220 non
887 2172 948 2220 tota-

140 2235 206 2298 liter,
218 2239 297 2286 contm
310 2252 316 2285 :
331 2238 431 2287 totaliter
441 2240 478 2289 vel
494 2238 549 2289 dicit
563 2240 655 2289 modum
665 2239 779 2305 videntis,
796 2241 834 2290 vel
851 2242 948 2293 modom

140 2305 175 2354 rei
185 2306 247 2357 visae.
260 2306 306 2356 Sed
320 2306 360 2357 ille
374 2307 415 2372 qui
429 2309 491 2359 videt
509 2310 581 2359 licum
594 2322 635 2373 pen
648 2309 787 2373 essentiam,
807 2310 873 2360 uidet
893 2324 948 2362 eum

142 2375 250 2438 tatemer,
265 2377 285 2427 si
299 2376 440 2440 significetur
453 2380 533 2431 modus
544 2380 578 2431 rei
591 2380 659 2443 vise,
671 2380 724 2445 quia
736 2380 800 2432 uidet
813 2395 868 2433 cum
879 2382 950 2433 sicuti

141 2450 190 2509 est,
203 2450 230 2497 ut
240 2446 325 2497 dictum
336 2453 380 2500 est.
393 2450 502 2501 Similiter
512 2452 575 2503 uidet
586 2466 639 2503 cum
651 2453 760 2515 totaliter,
772 2452 792 2503 si
802 2453 948 2516 significetcu·
980 2488 992 2545 ¹,

174 2563 206 2625 (l)
216 2569 250 2611 lle
264 2568 300 2612 luis
313 2569 383 2613 ctiam
392 2571 435 2625 lv,
445 2570 523 2621 stoc,
534 2570 588 2617 dist.
601 2570 641 2631 ta,
657 2584 697 2627 qn.
707 2570 731 2631 1,
744 2576 787 2617 ant.
798 2570 822 2626 33
835 2579 861 2619 ct
876 2572 948 2619 Goot.

143 2628 225 2678 Geni„
236 2629 278 2675 lib.
294 2630 318 2690 3,
332 2643 384 2687 cap.
397 2631 437 2675 53.

174 2695 206 2757 (ἢ)
218 2701 263 2744 scu
275 2701 345 2757 optet.
360 2700 415 2761 112,
429 2714 481 2758 qnae
490 2704 523 2748 oh
536 2712 602 2747 suam
617 2714 633 2761 p
671 2704 676 2715 ‘
694 2704 699 2714 ¹
788 2703 853 2751 litor
866 2708 950 2763 appel·

141 2762 209 2805 tatur.
223 2764 301 2808 Habet
313 2770 399 2820 autem,
410 2775 464 2820 cap.
478 2764 502 2823 9,
524 2762 562 2809 hic
575 2772 630 2813 nota
661 2768 764 2825 ;quibus
775 2770 876 2825 opponit
891 2770 950 2815 illud
991 2764 992 2825 1

140 2822 275 2878 simpliciter
287 2826 359 2871 uideri
372 2827 436 2883 quod
444 2838 552 2883 precem
565 2832 694 2887 utcumque
707 2830 830 2883 sentitur,
843 2839 870 2879 ut
885 2844 946 2889 prus·
991 2828 992 2895 ξ

141 2885 212 2931 mittit
222 2887 322 2949 ibidem,
336 2895 359 2933 et
372 2889 554 2947 subjungitque
568 2891 596 2935 ud
610 2892 633 2937 2.
647 2892 792 2940 referentur..
