1992 3342
160 208 206 256 tre
359 220 419 257 anns
435 221 457 270 r,
473 218 566 265 onear.
581 218 651 271 xxvi,
670 218 725 257 ann.
742 221 760 257 ι.

160 304 204 353 ¹¹⁸⁰
220 308 286 368 lm
295 318 342 356 ¹¹0ss
353 308 429 369 potest
444 304 529 372 aliquid
540 306 589 356 lteri
602 304 684 357 melius
694 305 728 357 eis
734 344 743 371 ,
756 305 813 357 sicut
822 314 865 355 non
873 298 930 367 potest

162 375 248 440 abnuit
258 377 339 427 melius
350 391 400 428 esse
411 379 467 429 lieo.

428 644 574 717 QUAESTIO
593 646 692 712 XXVI,

206 805 240 852 De
253 806 342 852 diotre
353 805 517 859 beatitudine,
531 810 560 854 iet
574 812 680 867 quotuor
693 806 815 853 articulos
825 804 905 851 diuiso.

194 956 279 1007 ltltimd
299 960 374 1008 autem
387 963 438 1023 post
456 958 661 1009 considerationem
678 966 757 1009 eorum
769 972 821 1023 quae
834 956 860 1007 ad
878 950 936 1004 liniue

163 1028 267 1078 essentia
289 1030 402 1079 unitatem
421 1030 551 1095 pertinent,
574 1030 764 1081 considerandum
784 1034 820 1081 est
838 1029 864 1079 de
881 1022 935 1075 duna

162 1098 313 1151 heatitudine.

195 1172 223 1219 lit
240 1171 301 1222 circa
314 1174 359 1223 hoe
376 1178 507 1238 queruntur
525 1177 630 1239 quatuor.
646 1178 673 1224 l⁰
687 1172 767 1225 Utrirm
780 1170 891 1225 beatitudo
909 1167 937 1215 bu

163 1246 285 1306 competat.
298 1249 325 1293 2⁰
338 1245 468 1295 Secundini
481 1244 535 1309 quid
547 1244 628 1296 dicitur
644 1245 704 1295 Deus
718 1258 767 1295 esse
781 1246 875 1307 beatus,
886 1236 940 1315 attint

162 1315 287 1365 secundum
311 1320 386 1366 actum
410 1316 549 1367 intellectis.
573 1320 598 1365 3⁰
621 1316 702 1367 Uirium
719 1316 779 1381 ‘ipse
807 1317 838 1368 sit
857 1314 940 1388 essenti

164 1386 215 1436 liter
227 1388 343 1439 beatitudo
357 1389 479 1453 cujuslibet
494 1390 567 1440 beati.
578 1393 604 1439 4⁰
620 1389 700 1441 Utrdna
715 1388 740 1439 in
754 1389 807 1453 ejus
826 1383 939 1439 uuirdon

164 1459 239 1510 omnis
251 1460 368 1512 beatitudo
381 1461 518 1512 includatur.

470 1600 627 1652 annicetus
642 1600 661 1651 l.

360 1724 446 1770 Uirium
456 1725 577 1770 beatitudo
586 1726 637 1771 Deo
646 1728 769 1781 mpetu.

198 1842 340 1907 ltprimum
353 1841 387 1893 sio
399 1843 529 1907 proceditur
544 1842 697 1909 (lt-Videtur
709 1844 771 1908 qnabd
791 1842 904 1897 beatitudo
918 1839 949 1887 llll

168 1928 214 1966 non
228 1915 357 1965 conveniat.
370 1914 489 1966 Beatitudo
507 1916 569 1965 enim
583 1915 709 1966 secundinus
722 1916 830 1967 Boetium
843 1916 868 1965 in
879 1913 914 1973 lll,
926 1909 945 1956 ll

167 1986 257 2037 conset.
268 1986 396 2053 (prosali),
410 1990 471 2037 est«
484 1990 557 2038 status
568 1986 669 2037 omniun
682 1987 796 2039 bonorum
811 1982 950 2053 aggregabit

168 2059 292 2123 perlectus.
303 2059 373 2108 »Sed
385 2059 516 2121 aggregatio
526 2059 638 2109 bonorum
647 2058 772 2109 nonhabet
784 2060 862 2111 locum
874 2059 898 2107 iu
907 2058 950 2104 beo·

166 2130 225 2182 sicut
236 2145 279 2182 nec
291 2129 424 2195 conpositio
438 2146 443 2179 :
456 2144 511 2193 ergo
525 2132 571 2181 lieo
585 2144 634 2181 non
647 2130 756 2180 convenit
765 2131 891 2181 beatitudo.

198 2208 222 2253 2.
232 2206 356 2262 Praeterea,
366 2202 484 2253 beatitudo
494 2201 542 2253 sive
559 2200 657 2252 tedcitas
675 2204 710 2252 est
725 2202 851 2265 praemiunn
869 2194 943 2252 virtutis

166 2275 292 2325 secundina
305 2274 470 2338 Philosophum
488 2273 514 2323 in
527 2274 537 2323 l
551 2273 610 2324 oet.
626 2274 671 2324 Sed
682 2272 715 2339 (t)
736 2274 784 2324 lieo
799 2290 849 2327 non
868 2268 946 2324 conveni

167 2347 300 2411 preamium,
311 2346 369 2398 sicut
383 2360 426 2396 nec
441 2345 548 2396 meritum
561 2361 566 2394 ι
581 2358 635 2409 ergo
649 2359 692 2395 neo
703 2345 833 2397 beatitudo.

199 2418 244 2467 Sed
263 2423 342 2469 contra
365 2422 416 2482 cst,
435 2418 495 2483 quod
518 2416 572 2467 dicit
589 2418 709 2481 Apostolus
724 2418 735 2466 l
752 2418 788 2468 ud
808 2420 887 2475 Tiro„
907 2415 938 2463 ull.

167 2566 319 2612 extrinsecam
337 2572 361 2611 et
379 2565 561 2612 habitudinalem
579 2564 686 2618 tantdm;
706 2576 733 2610 ac
750 2572 880 2623 propterea
893 2574 939 2611 seen

168 2630 221 2675 dum
237 2630 306 2686 qnid3
322 2630 362 2674 sed
380 2630 480 2673 nobilius
498 2642 545 2685 pree
563 2629 652 2673 caeteris
666 2630 692 2673 Β.
709 2628 792 2687 Virgo.

201 2698 231 2762 (1)
246 2704 279 2747 Ite
293 2702 328 2746 bis
345 2702 414 2747 etiarn
428 2700 501 2759 intra,
522 2706 605 2757 quaest.
626 2699 673 2757 tl,
695 2706 738 2745 art.
757 2700 789 2755 l;
805 2707 831 2746 et
848 2702 883 2760 11,
898 2697 945 2743 Seni

167 2766 221 2810 dist.
235 2764 258 2824 1,
271 2771 353 2821 quaest.
365 2766 395 2824 2,
410 2770 453 2809 art.
467 2764 495 2820 a,
509 2762 575 2817 adt;
596 2769 618 2807 ot
629 2764 682 2808 dist.
699 2762 737 2822 15,
753 2770 840 2821 qnaest.
856 2764 880 2824 3,
897 2763 949 2808 art'·

142 2829 144 2834 '
170 2828 199 2873 ad
210 2827 223 2872 1
234 2845 240 2880 ς
253 2834 277 2872 et
289 2828 357 2873 Ceut.
370 2829 451 2876 Geni„
465 2826 507 2871 lib.
519 2828 538 2881 Ι,
555 2838 606 2883 cap.
621 2826 665 2870 loo
677 2831 700 2872 et
713 2826 769 2871 101.

203 2896 234 2959 tt)
250 2901 280 2943 nt
290 2910 342 2954 cap.
356 2897 395 2954 to,
406 2897 542 2954 granolet,
553 2898 632 2943 videre
644 2903 692 2959 est,
708 2897 744 2945 vel
759 2911 814 2957 eap.
830 2898 872 2961 nt,
884 2901 948 2945 inunt

153 2966 156 2973 '
171 2963 235 3020 quis,
248 2965 272 3005 et
281 2960 340 3017 apud
352 2963 375 3006 S.
389 2958 492 3020 nnuma,
505 2960 561 3006 lect.
572 2959 611 3006 tt.
