1992 3342
111 185 157 236 tto
313 193 375 234 rm
390 195 412 244 ι,
429 195 523 240 uum.
539 194 584 245 ιι,
600 193 656 232 uun.
666 195 702 232 uu.

111 272 142 326 m't
154 271 324 338 urmetoiunu
333 269 443 336 quotibet.
456 272 487 322 Et
498 273 542 324 hoo
556 275 653 336 spumet
663 270 689 322 iu
702 270 801 322 homine
810 276 919 338 qutun

111 343 142 396 ud
160 344 299 396 intellectum
315 347 340 394 et
357 346 469 407 quintum
488 343 519 395 mi
537 343 687 395 solmon.
705 343 843 395 Intellectum
857 345 918 396 enim

111 415 230 480 munuum
244 415 358 481 urrunnu
374 415 521 480 uutmrlite13
534 419 559 466 et
569 427 599 466 ex
610 416 655 466 imo
665 414 802 479 eognitiune
815 421 920 468 eunome

111 489 239 542 innomine
250 488 346 540 smenon
356 488 602 552 conclusionumque
610 501 657 539 uon
668 491 842 551 eognosunutur
854 492 918 539 nm·

111 561 188 614 rriiter
197 561 227 612 ub
235 562 337 622 homine,
348 562 388 612 sed
398 573 439 626 per
446 559 604 610 inventionem
615 560 654 610 uel
661 559 801 610 doetrinnm.
810 561 919 613 Similiter

111 638 188 685 eutem
201 633 226 683 in
238 632 363 693 voluntate,
377 632 429 683 fluis
442 633 486 684 roe
498 632 567 684 modo
580 645 606 685 se
621 631 691 682 hauet
704 632 769 682 sieut
779 631 919 696 principium

112 706 137 757 iu
151 705 282 769 intellectu,
297 711 323 756 ut
335 705 418 757 dicitur
430 701 455 754 in
468 705 498 756 11.
514 703 627 769 physio,
636 707 695 754 text
716 708 747 754 89
761 719 768 752 :
782 704 846 754 siout
857 704 919 755 enim

112 778 242 830 inteneous
259 779 375 841 rennuerit
395 777 506 842 omunia
521 777 667 837 numitor,
686 775 723 826 ste
738 776 851 826 uoluntas
871 777 920 826 uult

111 849 181 900 tinem
197 849 339 901 naturaiiter.
359 849 423 900 Unde
444 849 550 902 voluutas
569 846 703 900 naturaliter
715 848 793 898 tendit
808 847 835 898 in
853 863 919 900 suum

112 919 181 970 inem
189 918 294 970 ultimum
302 959 309 983 ,
318 919 675 972 omnioenimtromonaturuliter
683 919 917 984 nultbeatitudiuem;

112 993 175 1043 etex
187 992 231 1042 hoo
245 991 341 1044 naturali
353 993 468 1044 voluntate
482 994 606 1043 causantur
615 1004 695 1042 omues
708 991 760 1042 alie
774 993 918 1055 voluntates,

83 1088 87 1094 ,
112 1061 163 1114 uun
174 1063 280 1128 quioquid
290 1066 359 1116 homo
368 1066 432 1126 vuit,
442 1063 498 1116 vetit
507 1067 599 1131 propter
606 1063 673 1114 finem
682 1063 727 1130 (t).
737 1063 840 1114 Dilectio
850 1064 919 1128 igitm

112 1131 166 1186 ouri
186 1137 247 1200 quod
259 1137 327 1188 homo
340 1137 472 1187 naturaliter
486 1136 537 1186 uult
550 1135 609 1189 siout
621 1135 703 1200 tinem,
718 1139 755 1186 est
771 1135 867 1195 ditectio
879 1149 919 1186 uo·

112 1205 205 1270 tnrnlis3
218 1206 309 1258 ditectio
318 1211 393 1260 tutem
405 1208 434 1260 ab
441 1210 485 1263 huo
496 1208 669 1271 derivatu‘quae
680 1211 718 1258 est
726 1205 783 1258 boni
793 1207 858 1272 quod
868 1207 920 1258 diti·

112 1277 173 1341 gitur
183 1281 276 1343 propter
283 1279 366 1339 tinem,
377 1283 411 1331 est
422 1279 512 1331 dileetio
520 1279 625 1330 eteotim.
634 1281 683 1330 iloe
692 1282 771 1330 tumen
783 1279 920 1330 differenter

112 1363 137 1400 ee
150 1349 218 1400 habet
231 1364 259 1404 ex
273 1355 337 1416 perte
351 1351 482 1402 intellectis
500 1355 523 1402 et
536 1351 672 1412 uoluntatis3
686 1350 741 1416 quia
755 1349 837 1417 (siout
850 1349 919 1415 suuni

111 1421 198 1472 dietum
209 1421 260 1487 est)
269 1421 315 1488 (ti,
326 1423 426 1488 cognitio
437 1422 568 1475 intellectis
579 1423 606 1474 tt
618 1422 742 1476 seeundum
751 1421 816 1485 quou
828 1437 869 1473 res
880 1437 921 1474 oo

113 1494 183 1557 gnita
198 1493 290 1553 suntin
304 1498 470 1562 cognoscente3
482 1490 518 1546 est
529 1499 605 1546 autem
621 1508 651 1544 er
660 1493 836 1558 imperfectione
851 1495 921 1547 iutel-

111 1565 215 1616 leetuulis
226 1569 312 1618 nature
328 1565 353 1616 in
365 1567 474 1628 homine,
486 1565 547 1630 quod
562 1580 610 1618 uon
625 1565 701 1617 statim
718 1565 769 1630 ojus
784 1566 921 1618 intellectus

112 1636 243 1690 naturaiiter
258 1637 326 1688 hebet
336 1639 413 1688 omnia
423 1637 593 1704 intelligibilia,
605 1639 644 1688 sed
653 1637 758 1702 quedam
769 1636 784 1686 i
795 1638 882 1702 quibus
894 1639 920 1690 in

112 1708 156 1760 alie
169 1709 334 1772 quodammodo
347 1714 461 1761 movetur.
469 1709 516 1760 Sed
530 1714 595 1760 aetus
609 1709 740 1774 appositive
749 1707 847 1770 virtutis
858 1714 895 1760 est
905 1709 919 1760 e

112 1793 221 1831 oouueuso
234 1779 358 1833 seeundum
368 1781 470 1834 ordinem
485 1780 616 1849 appetentis
629 1781 657 1832 ad
671 1793 719 1845 res;
735 1793 835 1844 quorum
852 1797 918 1845 que-

113 1851 165 1903 dem
174 1855 230 1903 snut
240 1853 364 1905 secundum
373 1867 398 1904 se
406 1853 479 1917 boun,
489 1857 514 1904 et
523 1859 616 1917 propter
624 1865 649 1903 se
658 1851 803 1917 appetibilia3
812 1855 918 1916 quaeuun

112 1923 167 1975 uero
174 1925 259 1975 hubent
268 1923 378 1976 rationem
387 1924 493 1978 honitutis
504 1939 534 1976 en
541 1924 620 1976 ordine
630 1925 659 1974 ad
666 1923 741 1988 eliud,
751 1926 776 1974 et
785 1928 842 1974 sunt
852 1938 920 1993 eppe

63 2019 71 2038 ι
113 1993 184 2046 tihiiiu
197 2000 290 2062 propter
301 1996 368 2048 uliud.
380 1997 445 2048 Unde
456 2009 503 2046 uon
511 1998 584 2062 estex
592 1992 766 2060 imperfectione
775 1997 917 2060 appetentis,

114 2067 172 2128 urii
186 2067 270 2136 aliquid
286 2071 378 2134 appetat
393 2067 527 2123 naturaliter
539 2071 567 2117 ut
577 2067 659 2129 tinem,
674 2071 697 2118 et
707 2064 793 2132 aliquid
835 2068 918 2120 reiec-

112 2139 207 2204 tionem,
220 2144 245 2190 ut
253 2141 369 2192 ordiuntur
378 2141 404 2190 iu
418 2140 495 2191 inem.
508 2140 566 2200 Quia
577 2140 648 2204 igitur
658 2141 738 2188 natura
751 2138 800 2188 inte
818 2140 918 2190 eeturlis

113 2209 235 2275 irrogetis
247 2211 407 2278 perfecissem,
420 2209 567 2264 inueniturin
580 2211 614 2260 eis
624 2211 672 2260 sota
683 2209 782 2273 cognitio
795 2211 917 2276 naturalis,

114 2295 160 2333 nou
172 2285 247 2334 nutem
259 2284 431 2348 ratiocinativu3
447 2282 487 2336 sed
497 2283 612 2334 invenitur
622 2282 647 2332 in
661 2281 695 2331 eis
708 2281 800 2332 dileetio
815 2287 840 2331 et
852 2286 919 2334 natu-

113 2354 166 2404 ralis
181 2358 204 2404 et
218 2355 321 2406 elective.
337 2357 391 2406 Heu
403 2360 479 2406 autem
493 2353 555 2408 dictu
570 2357 624 2404 suut
634 2353 795 2417 pretermissis
813 2353 852 2403 his
866 2367 918 2418 quse

114 2437 182 2488 supro
193 2429 296 2476 naturum
312 2429 365 2476 eunt
379 2441 385 2475 :
402 2427 484 2490 hurum
497 2427 560 2477 enim
571 2429 653 2476 nntoru
668 2436 714 2474 non
727 2426 764 2474 est
777 2423 917 2489 principium

114 2495 244 2560 sufficieus3
257 2498 284 2547 de
295 2497 331 2548 tuis
342 2501 418 2547 autem
431 2495 491 2546 iniri
501 2494 590 2547 dicetur
604 2497 653 2564 (qu.
665 2495 714 2560 εὶ).

145 2567 179 2618 id
190 2568 286 2633 primum
299 2581 353 2634 ergo
363 2569 483 2619 dicendum
489 2605 497 2632 ,
506 2567 566 2632 quod
576 2581 621 2619 nou
632 2568 708 2618 omnis
719 2567 810 2618 dileetio
821 2568 917 2623 electiva

114 2808 124 2847 t
148 2739 227 2852 (ἑὲιῦι
243 2753 271 2786 ex
284 2741 389 2798 professo
404 2740 427 2800 1,
440 2741 470 2802 i,
488 2754 528 2800 qu.
540 2740 570 2801 1,
585 2746 630 2787 ert.
647 2740 701 2787 tet
711 2742 865 2798 sequentibus
875 2755 915 2789 os·

125 2817 154 2850 eu
192 2817 228 2848 ut.

145 2871 177 2932 (u)
191 2876 233 2929 ou.
244 2871 283 2931 uu,
292 2878 334 2943 gn.
347 2873 370 2930 t,
384 2874 438 2922 uun
449 2849 804 2934 sternumentum
815 2876 915 2934 mrum

113 2935 187 2980 saneti
201 2939 318 2994 generatio
331 2947 378 2980 non
387 2937 484 2984 dicutur.
