1992 3342
331 317 363 351 ur
390 315 453 352 nouo
467 315 491 352 ru
507 316 623 352 conatur.
849 301 880 348 :tl

103 391 241 455 despondeo
248 391 372 442 dicendum
378 429 387 457 ,
400 389 462 456 quod
472 392 524 443 ltac
535 391 618 444 dir'nio
626 390 719 457 proprie
726 392 880 441 videturesse

72 461 124 512 boni
144 462 251 516 humani.
267 463 468 514 stemmatum
483 469 509 514 et
527 463 673 514 communius
691 462 804 514 rationem
824 463 880 514 toni

71 533 258 597 consideremus,
273 533 392 585 invenitor
405 535 457 584 lieo
471 534 553 586 divisio
564 532 654 600 proprii
665 537 795 599 competere
807 535 879 598 bono,

72 606 196 655 secundum
212 605 275 668 quod
285 606 372 656 bonum
388 609 431 656 est.
445 607 503 656 Nam
516 606 602 656 bouum
613 609 648 657 oct
660 604 755 670 aliquid,
769 605 794 654 in
807 618 882 669 quan-

74 679 122 724 turn
131 682 166 728 cet
174 675 311 742 appetibile,
321 681 345 727 et
353 677 469 728 terminus
479 681 556 728 motus
569 678 683 743 appetitae
692 693 698 726 :
706 677 774 740 cnjrre
787 676 879 741 quidem

75 749 149 798 metue
163 747 297 799 terminatio
318 748 460 800 considerari
474 751 551 814 poten
566 763 596 800 ex
610 748 791 800 consideratione
804 752 881 800 motuu

73 817 175 881 corporis
186 819 305 870 naturalis.
319 820 466 870 'terminatur
480 824 559 870 autern
570 825 646 871 motans
658 820 761 884 corporis
770 819 881 870 naturalia

69 888 205 954 simpliciter
224 891 320 954 quidem
337 895 366 942 ad
379 891 501 955 ultimum,
515 893 643 942 secundum
652 892 707 955 quid
717 895 793 943 autern
807 891 879 942 etiem

70 961 221 1025 rumellum,
232 975 274 1025 per
288 961 349 1025 quod
357 962 405 1012 itur
417 963 448 1012 ad
457 962 566 1012 ultimum
578 965 639 1026 quod
647 963 755 1013 terminat
770 965 878 1025 motum

68 1035 92 1080 et
108 1032 196 1082 dicitur
214 1032 307 1096 aliquid-
320 1033 434 1084 terminus
447 1036 536 1096 mous,
548 1033 573 1083 in
585 1037 696 1097 uranium
713 1035 814 1098 aliquam
825 1047 880 1098 par·

68 1108 114 1154 tem
128 1108 207 1155 motus
223 1105 342 1155 terminat.
358 1104 383 1155 ld
396 1109 473 1156 aunem
484 1106 543 1168 quod
556 1109 591 1156 eet
602 1105 696 1156 ultimus
706 1106 818 1157 terminus
830 1119 880 1156 ruo·

69 1178 115 1236 tm,
124 1179 202 1239 potent
211 1175 289 1240 accipi
302 1176 425 1240 dupliciter
437 1175 480 1241 (l),
494 1178 532 1227 vel
541 1176 591 1241 ipsa
602 1191 640 1227 ree
651 1177 677 1226 in
687 1191 756 1240 quarn
767 1176 879 1239 tenditur,

70 1249 146 1308 utpote
159 1247 239 1310 lucus,
250 1248 289 1296 vel
303 1247 391 1310 lorma,
401 1249 439 1297 uel
452 1248 517 1311 quiec
527 1248 553 1296 in
563 1262 588 1298 re
600 1248 648 1297 illa.
663 1248 703 1297 Sic
713 1261 769 1310 ergo
781 1248 879 1297 inmoto

69 1316 200 1380 oppetitae,
217 1317 241 1367 id
263 1319 326 1380 quod
343 1320 379 1367 est
390 1317 514 1382 appetibile
526 1319 653 1368 terminans
665 1322 753 1368 motuni
765 1318 880 1382 appetitui

67 1390 194 1438 secundum
208 1388 280 1452 quid,
293 1392 319 1438 ut
333 1389 435 1438 medium
449 1403 490 1456 per
509 1390 570 1452 quod
589 1389 691 1439 tenditur
707 1389 734 1437 in
747 1388 823 1451 aliud,
838 1401 884 1439 ro·

66 1463 131 1510 catur
150 1460 217 1510 utile.
236 1459 264 1510 td
277 1463 356 1510 autem
373 1460 434 1523 quod
452 1460 567 1525 appetitur
586 1462 614 1509 ut
629 1459 737 1508 ultimum
754 1459 881 1520 terminans

66 1531 165 1582 muner
187 1535 280 1582 motum
300 1532 416 1596 appetitus
431 1531 493 1582 sicut
506 1534 611 1595 quaedam
624 1544 662 1581 ree
679 1531 704 1579 in
718 1544 788 1594 quam
798 1543 841 1596 per
853 1544 885 1581 ae·

69 1604 180 1664 appetitus
196 1603 293 1666 terruit,
311 1607 408 1654 uocatur
427 1605 564 1666 maestum,
586 1603 640 1667 pria
656 1604 778 1663 honestum
794 1602 885 1653 dicitur

68 1674 129 1734 quud
146 1688 185 1738 per
209 1688 235 1725 ce
259 1675 409 1724 desideratur.
433 1676 458 1724 Ill
481 1681 557 1726 antem
579 1675 640 1738 quod
660 1674 769 1726 terminat
790 1678 878 1724 motum

67 1744 195 1809 ammius,
213 1751 241 1796 ul
261 1746 328 1809 quies
342 1746 368 1795 in
385 1759 410 1796 re
425 1747 570 1811 desiderata,
581 1751 616 1798 est
627 1747 770 1798 delectabile.

96 1816 249 1880 ltprimum
268 1829 324 1880 ergo
340 1817 552 1884 dicendum,un
570 1819 656 1868 bonum
674 1819 701 1868 in
719 1822 829 1882 quantum
842 1821 878 1867 est

66 1885 125 1936 idern
136 1889 243 1952 subjecto
256 1901 311 1937 cum
322 1892 391 1952 ento,
406 1889 515 1938 dividitur
530 1903 572 1953 per
582 1890 663 1941 decem
677 1890 855 1954 predicamenta
868 1905 875 1951 3

65 1960 105 2010 ted
118 1961 249 2010 meandum
262 1961 381 2024 propriam
395 1959 509 2010 ratlouem
519 1962 630 2024 competit
642 1960 687 2012 siti
696 1961 741 2012 lau
751 1960 842 2012 divisio.

97 2033 133 2082 ld
142 2034 273 2082 meandum
284 2031 420 2095 dicendum,
431 2029 492 2094 quiid
503 2033 555 2082 lieo
564 2032 646 2082 divisio
656 2046 702 2083 uon
713 2036 748 2082 eat
756 2045 798 2095 per
808 2045 886 2096 oppo-

65 2101 120 2154 sitas
128 2117 176 2167 res,
186 2104 231 2154 scd
245 2117 289 2168 per
299 2103 417 2167 oppositas
426 2102 535 2154 rationes.
544 2104 656 2154 Dicuntur
663 2103 728 2154 enim
739 2103 779 2152 illa
786 2102 880 2167 proprie

64 2173 285 2238 delectabiliaque
295 2175 383 2224 nullam
395 2175 483 2224 habent
492 2175 561 2224 aliam
569 2175 684 2226 rationem
694 2174 876 2238 appetibilium,

64 2243 108 2293 nisi
117 2245 316 2308 delectationem,
328 2244 381 2294 oiim
396 2245 519 2308 aliquando
531 2246 579 2296 siut
591 2250 615 2296 et
627 2245 697 2296 noxia
709 2249 733 2294 et
744 2244 881 2296 inhonesta„

93 2315 162 2366 Utilia
178 2315 237 2367 read
251 2317 371 2380 dicuutur,
390 2329 442 2380 quaa
461 2317 608 2368 ueniebant
623 2317 650 2366 iu
664 2330 689 2366 se
709 2317 770 2366 unde
786 2316 876 2368 deside·

64 2391 149 2451 renen,
165 2390 208 2439 aed
222 2386 382 2438 desiderantur
395 2387 483 2449 solim,
501 2392 593 2439 uiuunt
605 2389 713 2438 ducentia
725 2388 751 2438 iu
763 2389 874 2452 alterum,

63 2457 121 2510 sicat
133 2459 238 2526 sumptio
252 2459 376 2511 medicine
388 2473 473 2510 amarae
487 2458 530 2525 (Ξ).

93 2632 124 2694 (l)
139 2635 168 2682 id
180 2639 236 2690 eut,
258 2635 296 2679 vel
314 2633 467 2678 materialiter
480 2639 504 2678 et
516 2640 628 2690 tauquam
639 2634 751 2678 terminus
760 2630 821 2690 ’μὴ
836 2633 874 2678 vel

64 2696 191 2744 tmoliter
205 2701 232 2741 et
246 2701 360 2752 tanquam
374 2695 487 2740 meminus
501 2709 547 2754 quo
557 2715 565 2740 .·
577 2697 644 2740 locus
665 2696 726 2740 enim
742 2696 779 2740 vel
800 2695 874 2740 torma

62 2759 189 2816 teepeoliud
201 2759 228 2803 iu
242 2764 308 2802 motu
322 2756 468 2803 alterationis
480 2759 517 2804 vel
530 2758 554 2803 in
563 2763 628 2803 motu
636 2757 705 2802 locali
713 2763 750 2802 est
761 2757 878 2802 terminus·

63 2823 112 2876 oei,
121 2833 208 2879 nempe
223 2821 249 2866 id
261 2821 326 2877 quod
339 2821 461 2877 attingitur
473 2831 515 2876 per
528 2823 589 2866 huno
602 2825 703 2873 motum
717 2819 784 2875 quies
795 2824 873 2863 autem

64 2882 148 2930 iuloco
168 2885 205 2929 vel
225 2884 249 2928 in
267 2883 356 2939 torma,
369 2883 420 2928 sive
435 2884 569 2939 assequutio
583 2883 634 2938 ipae
651 2887 688 2927 eat
703 2880 816 2925 terminare
828 2890 879 2935 pue

64 2957 100 2998 per
108 2959 180 3004 «pem
193 2947 264 2992 loono
277 2946 316 2990 vel
329 2945 405 2990 torma
416 2945 442 2988 in
454 2945 564 2993 alterutro
577 2949 641 2995 rnatu
655 2943 807 2998 attinguntur.

92 3014 120 3076 12)
135 3021 191 3072 Quae
210 3023 310 3074 propter
323 3017 449 3062 sanitatum
467 3015 601 3074 (hamunt,
611 3025 658 3058 nou
677 3017 773 3068 propter
796 3021 821 3053 ee
835 3015 882 3050 ou»
