1992 3342
142 243 187 289 len
336 252 395 287 rans
412 252 434 298 r,
448 249 539 293 ounsr.
559 249 617 297 xtrr,
634 249 688 285 aar.
705 248 740 285 vr.

141 330 181 379 sed
189 342 229 392 per
236 328 300 391 prins
307 326 464 389 cognoscimus
470 328 598 375 creaturam
607 322 755 386 quiniteurn
766 339 771 371 ε
782 335 838 385 erpo
848 323 948 373 nomina

141 400 154 449 a
167 399 232 450 nohis
245 398 351 463 imposita
364 397 480 460 perprius
493 395 634 447 conueniunt
647 395 759 445 creaturis
768 394 839 458 mam
852 397 912 445 lieo.

173 476 195 519 t.
218 472 341 531 Preterea
354 469 478 519 secuudum
491 466 626 531 Dionysium
641 467 665 515 in
678 466 719 516 tin.
737 469 767 515 rte
781 466 836 515 dio.
854 468 947 527 Nom„

141 556 192 605 cap.
208 543 217 590 l
224 579 231 604 ,
244 544 305 591 Deus
314 555 342 590 ex
352 540 463 589 creaturis
471 538 616 589 nominamus
629 554 634 586 z
649 539 689 589 sed
702 538 796 588 nomina
806 537 821 586 a
833 539 949 588 creaturis

142 614 249 663 translata
265 614 291 661 in
308 613 381 661 Deum
393 625 434 675 per
447 611 512 675 prius
531 610 640 659 dicuntur
656 610 685 659 de
698 608 809 659 creaturis
826 608 899 672 mam
918 612 949 660 de

142 686 204 747 ileo;
218 684 278 733 sicut
288 684 334 740 len,
347 682 415 747 lepis
427 687 451 733 et
462 682 594 745 hujusmodi
606 693 677 743 :ergo
688 679 766 729 omnm
774 680 879 743 nomina,
894 695 950 743 que

143 756 170 805 de
181 758 228 806 lieo
241 759 265 805 et
278 757 306 805 de
317 755 428 805 creaturis
444 754 562 816 dicuutur,
572 766 614 817 per
626 753 691 817 prius
702 754 731 802 tle
745 752 858 803 creaturis
875 752 950 815 quam

143 827 171 876 de
186 828 233 876 lieo
252 825 368 875 dicuntur.

176 901 198 945 3.
215 899 341 959 Praeterea,
359 896 435 945 omnia
448 896 554 957 nomina,
570 909 622 958 que
639 895 836 945 commonitorie
856 896 907 945 ileo
924 899 952 944 et

143 968 251 1018 creaturis
264 967 382 1030 hountnr,
396 967 502 1017 deantur
514 968 543 1017 de
556 968 603 1017 lieo
620 967 724 1017 sicutne
741 978 810 1015 causa
825 966 951 1028 omnium,

111 1042 117 1057 '
145 1043 171 1088 ut
184 1040 239 1089 dicit
248 1038 370 1103 Dionysius
379 1038 421 1103 (l).
434 1039 479 1088 Sed
493 1039 554 1101 quoi
566 1037 648 1090 dicitm
662 1038 691 1087 rie
701 1037 777 1100 Quo
785 1051 829 1100 per
841 1050 952 1097 causamn,

144 1122 185 1172 per
202 1110 315 1174 posterius
334 1111 361 1160 de
380 1110 420 1159 illo
437 1109 533 1173 dicitur,
551 1123 592 1173 per
612 1108 676 1173 prins
688 1108 751 1158 enim
764 1108 850 1157 dicitur
862 1107 956 1157 animal

143 1196 233 1231 sonem
247 1195 315 1245 quam
324 1181 438 1231 medicina
448 1194 499 1244 quae
506 1186 543 1231 est
553 1194 623 1231 causa
631 1180 745 1243 sanitahs,
752 1193 807 1242 ergo
813 1179 956 1244 hujusmodi

143 1253 237 1303 nomina
246 1266 287 1317 per
296 1253 359 1317 prins
370 1252 478 1302 dicuntur
491 1253 520 1301 de
533 1252 646 1302 creaturis
658 1251 728 1314 quim
744 1253 772 1300 de
785 1253 841 1301 Deo.

174 1324 218 1374 Sed
226 1328 305 1374 contra
313 1327 356 1387 est,
368 1324 428 1387 quod
436 1322 520 1373 dicitur
530 1322 621 1386 Epiros.
633 1323 679 1371 lii:
694 1323 794 1372 eliceto
809 1334 890 1384 genua
899 1334 956 1370 mea

144 1397 173 1445 ad
187 1398 278 1445 Patrem
291 1394 382 1445 Domini
397 1394 470 1443 nostri
482 1396 551 1455 iesu,
559 1406 589 1442 ex
599 1407 645 1455 quo
654 1392 730 1443 omum
741 1392 869 1456 paternitas
879 1392 918 1455 (a)
928 1392 956 1441 in

144 1467 202 1516 coelo
213 1471 237 1516 et
247 1467 272 1516 in
284 1470 345 1516 terra
356 1464 500 1526 nominatum
510 1479 524 1509 e
532 1467 555 1513 et
566 1464 647 1514 eadem
659 1465 717 1514 ratio
728 1464 819 1513 ridetm
832 1465 862 1514 de
876 1463 958 1515 nomi

144 1537 212 1587 nihns
223 1537 273 1587 aliis
278 1574 287 1599 ,
297 1550 348 1599 qne
358 1537 386 1585 de
399 1537 446 1584 lieo
459 1539 483 1585 et
496 1535 607 1585 creaturis
617 1535 733 1585 (licuntur.
744 1536 804 1598 iirgo
813 1536 955 1599 hujusmodi

145 1607 236 1657 nomina
249 1620 290 1671 per
301 1607 365 1671 prins
376 1608 404 1655 de
418 1607 464 1656 lieo
478 1606 547 1670 quam
558 1607 587 1657 tle
600 1608 710 1657 creaturis
722 1606 838 1657 (licuntur.

178 1677 333 1740 (Genususro.
351 1702 382 1713 -
397 1676 509 1739 Nomina,
522 1690 575 1740 qun
592 1676 746 1742 metaphorice
758 1678 787 1727 de
803 1679 855 1729 lieo
867 1680 958 1731 ‹licun-

147 1752 197 1810 tur,
209 1747 261 1798 clrm
274 1747 446 1797 similitudinem
459 1747 511 1810 eJns
521 1748 550 1797 ati
561 1752 676 1799 creaturas
687 1749 820 1812 significent
826 1786 835 1812 ,
848 1751 881 1801 tle
897 1752 959 1816 ipm's

61 1867 68 1880 ‚
146 1818 258 1869 creaturis
267 1818 331 1883 prius
344 1818 451 1868 dicuntur
469 1835 474 1867 :
488 1820 583 1869 nomina
595 1820 651 1871 rerh
664 1822 711 1870 ileo
722 1823 746 1870 et
759 1822 876 1872 erealrrris
890 1838 958 1875 eom·

147 1890 234 1953 munia,
249 1890 277 1939 de
286 1892 333 1940 lieo
342 1889 494 1939 essentialiter
503 1890 578 1953 dicta,
589 1892 663 1954 quom
674 1891 828 1954 significatum
842 1894 916 1957 prins
929 1899 958 1947 de

181 2016 211 2079 (l)
227 2018 344 2075 colligitur
357 2030 386 2062 ex
398 2018 457 2063 libro
471 2018 499 2062 de
513 2019 614 2074 mystice
628 2018 763 2078 Thwtoor'c,
781 2031 837 2077 cap.
854 2021 882 2081 1,
899 2028 960 2073 saris

147 2080 268 2136 expresse3
280 2093 307 2125 nc
318 2079 347 2125 de
358 2079 409 2124 dte.
420 2081 503 2143 Nona,
511 2092 564 2134 cap.
577 2083 607 2138 V,
620 2081 739 2137 implicite.

181 2139 211 2201 (ἓ)
233 2144 265 2187 ile
280 2143 412 2199 augelorum
425 2142 563 2197 paternitate
579 2155 624 2197 qua
643 2150 738 2199 propter
754 2144 961 2197 illuminationem

148 2215 206 2247 unns
219 2209 255 2247 est
273 2210 339 2258 pater
358 2203 464 2262 alterius,
481 2204 625 2259 explicatior
640 2207 663 2249 S.
680 2207 792 2262 Thomas,
808 2213 838 2251 ut
856 2210 922 2258 lect.
936 2215 960 2263 t.

147 2265 224 2309 videre
243 2270 287 2309 est.
309 2268 341 2309 ite
359 2266 476 2311 hominum
497 2266 627 2323 spirituali
641 2269 791 2323 munitate
811 2281 858 2326 per
887 2288 962 2332 quam

149 2327 249 2370 celestes
255 2330 337 2383 putrer
349 2327 393 2372 diei
405 2333 509 2385 possunt,
523 2329 582 2373 sicut
596 2331 700 2375 carnales
711 2343 751 2386 per
761 2335 878 2380 terrenos
891 2339 963 2386 inret-

148 2388 255 2445 ligunlnr,
270 2389 428 2434 Theodoreins
437 2390 597 2447 explicandum
611 2392 671 2444 rult;
686 2398 710 2437 et
723 2394 869 2448 Apostolum
881 2401 964 2459 ipsum

148 2450 217 2494 talern
236 2450 377 2506 spiritualem
392 2452 440 2497 sive
456 2453 573 2497 celestem
588 2458 676 2509 patrem
694 2454 764 2498 luisse
785 2454 865 2503 addit.
887 2467 964 2511 Paulo

149 2512 215 2556 aliter
237 2514 397 2568 hyeronymus
416 2516 587 2571 paternitatem
603 2516 709 2573 intelligit
728 2519 908 2573 cognationem
928 2532 965 2574 ret

148 2582 271 2643 familiam,
292 2589 317 2627 ut
331 2595 360 2627 ex
373 2596 447 2641 manco
460 2575 551 2645 nurpit't
561 2587 657 2643 intelligi
671 2587 760 2645 proprie
777 2596 882 2649 potest3
904 2603 965 2645 siem

148 2649 171 2688 et
183 2644 302 2703 Nemi,
316 2656 375 2690 vers.
389 2645 468 2705 18,et
484 2649 574 2692 Protin.
593 2650 658 2707 XXI,
675 2662 735 2694 vers.
751 2647 796 2708 28,
814 2666 965 2718 usurpatur,

148 2707 178 2749 Ut
189 2707 218 2750 sit
229 2719 318 2764 sensus,
330 2708 390 2762 quod
398 2710 472 2753 omnis
483 2710 520 2753 vel
528 2710 645 2755 hominum
656 2712 691 2755 vel
703 2712 846 2769 angelorum
858 2728 968 2774 sociem

147 2779 175 2837 cx
186 2780 232 2812 uno
243 2771 291 2813 Deo
300 2772 366 2813 Patre
378 2775 403 2813 ut
414 2772 515 2815 omniurn
525 2773 620 2817 authore
635 2773 762 2827 derivaturr
774 2778 823 2821 etsi
836 2766 968 2848 subjungi}

147 2840 170 2872 in
183 2830 270 2886 angelis
280 2832 349 2877 etium
363 2844 414 2877 esse
429 2834 591 2888 paternitatem
604 2836 719 2893 mandam
730 2837 892 2893 spiritualem
921 2868 968 2912 qua

146 2904 201 2936 ruer
218 2893 398 2939 illuminatores
410 2895 518 2952 puteant
525 2901 608 2955 potres
621 2885 907 2959 appelloreueieptim'
919 2931 968 2963 m

145 2958 318 3006 antecesserit
330 2970 374 3002 uer
385 2959 536 3015 appellentes
550 2961 693 3019 Pruphetue.
707 2966 749 3007 ete.
