1992 3342
228 212 259 249 mr
273 211 382 249 masmim
398 212 532 251 ommrrmr
546 213 712 257 rnrsournor.
819 202 866 253 629

71 288 155 341 deatus
162 286 205 354 (1).
220 303 235 335 o
248 288 307 351 Ergo
320 287 400 339 missio
408 288 530 339 inmundis
541 302 586 341 non
596 290 622 339 nt
630 290 659 341 ad
671 290 796 354 omnes-qni
810 298 867 344 sunt

72 360 196 423 participes
209 359 296 422 gratim.

104 436 130 481 ‘a
145 432 271 494 Praeterea,
284 430 399 495 protectus
411 431 434 480 in
446 430 529 482 virtuto
542 444 589 481 uon
603 436 639 485 est
651 432 697 483 nisi
709 446 751 497 per
759 433 863 496 gratiam.

74 503 119 554 sed
130 500 210 554 missio
223 500 343 551 invisibilis
356 515 403 553 non
412 502 500 553 uidetur
510 502 595 553 attendi
606 502 728 554 secunddm
739 504 864 567 protectum

73 574 178 633 muniis,
196 572 251 636 quia
269 573 381 637 protectus
393 573 483 623 rinnds
497 574 585 623 uidetur
601 587 651 625 essa
663 576 797 639 continnns,
813 574 865 627 edm

75 644 175 694 charitas
193 657 283 707 semper
301 645 341 693 aut
355 644 457 707 pmdciat
474 649 514 695 aut
528 644 618 695 deficiat
631 645 680 710 (a),
693 651 716 697 et
729 648 763 697 sic
781 647 864 699 missio

75 719 138 765 esset
153 714 268 766 continua.
282 714 340 779 Ergo
350 714 429 766 missio
438 715 559 767 invisibilis
572 730 619 767 non
630 716 656 765 dt
667 718 694 767 ad
704 731 782 769 onmes
795 718 867 783 parti-

75 785 140 849 cipes
156 786 243 849 gratim.

108 862 132 909 ³.
147 860 276 917 Praeterea,
290 858 429 927 Christos-et
445 859 507 909 beati
521 858 652 923 plenissime
664 861 749 911 habent
761 862 864 925 gratiam.

75 929 121 979 Sed
134 929 164 979 ad
174 942 214 979 eos
225 942 271 979 non
284 929 371 981 ridetur
383 930 433 984 fieri
445 930 524 981 missio
535 970 541 992 ‚
551 930 605 993 poia
613 930 692 981 missio
703 932 729 982 dt
741 933 769 983 ad
781 933 866 996 aliquid

75 999 181 1063 distans;
196 1000 299 1051 Christus
313 1004 388 1051 autem
398 1000 520 1052 secnnddm
532 1001 591 1065 qudd
604 1003 673 1053 homo
683 1006 706 1053 et
716 1014 794 1053 omnes
806 1005 868 1055 beati

74 1071 177 1135 perfeeto
189 1075 242 1121 sunt
257 1072 317 1122 uniti
329 1074 384 1124 Deo.
397 1074 449 1124 Non
461 1086 514 1137 erpo
528 1074 557 1125 ad
567 1086 647 1125 omnes
659 1074 780 1139 participor
789 1075 867 1137 gratim

75 1142 101 1193 dt
111 1142 192 1193 missio
201 1142 332 1195 indomitis.

106 1218 129 1264 t.
146 1215 272 1277 meere,
284 1219 423 1267 sacramenta
435 1228 500 1267 noue
510 1214 568 1278 legis
577 1214 694 1267 continent
703 1216 811 1279 gratiam,
825 1226 868 1266 nee

75 1287 151 1335 tamen
162 1286 191 1335 ad
205 1299 233 1336 ea
243 1286 323 1336 dicitur
335 1286 385 1337 deri
396 1286 476 1337 missio
483 1286 615 1337 invisibilis.
624 1288 675 1337 Non
687 1300 740 1351 erpo
751 1286 868 1337 adomnia

74 1370 126 1419 que
137 1356 223 1406 hebent
234 1356 331 1419 gratiam
344 1358 369 1407 dt
380 1357 459 1409 missio
472 1355 602 1412 invisibitis.

106 1428 153 1478 Sed
164 1432 244 1480 contra
258 1431 306 1491 ert,
323 1427 383 1492 qnid
398 1426 523 1479 somrnddm
536 1427 684 1491 Augustinum
693 1428 726 1492 (it)
740 1428 820 1479 missio
833 1428 869 1478 in·

75 1497 175 1548 risibilis
186 1498 213 1547 tit
226 1499 255 1548 ad
268 1498 451 1549 sanctificandam
464 1502 597 1549 creaturum.
612 1498 691 1551 Omnis
705 1502 780 1550 numm
800 1513 869 1550 croe-

74 1572 126 1619 tnna
135 1570 226 1620 habens
237 1567 330 1633 gratiam
344 1570 495 1621 sanctificatur
511 1586 517 1620 :
533 1584 586 1634 crgo
597 1571 625 1622 ad
640 1582 732 1621 omnem
744 1575 868 1622 meatorum

75 1641 210 1705 hujusmodi
221 1641 248 1691 rt
259 1640 338 1693 missio
345 1640 478 1693 inuisibilis.

108 1712 271 1776 (Gonmosro.
287 1738 317 1751 -
332 1712 365 1763 nd
379 1726 460 1765 omnes
477 1712 599 1777 participes
617 1711 733 1778 gratiarii
747 1712 870 1764 invisibilis
929 1710 931 1715 '

75 1782 181 1845 missio.)
487 1837 490 1845 ,

106 1854 243 1918 despondeo
252 1854 385 1917 dicendum,
396 1854 457 1917 qudd
471 1854 541 1918 (sicut
549 1854 618 1924 suprd
628 1854 714 1905 dictum
728 1852 776 1917 est)
790 1853 869 1917 mindo

74 1925 103 1975 de
113 1925 152 1975 sni
163 1924 251 1975 ratione
261 1924 367 1989 importat
377 1924 437 1989 qudd
447 1925 487 1975 ille
498 1925 538 1989 qui
549 1925 657 1989 mittitur,
667 1925 704 1976 vel
714 1924 807 1988 incipiat
819 1938 869 1975 esse

75 1996 115 2045 nbi
127 1994 193 2061 prids
204 1995 303 2048 nonfuit
313 1994 479 2057 tsicutaceidit
490 1995 515 2045 in
524 1996 591 2047 rebus
602 1994 696 2056 creatis)
706 2032 713 2055 ,
725 1993 761 2045 vel
774 1993 869 2057 incipiat

75 2081 126 2118 esse
139 2067 182 2117 ubi
193 2064 258 2131 pride
271 2066 329 2127 fuit,
338 2068 379 2117 sed
391 2068 489 2130 quodam
497 2068 564 2117 modo
575 2079 633 2117 novo
645 2104 652 2129 ‚
664 2063 788 2117 secunddm
801 2077 868 2129 quem

108 2229 141 2290 (1)
155 2232 200 2275 Per
211 2230 332 2287 gloriosam
345 2241 428 2286 nempe
444 2230 636 2275 resurrectionem
647 2230 684 2275 vel
699 2230 724 2273 in
737 2229 820 2275 emtum
832 2241 869 2275 as·
898 2242 902 2260 ⁴

75 2294 224 2351 censionem,
239 2297 292 2348 post
306 2304 374 2349 quam
388 2297 507 2348 utramque
519 2292 625 2348 Spiritum
636 2290 708 2339 dedit.

106 2361 141 2424 (2)
160 2366 228 2410 Juxta
245 2364 269 2408 id
285 2364 347 2419 quod
362 2360 489 2409 Bernnrdus
510 2364 621 2421 inculcat,
644 2362 712 2419 epist.
732 2359 791 2419 253,
806 2360 868 2407 cirea

75 2427 190 2483 medium,
200 2432 224 2470 et
234 2438 305 2471 serm.
315 2425 537 2483 2„s'o1,’er·iltomt.,
546 2431 592 2471 etc.
604 2427 634 2471 Ut
643 2430 668 2469 et
678 2423 767 2480 plenius
777 2435 806 2469 ex
815 2435 869 2481 pro·

76 2489 139 2535 tesso
150 2490 174 2534 in
188 2486 213 2544 2,
228 2488 379 2546 dreIeretur,
393 2486 445 2531 edm
458 2488 487 2532 dc
501 2492 622 2545 augmento
635 2486 761 2533 charitatis.

108 2557 142 2621 (ὃ)
158 2560 275 2617 Colligitur
284 2572 313 2604 ox
324 2560 383 2604 libro
395 2556 434 2615 15,
447 2558 476 2604 de
490 2558 590 2607 Trirrr't„
598 2568 650 2614 cap.
664 2556 703 2615 Ἢ,
714 2558 754 2601 nbi
765 2556 846 2601 dicitur
858 2572 865 2599 ι

74 2622 186 2679 spiritur
194 2626 292 2667 sanctes
298 2634 349 2666 ooo
358 2622 387 2666 de
395 2622 466 2665 Patre
471 2620 582 2677 procedit
589 2622 618 2665 io
626 2620 723 2667 Filium
732 2622 753 2665 ot
760 2618 789 2663 de
799 2618 868 2663 Filio

71 2684 185 2742 procedit
192 2684 224 2730 od
233 2682 433 2741 sanctificandam
440 2688 587 2731 creatorum,
597 2682 637 2728 red
644 2682 719 2727 timot
730 2680 758 2725 de
766 2684 868 2737 utroque

74 2746 194 2804 procedit,
209 2748 240 2791 Ut
252 2752 277 2791 et
290 2746 332 2792 lib.
347 2745 376 2803 3,
395 2756 447 2801 cop.
462 2744 490 2804 t,
507 2745 585 2791 versds
599 2744 684 2801 duem,
698 2742 866 2789 Eucharistiarn

74 2810 178 2855 neaniai
188 2812 302 2865 opororrte
314 2807 474 2853 coactorum
483 2808 583 2865 Spiritu
593 2808 639 2853 Dor·
645 2806 796 2864 rosetifirari
809 2814 868 2859 prma-

74 2872 182 2931 miserm,
198 2876 225 2915 ut
238 2871 268 2915 sit
280 2876 327 2916 tum
340 2882 446 2927 magnum
457 2866 561 2932 (inquit)
575 2874 752 2929 sacramentum,
763 2866 824 2925 quod
837 2864 867 2911 ad

75 2935 173 2980 salntem
185 2933 313 2991 Spiritalem
326 2944 457 2992 sumamus,
471 2939 517 2979 ete.
