1992 3342
114 195 160 243 'lttl
294 205 354 246 rene
370 203 392 258 t,
409 201 501 250 oum.
518 207 590 256 nrm,
608 207 663 245 nur.
681 207 726 245 vn.

113 286 167 333 cunt
179 283 279 334 distincti
294 281 427 347 Membris,
439 283 463 334 id
480 287 516 335 eet
528 284 542 334 l
552 284 619 334 melis
631 284 728 346 engolis.
745 284 830 348 lngeli
839 288 915 336 entem
989 306 991 339 r

114 353 170 405 loni
184 358 346 419 cognoscentes
356 359 496 420 creaturam,
511 367 556 406 non
569 355 594 405 in
610 367 638 406 ec
651 357 752 420 ligantur
769 357 845 420 (quod
859 361 916 407 esset
989 356 991 359 ’

114 426 272 477 tenebrescere
285 432 309 477 et
318 429 406 476 noctem
420 425 469 476 lieri
479 427 498 490 l,
512 429 551 477 sed
564 429 608 478 lmc
617 429 693 493 ipsum
708 427 815 478 referunt
825 429 855 478 ed
869 429 916 479 len

114 498 167 548 dem
178 499 232 559 liei,
244 499 268 548 in
278 511 323 562 quo
336 497 395 548 sicut
404 497 429 548 in
440 499 552 563 principio
561 497 638 550 omnin
651 502 804 563 cognoscunt.
824 503 854 550 nt
865 501 916 551 ideo

114 572 166 632 poet
179 583 294 634 vesperem
304 583 351 620 non
360 569 452 635 ponitur
462 583 516 632 nor,
530 571 570 620 sed
584 585 664 628 otone,
674 571 708 621 itu
716 570 780 634 qnod
796 587 876 622 mone
887 573 916 622 sit

116 641 167 692 duis
185 643 334 706 precedentis
354 643 399 692 dici
417 645 440 692 et
456 642 591 706 principium
609 644 738 707 sequentis,
760 643 785 692 in
805 649 918 707 quantum

115 713 191 776 cremii
201 713 353 776 cognitionem
365 714 515 779 precedentis
526 713 602 778 operis
615 715 741 766 udleudem
751 714 794 764 ltei
803 715 917 765 referunt.

115 781 221 833 Meridies
234 789 309 835 eutem
324 785 471 837 enimenim
487 785 534 836 diei
548 776 760 850 comprehenditur,
778 787 848 849 quasi
867 799 918 836 me·

115 853 177 904 dium
189 855 301 907 interduo
315 859 424 908 extreme.
440 857 481 907 Vcl
491 859 567 921 potest
580 856 686 908 meridien
698 857 781 907 referri
793 859 824 908 ed
843 857 919 922 cogni·

115 925 202 978 tionem
221 927 294 991 ipsius
306 930 362 990 liei,
375 943 426 993 que
438 941 484 980 non
498 929 567 979 hebet
580 928 716 993 principium
733 942 777 979 nec
789 928 872 981 tinen.

148 997 182 1048 ld
192 998 422 1064 tertiumdecimum,
434 999 494 1064 qndd
503 999 573 1050 ctiam
583 999 627 1064 ipsi
637 1001 713 1063 angeli
725 1005 840 1054 creature
849 1006 917 1053 sunt:

117 1069 237 1120 nndeecoe
246 1083 321 1121 rerum
332 1072 356 1122 in
373 1071 522 1135 intelligentia
534 1071 649 1135 angelice,
662 1073 869 1135 comprehenditur
881 1075 921 1124 ml

117 1144 261 1206 ccepertiec
273 1145 415 1208 cognitione,
428 1145 487 1196 sicot
499 1149 587 1195 eterne
599 1154 674 1194 certum
687 1144 710 1192 m
723 1145 820 1210 propria
833 1151 921 1198 netum.

404 1272 563 1322 ARTICULUS
576 1271 626 1322 tlt.

222 1381 306 1426 Utrrlm
316 1393 365 1425 cruc
375 1381 406 1424 rit
419 1381 524 1438 copositio
536 1379 644 1424 matulina
652 1382 675 1422 et
685 1381 822 1436 vespertine.

151 1491 184 1546 nd
202 1491 323 1554 septimum
332 1490 366 1540 eic
378 1488 515 1554 proceditur.
535 1488 629 1539 Videtur
640 1487 702 1552 quod
716 1501 764 1540 unu
778 1489 813 1540 sit
819 1492 924 1555 cognitio

116 1564 260 1628 'vespertine
275 1567 299 1614 et
315 1563 452 1612 petrocino.
464 1561 553 1612 *Dicitur
565 1560 627 1612 enim
639 1561 735 1618 ceres„
750 1562 779 1612 l:
797 1580 813 1611 «
832 1564 926 1614 Factum

120 1638 156 1684 est
174 1647 268 1698 vespere
282 1637 306 1683 et
324 1646 390 1682 mune
407 1633 454 1684 dies
471 1646 539 1682 unns.
553 1649 567 1680 »
582 1632 628 1682 Sed
647 1644 688 1695 per
705 1631 766 1682 diem
787 1632 926 1699 intelligitur

121 1705 220 1768 cognitio
233 1703 352 1768 angelice,
363 1708 389 1754 nt
403 1705 544 1767 Augustinus
557 1703 611 1754 dicit
625 1703 679 1768 (ulti
695 1701 793 1769 cupri).
808 1705 872 1770 Ergo
883 1721 926 1757 unc

120 1781 145 1828 et
159 1777 237 1828 ecdem
251 1781 286 1828 est
299 1775 397 1839 cognitio
408 1775 433 1826 in
450 1776 538 1839 angelis
553 1774 681 1824 melotide
696 1777 722 1823 et
731 1778 892 1839 vespertino.

127 1877 130 1884 =
153 1853 177 1900 t.
187 1846 711 1911 Preteree,impossihileeetunmrpotenttem
721 1846 793 1898 simul
804 1849 927 1915 dnnsopc

123 1920 222 1972 rationes
228 1920 373 1972 naberesed
382 1919 457 1984 angeli
465 1933 557 1984 semper
563 1918 649 1971 suntin
659 1920 711 1968 ectu
720 1919 866 1982 cognitionis
874 1938 928 1973 nro·

123 1993 282 2056 intromonte
291 2005 379 2056 semper
388 1992 465 2044 uident
475 1993 546 2042 ileum
553 1995 577 2042 et
586 2004 624 2041 res
635 1990 660 2040 in
668 1990 726 2052 Deo,
733 1992 866 2044 secundum
874 1993 927 2045 illud

123 2063 224 2124 leniti„
233 2077 284 2128 cup.
294 2065 376 2117 llVlll:
385 2081 399 2112 c
405 2063 485 2126 lngeli
491 2075 570 2115 eorum
576 2075 667 2124 semper
673 2059 754 2110 uident
760 2059 849 2117 ieciem
854 2065 928 2116 Patris

123 2135 182 2199 mei,
194 2140 238 2186 cto.
248 2153 261 2183 o
272 2137 331 2198 Ergo
342 2136 361 2186 si
367 2135 469 2199 cognitio
480 2135 622 2195 vespertino·
633 2133 747 2184 essetelie
757 2133 773 2182 d
783 2139 926 2196 matutino,

102 2207 107 2216 “
123 2205 257 2258 nullomodo
268 2207 362 2272 angelus
370 2211 448 2272 posset
458 2206 608 2267 esseinectu
616 2204 755 2267 cognitionis
765 2210 927 2270 vespertine.

155 2283 178 2330 3.
194 2281 320 2340 irenica,
334 2279 528 2343 nposcolcsdiclt,
541 2281 560 2330 l.
570 2280 644 2337 cnr„
656 2277 706 2327 lllll
717 2293 724 2327 z
735 2294 751 2324 «
759 2275 819 2328 Cium
837 2281 927 2331 uenerit

123 2353 184 2416 quod
198 2351 325 2414 perlectum
339 2355 388 2414 nst,
400 2351 547 2402 evacuabitur
559 2351 619 2413 quod
628 2363 659 2400 ex
674 2354 741 2412 perte
750 2353 795 2400 est.
815 2367 830 2397 n
845 2352 893 2402 Sed
907 2351 928 2402 si

125 2424 224 2488 cognitio
233 2426 373 2489 vespertina
382 2423 412 2474 sit
418 2423 806 2484 eliudtmctctino,comperetur
813 2423 844 2472 ed
854 2423 927 2488 ipsam

124 2496 182 2548 sicut
195 2495 351 2560 imperfectum
365 2497 393 2548 ed
410 2496 542 2560 perlectum.
558 2496 617 2557 Ergo
634 2506 681 2543 non
693 2492 780 2555 poterit
793 2493 866 2544 simul
879 2511 928 2545 cce

122 2569 226 2633 pertine
235 2568 333 2631 coguitin
348 2581 460 2618 essecum
470 2569 610 2616 matutine.

155 2641 182 2690 ln
194 2639 331 2694 contrarium
342 2642 390 2702 est,
406 2640 467 2702 quod
482 2638 538 2689 dicit
550 2637 704 2700 Augustinus,
716 2636 754 2687 lv.
769 2637 854 2699 Super
868 2639 927 2688 Gen

124 2712 159 2762 cd
171 2711 224 2769 lle,
236 2723 286 2772 cepi
299 2715 339 2772 23,
350 2710 410 2772 quid
421 2709 645 2766 «rndmmjuterest
654 2708 714 2757 inter
725 2707 884 2768 cognitionem
895 2710 927 2760 rei

125 2782 278 2844 cujuscunque
292 2779 316 2828 in
327 2780 400 2830 Verbo
412 2781 465 2844 Dei,
478 2785 503 2831 et
512 2779 665 2842 cognitionem
677 2779 727 2843 ejus
736 2778 761 2827 in
769 2783 854 2830 nature
865 2782 925 2845 njis

125 2854 151 2900 ut
163 2851 219 2900 illud
230 2849 310 2900 urerito
324 2851 439 2912 pertinent
452 2852 565 2912 nd'diem,
580 2852 624 2901 hoc
638 2851 667 2900 ed
678 2863 807 2914 vesperem.
817 2868 834 2898 o

156 2920 354 2983 (Concuusro.—
362 2923 469 2986 Cognitis
482 2924 659 2987 uespertioout
671 2922 809 2985 terminetur
819 2924 851 2973 ed
863 2937 928 2976 creu-
