<?xml version="1.0" encoding="UTF-8"?>
<!DOCTYPE html PUBLIC "-//W3C//DTD XHTML 1.0 Transitional//EN"
    "http://www.w3.org/TR/xhtml1/DTD/xhtml1-transitional.dtd">
<html xmlns="http://www.w3.org/1999/xhtml" xml:lang="en" lang="en">
 <head>
  <title>
</title>
<meta http-equiv="Content-Type" content="text/html;charset=utf-8" />
  <meta name='ocr-system' content='tesseract 3.04.00' />
  <meta name='ocr-capabilities' content='ocr_page ocr_carea ocr_par ocr_line ocrx_word'/>
</head>
<body>
  <div class='ocr_page' id='page_1' title='image "./summatheologica04nicogoog_0410.png"; bbox 0 0 1992 3342; ppageno 0'>
   <div class='ocr_carea' id='block_1_1' title="bbox 301 254 837 309">
    <p class='ocr_par' dir='ltr' id='par_1_1' title="bbox 301 254 837 309">
     <span class='ocr_line' id='line_1_1' title="bbox 301 254 837 309; baseline 0.015 -9"><span class='ocrx_word' id='word_1_1' title='bbox 301 264 334 301; x_wconf 78' lang='lat' dir='ltr'>nn</span> <span class='ocrx_word' id='word_1_2' title='bbox 348 254 434 303; x_wconf 78' lang='lat' dir='ltr'>mvrirn</span> <span class='ocrx_word' id='word_1_3' title='bbox 447 266 571 305; x_wconf 73' lang='lat' dir='ltr'>roronem.</span> <span class='ocrx_word' id='word_1_4' title='bbox 791 260 837 309; x_wconf 74' lang='lat' dir='ltr'>lod</span> 
     </span>
    </p>
   </div>
   <div class='ocr_carea' id='block_1_2' title="bbox 46 329 839 2408">
    <p class='ocr_par' dir='ltr' id='par_1_2' title="bbox 67 329 837 458">
     <span class='ocr_line' id='line_1_2' title="bbox 67 329 837 410; baseline 0.017 -24"><span class='ocrx_word' id='word_1_5' title='bbox 67 329 186 395; x_wconf 69' lang='lat' dir='ltr'>inpotentia.</span> <span class='ocrx_word' id='word_1_6' title='bbox 201 340 266 393; x_wconf 87' lang='lat' dir='ltr'>llnde</span> <span class='ocrx_word' id='word_1_7' title='bbox 280 342 331 393; x_wconf 84' lang='lat' dir='ltr'>haec</span> <span class='ocrx_word' id='word_1_8' title='bbox 348 341 451 409; x_wconf 87' lang='lat' dir='ltr'>potentia</span> <span class='ocrx_word' id='word_1_9' title='bbox 461 344 588 395; x_wconf 80' lang='lat' dir='ltr'><strong>excluditur</strong></span> <span class='ocrx_word' id='word_1_10' title='bbox 600 342 614 396; x_wconf 78' lang='lat' dir='ltr'>t</span> <span class='ocrx_word' id='word_1_11' title='bbox 627 346 688 410; x_wconf 87' lang='lat' dir='ltr'>lteo,</span> <span class='ocrx_word' id='word_1_12' title='bbox 703 358 749 398; x_wconf 90' lang='lat' dir='ltr'>non</span> <span class='ocrx_word' id='word_1_13' title='bbox 760 350 837 401; x_wconf 82' lang='lat' dir='ltr'>auteur</span> 
     </span>
     <span class='ocr_line' id='line_1_3' title="bbox 67 404 129 458; baseline 0.145 -8"><span class='ocrx_word' id='word_1_14' title='bbox 67 404 129 458; x_wconf 81' lang='lat' dir='ltr'>aetite.</span> 
     </span>
    </p>

    <p class='ocr_par' dir='ltr' id='par_1_3' title="bbox 62 478 839 893">
     <span class='ocr_line' id='line_1_4' title="bbox 88 478 838 553; baseline 0.019 -23"><span class='ocrx_word' id='word_1_15' title='bbox 88 478 114 528; x_wconf 86' lang='lat' dir='ltr'>ld</span> <span class='ocrx_word' id='word_1_16' title='bbox 131 484 250 534; x_wconf 82' lang='lat' dir='ltr'>seeundum</span> <span class='ocrx_word' id='word_1_17' title='bbox 268 484 406 550; x_wconf 77' lang='lat' dir='ltr'>dicendum,</span> <span class='ocrx_word' id='word_1_18' title='bbox 430 484 491 551; x_wconf 74' lang='lat' dir='ltr'>quid</span> <span class='ocrx_word' id='word_1_19' title='bbox 515 487 697 553; x_wconf 80' lang='lat' dir='ltr'>quandocunque</span> <span class='ocrx_word' id='word_1_20' title='bbox 715 494 779 541; x_wconf 86' lang='lat' dir='ltr'>aetus</span> <span class='ocrx_word' id='word_1_21' title='bbox 803 496 838 543; x_wconf 89' lang='lat' dir='ltr'>est</span> 
     </span>
     <span class='ocr_line' id='line_1_5' title="bbox 65 548 838 625; baseline 0.028 -31"><span class='ocrx_word' id='word_1_22' title='bbox 65 548 111 599; x_wconf 90' lang='lat' dir='ltr'>aliud</span> <span class='ocrx_word' id='word_1_23' title='bbox 119 551 129 602; x_wconf 86' lang='lat' dir='ltr'>l</span> <span class='ocrx_word' id='word_1_24' title='bbox 137 556 248 619; x_wconf 86' lang='lat' dir='ltr'>petentia,</span> <span class='ocrx_word' id='word_1_25' title='bbox 263 561 353 621; x_wconf 78' lang='lat' dir='ltr'>oportet</span> <span class='ocrx_word' id='word_1_26' title='bbox 364 558 424 621; x_wconf 80' lang='lat' dir='ltr'>quod</span> <span class='ocrx_word' id='word_1_27' title='bbox 438 563 502 609; x_wconf 87' lang='lat' dir='ltr'>actus</span> <span class='ocrx_word' id='word_1_28' title='bbox 515 557 545 609; x_wconf 90' lang='lat' dir='ltr'>sit</span> <span class='ocrx_word' id='word_1_29' title='bbox 557 558 654 610; x_wconf 83' lang='lat' dir='ltr'>nobilior</span> <span class='ocrx_word' id='word_1_30' title='bbox 667 562 778 625; x_wconf 89' lang='lat' dir='ltr'>potentia.</span> <span class='ocrx_word' id='word_1_31' title='bbox 793 564 838 616; x_wconf 84' lang='lat' dir='ltr'>Sed</span> 
     </span>
     <span class='ocr_line' id='line_1_6' title="bbox 65 620 839 699; baseline 0.03 -35"><span class='ocrx_word' id='word_1_32' title='bbox 65 620 110 669; x_wconf 88' lang='lat' dir='ltr'>aetio</span> <span class='ocrx_word' id='word_1_33' title='bbox 121 626 156 676; x_wconf 85' lang='lat' dir='ltr'>llel</span> <span class='ocrx_word' id='word_1_34' title='bbox 171 642 217 679; x_wconf 88' lang='lat' dir='ltr'>non</span> <span class='ocrx_word' id='word_1_35' title='bbox 232 632 268 679; x_wconf 86' lang='lat' dir='ltr'>est</span> <span class='ocrx_word' id='word_1_36' title='bbox 280 629 343 679; x_wconf 85' lang='lat' dir='ltr'>alind</span> <span class='ocrx_word' id='word_1_37' title='bbox 358 630 386 679; x_wconf 85' lang='lat' dir='ltr'>alo</span> <span class='ocrx_word' id='word_1_38' title='bbox 405 630 457 694; x_wconf 74' lang='lat' dir='ltr'>ejus</span> <span class='ocrx_word' id='word_1_39' title='bbox 472 630 587 697; x_wconf 75' lang='lat' dir='ltr'>potentia5</span> <span class='ocrx_word' id='word_1_40' title='bbox 605 632 646 683; x_wconf 81' lang='lat' dir='ltr'>sed</span> <span class='ocrx_word' id='word_1_41' title='bbox 661 636 783 699; x_wconf 84' lang='lat' dir='ltr'>utrumque</span> <span class='ocrx_word' id='word_1_42' title='bbox 803 640 839 687; x_wconf 86' lang='lat' dir='ltr'>est</span> 
     </span>
     <span class='ocr_line' id='line_1_7' title="bbox 62 695 838 769; baseline 0.027 -33"><span class='ocrx_word' id='word_1_43' title='bbox 62 695 138 747; x_wconf 83' lang='lat' dir='ltr'>essenia</span> <span class='ocrx_word' id='word_1_44' title='bbox 155 699 247 763; x_wconf 87' lang='lat' dir='ltr'>divina,</span> <span class='ocrx_word' id='word_1_45' title='bbox 261 700 316 767; x_wconf 83' lang='lat' dir='ltr'>qoria</span> <span class='ocrx_word' id='word_1_46' title='bbox 336 714 380 752; x_wconf 88' lang='lat' dir='ltr'>nee</span> <span class='ocrx_word' id='word_1_47' title='bbox 397 717 449 751; x_wconf 80' lang='lat' dir='ltr'>esee</span> <span class='ocrx_word' id='word_1_48' title='bbox 467 703 518 767; x_wconf 86' lang='lat' dir='ltr'>ejus</span> <span class='ocrx_word' id='word_1_49' title='bbox 530 707 565 753; x_wconf 85' lang='lat' dir='ltr'>est</span> <span class='ocrx_word' id='word_1_50' title='bbox 575 704 637 756; x_wconf 85' lang='lat' dir='ltr'>aliud</span> <span class='ocrx_word' id='word_1_51' title='bbox 653 704 682 755; x_wconf 87' lang='lat' dir='ltr'>ah</span> <span class='ocrx_word' id='word_1_52' title='bbox 696 704 746 769; x_wconf 80' lang='lat' dir='ltr'>ejus</span> <span class='ocrx_word' id='word_1_53' title='bbox 760 720 838 759; x_wconf 85' lang='lat' dir='ltr'>essen-</span> 
     </span>
     <span class='ocr_line' id='line_1_8' title="bbox 62 762 838 850; baseline 0.028 -42"><span class='ocrx_word' id='word_1_54' title='bbox 62 762 86 810; x_wconf 87' lang='lat' dir='ltr'>liu</span> <span class='ocrx_word' id='word_1_55' title='bbox 99 765 131 831; x_wconf 72' lang='lat' dir='ltr'>(l).</span> <span class='ocrx_word' id='word_1_56' title='bbox 143 772 205 823; x_wconf 88' lang='lat' dir='ltr'>Unde</span> <span class='ocrx_word' id='word_1_57' title='bbox 222 786 269 823; x_wconf 89' lang='lat' dir='ltr'>non</span> <span class='ocrx_word' id='word_1_58' title='bbox 285 777 376 838; x_wconf 84' lang='lat' dir='ltr'>opertet</span> <span class='ocrx_word' id='word_1_59' title='bbox 393 773 457 850; x_wconf 68' lang='lat' dir='ltr'>quod</span> <span class='ocrx_word' id='word_1_60' title='bbox 469 774 555 840; x_wconf 72' lang='lat' dir='ltr'>aliqud</span> <span class='ocrx_word' id='word_1_61' title='bbox 565 774 596 827; x_wconf 84' lang='lat' dir='ltr'>sit</span> <span class='ocrx_word' id='word_1_62' title='bbox 608 775 707 827; x_wconf 85' lang='lat' dir='ltr'>nobilius</span> <span class='ocrx_word' id='word_1_63' title='bbox 718 776 786 841; x_wconf 77' lang='lat' dir='ltr'>quon</span> <span class='ocrx_word' id='word_1_64' title='bbox 797 793 838 844; x_wconf 87' lang='lat' dir='ltr'>po·</span> 
     </span>
     <span class='ocr_line' id='line_1_9' title="bbox 62 838 170 893; baseline 0.13 -13"><span class='ocrx_word' id='word_1_65' title='bbox 62 838 116 887; x_wconf 86' lang='lat' dir='ltr'>lentio</span> <span class='ocrx_word' id='word_1_66' title='bbox 126 843 170 893; x_wconf 89' lang='lat' dir='ltr'>oei.</span> 
     </span>
    </p>

    <p class='ocr_par' dir='ltr' id='par_1_4' title="bbox 50 911 839 1704">
     <span class='ocr_line' id='line_1_10' title="bbox 83 911 838 983; baseline 0.015 -20"><span class='ocrx_word' id='word_1_67' title='bbox 83 911 109 960; x_wconf 86' lang='lat' dir='ltr'>ld</span> <span class='ocrx_word' id='word_1_68' title='bbox 121 916 208 966; x_wconf 88' lang='lat' dir='ltr'>tertium</span> <span class='ocrx_word' id='word_1_69' title='bbox 229 916 363 981; x_wconf 81' lang='lat' dir='ltr'>dicendum,</span> <span class='ocrx_word' id='word_1_70' title='bbox 381 918 444 982; x_wconf 83' lang='lat' dir='ltr'>qnod</span> <span class='ocrx_word' id='word_1_71' title='bbox 456 918 560 983; x_wconf 87' lang='lat' dir='ltr'>potentia</span> <span class='ocrx_word' id='word_1_72' title='bbox 574 918 600 969; x_wconf 89' lang='lat' dir='ltr'>ln</span> <span class='ocrx_word' id='word_1_73' title='bbox 615 920 683 971; x_wconf 88' lang='lat' dir='ltr'>rebus</span> <span class='ocrx_word' id='word_1_74' title='bbox 696 921 779 975; x_wconf 69' lang='lat' dir='ltr'>crenus</span> <span class='ocrx_word' id='word_1_75' title='bbox 791 936 838 974; x_wconf 89' lang='lat' dir='ltr'>non</span> 
     </span>
     <span class='ocr_line' id='line_1_11' title="bbox 59 980 838 1057; baseline 0.017 -23"><span class='ocrx_word' id='word_1_76' title='bbox 59 980 115 1055; x_wconf 76' lang='lat' dir='ltr'>ulna</span> <span class='ocrx_word' id='word_1_77' title='bbox 126 993 157 1037; x_wconf 89' lang='lat' dir='ltr'>eet</span> <span class='ocrx_word' id='word_1_78' title='bbox 167 988 308 1053; x_wconf 87' lang='lat' dir='ltr'>principium</span> <span class='ocrx_word' id='word_1_79' title='bbox 322 989 434 1054; x_wconf 84' lang='lat' dir='ltr'>aetionis,</span> <span class='ocrx_word' id='word_1_80' title='bbox 450 992 491 1042; x_wconf 90' lang='lat' dir='ltr'>sed</span> <span class='ocrx_word' id='word_1_81' title='bbox 512 991 581 1043; x_wconf 84' lang='lat' dir='ltr'>etiarn</span> <span class='ocrx_word' id='word_1_82' title='bbox 598 992 702 1043; x_wconf 80' lang='lat' dir='ltr'>effectis.</span> <span class='ocrx_word' id='word_1_83' title='bbox 715 993 753 1045; x_wconf 85' lang='lat' dir='ltr'>Sic</span> <span class='ocrx_word' id='word_1_84' title='bbox 767 994 838 1057; x_wconf 76' lang='lat' dir='ltr'>igitur</span> 
     </span>
     <span class='ocr_line' id='line_1_12' title="bbox 57 1054 838 1130; baseline 0.015 -25"><span class='ocrx_word' id='word_1_85' title='bbox 57 1063 78 1098; x_wconf 76' lang='lat' dir='ltr'>ip</span> <span class='ocrx_word' id='word_1_86' title='bbox 86 1054 123 1106; x_wconf 83' lang='lat' dir='ltr'>lieo</span> <span class='ocrx_word' id='word_1_87' title='bbox 130 1061 226 1110; x_wconf 83' lang='lat' dir='ltr'>saluatur</span> <span class='ocrx_word' id='word_1_88' title='bbox 236 1058 295 1113; x_wconf 88' lang='lat' dir='ltr'>ratio</span> <span class='ocrx_word' id='word_1_89' title='bbox 308 1061 417 1125; x_wconf 78' lang='lat' dir='ltr'>potentie</span> <span class='ocrx_word' id='word_1_90' title='bbox 428 1067 539 1126; x_wconf 80' lang='lat' dir='ltr'>quantum</span> <span class='ocrx_word' id='word_1_91' title='bbox 553 1064 582 1114; x_wconf 91' lang='lat' dir='ltr'>ad</span> <span class='ocrx_word' id='word_1_92' title='bbox 595 1064 640 1115; x_wconf 88' lang='lat' dir='ltr'>hon</span> <span class='ocrx_word' id='word_1_93' title='bbox 655 1062 716 1129; x_wconf 82' lang='lat' dir='ltr'>qu&#39;od</span> <span class='ocrx_word' id='word_1_94' title='bbox 728 1069 763 1115; x_wconf 85' lang='lat' dir='ltr'>est</span> <span class='ocrx_word' id='word_1_95' title='bbox 775 1066 838 1130; x_wconf 89' lang='lat' dir='ltr'>prin-</span> 
     </span>
     <span class='ocr_line' id='line_1_13' title="bbox 58 1122 838 1202; baseline 0.005 -17"><span class='ocrx_word' id='word_1_96' title='bbox 58 1122 126 1185; x_wconf 73' lang='lat' dir='ltr'>oipipffl</span> <span class='ocrx_word' id='word_1_97' title='bbox 139 1131 247 1195; x_wconf 77' lang='lat' dir='ltr'>effectis,</span> <span class='ocrx_word' id='word_1_98' title='bbox 260 1136 398 1184; x_wconf 86' lang='lat' dir='ltr'>nouantem</span> <span class='ocrx_word' id='word_1_99' title='bbox 409 1138 521 1197; x_wconf 84' lang='lat' dir='ltr'>quantum</span> <span class='ocrx_word' id='word_1_100' title='bbox 537 1136 621 1186; x_wconf 87' lang='lat' dir='ltr'>adhoc</span> <span class='ocrx_word' id='word_1_101' title='bbox 633 1135 693 1201; x_wconf 82' lang='lat' dir='ltr'>quod</span> <span class='ocrx_word' id='word_1_102' title='bbox 706 1140 741 1188; x_wconf 88' lang='lat' dir='ltr'>esi</span> <span class='ocrx_word' id='word_1_103' title='bbox 751 1138 838 1202; x_wconf 89' lang='lat' dir='ltr'>princi·</span> 
     </span>
     <span class='ocr_line' id='line_1_14' title="bbox 59 1195 837 1272; baseline 0.01 -17"><span class='ocrx_word' id='word_1_104' title='bbox 59 1195 208 1267; x_wconf 78' lang='lat' dir='ltr'>piuuaedenis,</span> <span class='ocrx_word' id='word_1_105' title='bbox 216 1217 268 1268; x_wconf 79' lang='lat' dir='ltr'>quae</span> <span class='ocrx_word' id='word_1_106' title='bbox 280 1208 315 1266; x_wconf 78' lang='lat' dir='ltr'>est</span> <span class='ocrx_word' id='word_1_107' title='bbox 326 1205 404 1255; x_wconf 70' lang='lat' dir='ltr'>duna</span> <span class='ocrx_word' id='word_1_108' title='bbox 415 1206 513 1257; x_wconf 65' lang='lat' dir='ltr'>enuntia</span> <span class='ocrx_word' id='word_1_109' title='bbox 523 1206 572 1272; x_wconf 57' lang='lat' dir='ltr'>(ip</span> <span class='ocrx_word' id='word_1_110' title='bbox 587 1207 633 1259; x_wconf 87' lang='lat' dir='ltr'>uisi</span> <span class='ocrx_word' id='word_1_111' title='bbox 643 1207 702 1257; x_wconf 82' lang='lat' dir='ltr'>fortd</span> <span class='ocrx_word' id='word_1_112' title='bbox 711 1210 837 1263; x_wconf 80' lang='lat' dir='ltr'>secundina</span> 
     </span>
     <span class='ocr_line' id='line_1_15' title="bbox 56 1270 839 1347; baseline 0.015 -26"><span class='ocrx_word' id='word_1_113' title='bbox 56 1270 130 1323; x_wconf 76' lang='lat' dir='ltr'>modun</span> <span class='ocrx_word' id='word_1_114' title='bbox 139 1276 297 1340; x_wconf 82' lang='lat' dir='ltr'>intelligendi,</span> <span class='ocrx_word' id='word_1_115' title='bbox 318 1281 386 1341; x_wconf 88' lang='lat' dir='ltr'>prout</span> <span class='ocrx_word' id='word_1_116' title='bbox 399 1277 477 1329; x_wconf 75' lang='lat' dir='ltr'>diurna</span> <span class='ocrx_word' id='word_1_117' title='bbox 488 1280 588 1330; x_wconf 81' lang='lat' dir='ltr'>essentia</span> <span class='ocrx_word' id='word_1_118' title='bbox 600 1280 666 1345; x_wconf 71' lang='lat' dir='ltr'>(quas</span> <span class='ocrx_word' id='word_1_119' title='bbox 677 1279 702 1330; x_wconf 88' lang='lat' dir='ltr'>in</span> <span class='ocrx_word' id='word_1_120' title='bbox 714 1294 738 1331; x_wconf 85' lang='lat' dir='ltr'>se</span> <span class='ocrx_word' id='word_1_121' title='bbox 750 1282 839 1347; x_wconf 88' lang='lat' dir='ltr'>simpli·</span> 
     </span>
     <span class='ocr_line' id='line_1_16' title="bbox 55 1341 839 1418; baseline 0.027 -32"><span class='ocrx_word' id='word_1_122' title='bbox 55 1341 217 1409; x_wconf 81' lang='lat' dir='ltr'>elerprelnanet</span> <span class='ocrx_word' id='word_1_123' title='bbox 226 1349 339 1414; x_wconf 80' lang='lat' dir='ltr'>quiequid</span> <span class='ocrx_word' id='word_1_124' title='bbox 347 1350 496 1414; x_wconf 84' lang='lat' dir='ltr'>perfeetionis</span> <span class='ocrx_word' id='word_1_125' title='bbox 504 1354 539 1402; x_wconf 90' lang='lat' dir='ltr'>est</span> <span class='ocrx_word' id='word_1_126' title='bbox 546 1352 571 1403; x_wconf 89' lang='lat' dir='ltr'>in</span> <span class='ocrx_word' id='word_1_127' title='bbox 582 1353 650 1403; x_wconf 80' lang='lat' dir='ltr'>relius</span> <span class='ocrx_word' id='word_1_128' title='bbox 659 1352 750 1418; x_wconf 86' lang='lat' dir='ltr'>creatis)</span> <span class='ocrx_word' id='word_1_129' title='bbox 762 1360 839 1418; x_wconf 80' lang='lat' dir='ltr'>polest</span> 
     </span>
     <span class='ocr_line' id='line_1_17' title="bbox 54 1410 838 1489; baseline 0.028 -32"><span class='ocrx_word' id='word_1_130' title='bbox 54 1410 132 1481; x_wconf 82' lang='lat' dir='ltr'>intelligi</span> <span class='ocrx_word' id='word_1_131' title='bbox 141 1424 166 1471; x_wconf 92' lang='lat' dir='ltr'>et</span> <span class='ocrx_word' id='word_1_132' title='bbox 178 1423 220 1471; x_wconf 82' lang='lat' dir='ltr'>sule</span> <span class='ocrx_word' id='word_1_133' title='bbox 233 1422 323 1473; x_wconf 89' lang='lat' dir='ltr'>ratione</span> <span class='ocrx_word' id='word_1_134' title='bbox 341 1422 437 1482; x_wconf 80' lang='lat' dir='ltr'>audonis</span> <span class='ocrx_word' id='word_1_135' title='bbox 449 1428 473 1474; x_wconf 90' lang='lat' dir='ltr'>et</span> <span class='ocrx_word' id='word_1_136' title='bbox 483 1425 525 1475; x_wconf 79' lang='lat' dir='ltr'>suli</span> <span class='ocrx_word' id='word_1_137' title='bbox 539 1424 627 1475; x_wconf 87' lang='lat' dir='ltr'>natione</span> <span class='ocrx_word' id='word_1_138' title='bbox 642 1425 767 1489; x_wconf 83' lang='lat' dir='ltr'>potentiae,</span> <span class='ocrx_word' id='word_1_139' title='bbox 779 1426 838 1479; x_wconf 86' lang='lat' dir='ltr'>siout</span> 
     </span>
     <span class='ocr_line' id='line_1_18' title="bbox 53 1486 839 1560; baseline 0.013 -22"><span class='ocrx_word' id='word_1_140' title='bbox 53 1486 106 1538; x_wconf 73' lang='lat' dir='ltr'>tium</span> <span class='ocrx_word' id='word_1_141' title='bbox 118 1491 252 1555; x_wconf 80' lang='lat' dir='ltr'>intelligitur</span> <span class='ocrx_word' id='word_1_142' title='bbox 264 1498 289 1544; x_wconf 87' lang='lat' dir='ltr'>el</span> <span class='ocrx_word' id='word_1_143' title='bbox 303 1495 345 1545; x_wconf 90' lang='lat' dir='ltr'>sub</span> <span class='ocrx_word' id='word_1_144' title='bbox 361 1494 449 1546; x_wconf 86' lang='lat' dir='ltr'>rationo</span> <span class='ocrx_word' id='word_1_145' title='bbox 463 1495 574 1560; x_wconf 81' lang='lat' dir='ltr'>suppositi</span> <span class='ocrx_word' id='word_1_146' title='bbox 585 1495 690 1547; x_wconf 88' lang='lat' dir='ltr'>habentis</span> <span class='ocrx_word' id='word_1_147' title='bbox 700 1500 804 1547; x_wconf 73' lang='lat' dir='ltr'>palmam</span> <span class='ocrx_word' id='word_1_148' title='bbox 815 1500 839 1559; x_wconf 84' lang='lat' dir='ltr'>et</span> 
     </span>
     <span class='ocr_line' id='line_1_19' title="bbox 53 1559 837 1637; baseline 0.027 -35"><span class='ocrx_word' id='word_1_149' title='bbox 53 1559 84 1606; x_wconf 73' lang='lat' dir='ltr'>sule</span> <span class='ocrx_word' id='word_1_150' title='bbox 90 1563 172 1615; x_wconf 89' lang='lat' dir='ltr'>ratione</span> <span class='ocrx_word' id='word_1_151' title='bbox 178 1570 265 1617; x_wconf 77' lang='lat' dir='ltr'>natura</span> <span class='ocrx_word' id='word_1_152' title='bbox 274 1566 320 1632; x_wconf 81' lang='lat'>(3).</span> <span class='ocrx_word' id='word_1_153' title='bbox 330 1566 367 1617; x_wconf 84' lang='lat' dir='ltr'>Sic</span> <span class='ocrx_word' id='word_1_154' title='bbox 374 1565 444 1630; x_wconf 81' lang='lat' dir='ltr'>igitur</span> <span class='ocrx_word' id='word_1_155' title='bbox 453 1568 478 1619; x_wconf 91' lang='lat' dir='ltr'>in</span> <span class='ocrx_word' id='word_1_156' title='bbox 487 1570 533 1619; x_wconf 81' lang='lat' dir='ltr'>lieo</span> <span class='ocrx_word' id='word_1_157' title='bbox 541 1569 642 1619; x_wconf 84' lang='lat' dir='ltr'>salvatur</span> <span class='ocrx_word' id='word_1_158' title='bbox 651 1568 710 1621; x_wconf 85' lang='lat' dir='ltr'>ratio</span> <span class='ocrx_word' id='word_1_159' title='bbox 719 1570 837 1637; x_wconf 81' lang='lat' dir='ltr'>potentiae,</span> 
     </span>
     <span class='ocr_line' id='line_1_20' title="bbox 50 1636 794 1704; baseline 0.012 -20"><span class='ocrx_word' id='word_1_160' title='bbox 50 1638 240 1699; x_wconf 74' lang='lat' dir='ltr'>opoontunnadhoo</span> <span class='ocrx_word' id='word_1_161' title='bbox 250 1636 313 1703; x_wconf 82' lang='lat' dir='ltr'>quod</span> <span class='ocrx_word' id='word_1_162' title='bbox 326 1643 361 1689; x_wconf 88' lang='lat' dir='ltr'>est</span> <span class='ocrx_word' id='word_1_163' title='bbox 378 1638 517 1704; x_wconf 80' lang='lat' dir='ltr'>principium</span> <span class='ocrx_word' id='word_1_164' title='bbox 530 1640 636 1699; x_wconf 80' lang='lat' dir='ltr'>elieotols.</span> <span class='ocrx_word' id='word_1_165' title='bbox 791 1672 794 1683; x_wconf 75' lang='lat'>‚</span> 
     </span>
    </p>

    <p class='ocr_par' dir='ltr' id='par_1_5' title="bbox 74 1708 838 1780">
     <span class='ocr_line' id='line_1_21' title="bbox 74 1708 838 1780; baseline 0.016 -25"><span class='ocrx_word' id='word_1_166' title='bbox 74 1708 101 1756; x_wconf 82' lang='lat' dir='ltr'>ld</span> <span class='ocrx_word' id='word_1_167' title='bbox 113 1714 218 1774; x_wconf 80' lang='lat' dir='ltr'>quartum</span> <span class='ocrx_word' id='word_1_168' title='bbox 229 1710 352 1762; x_wconf 85' lang='lat' dir='ltr'>dicendum</span> <span class='ocrx_word' id='word_1_169' title='bbox 363 1748 370 1772; x_wconf 93' lang='lat'>,</span> <span class='ocrx_word' id='word_1_170' title='bbox 392 1711 454 1777; x_wconf 79' lang='lat' dir='ltr'>quod</span> <span class='ocrx_word' id='word_1_171' title='bbox 472 1713 576 1777; x_wconf 85' lang='lat' dir='ltr'>potentia</span> <span class='ocrx_word' id='word_1_172' title='bbox 588 1728 634 1766; x_wconf 89' lang='lat' dir='ltr'>uon</span> <span class='ocrx_word' id='word_1_173' title='bbox 645 1714 739 1780; x_wconf 89' lang='lat' dir='ltr'>ponitur</span> <span class='ocrx_word' id='word_1_174' title='bbox 755 1714 780 1765; x_wconf 89' lang='lat' dir='ltr'>in</span> <span class='ocrx_word' id='word_1_175' title='bbox 791 1716 838 1768; x_wconf 85' lang='lat' dir='ltr'>Deo</span> 
     </span>
    </p>

    <p class='ocr_par' dir='ltr' id='par_1_6' title="bbox 46 1779 839 2408">
     <span class='ocr_line' id='line_1_22' title="bbox 51 1779 836 1852; baseline 0.019 -28"><span class='ocrx_word' id='word_1_176' title='bbox 51 1780 71 1823; x_wconf 86' lang='lat' dir='ltr'>ut</span> <span class='ocrx_word' id='word_1_177' title='bbox 81 1779 159 1845; x_wconf 76' lang='lat' dir='ltr'>alqdd</span> <span class='ocrx_word' id='word_1_178' title='bbox 176 1781 284 1837; x_wconf 79' lang='lat' dir='ltr'>differens</span> <span class='ocrx_word' id='word_1_179' title='bbox 299 1782 313 1833; x_wconf 72' lang='lat' dir='ltr'>t</span> <span class='ocrx_word' id='word_1_180' title='bbox 328 1784 424 1835; x_wconf 87' lang='lat' dir='ltr'>seientia</span> <span class='ocrx_word' id='word_1_181' title='bbox 437 1784 488 1835; x_wconf 80' lang='lat' dir='ltr'>etl</span> <span class='ocrx_word' id='word_1_182' title='bbox 505 1787 622 1840; x_wconf 84' lang='lat' dir='ltr'>voluntate</span> <span class='ocrx_word' id='word_1_183' title='bbox 639 1786 766 1839; x_wconf 79' lang='lat' dir='ltr'>seeundum</span> <span class='ocrx_word' id='word_1_184' title='bbox 776 1802 836 1852; x_wconf 86' lang='lat' dir='ltr'>rem,</span> 
     </span>
     <span class='ocr_line' id='line_1_23' title="bbox 47 1850 839 1926; baseline 0.023 -33"><span class='ocrx_word' id='word_1_185' title='bbox 47 1850 78 1896; x_wconf 73' lang='lat' dir='ltr'>sel</span> <span class='ocrx_word' id='word_1_186' title='bbox 91 1854 162 1904; x_wconf 84' lang='lat' dir='ltr'>soldrn</span> <span class='ocrx_word' id='word_1_187' title='bbox 174 1854 302 1905; x_wconf 83' lang='lat' dir='ltr'>seeundiem</span> <span class='ocrx_word' id='word_1_188' title='bbox 312 1855 437 1919; x_wconf 66' lang='lat' dir='ltr'>rationem</span> <span class='ocrx_word' id='word_1_189' title='bbox 457 1856 482 1907; x_wconf 89' lang='lat' dir='ltr'>in</span> <span class='ocrx_word' id='word_1_190' title='bbox 501 1862 611 1923; x_wconf 72' lang='lat' dir='ltr'>quantmr</span> <span class='ocrx_word' id='word_1_191' title='bbox 623 1860 716 1926; x_wconf 20' lang='lat' dir='ltr'>*scilieet</span> <span class='ocrx_word' id='word_1_192' title='bbox 735 1860 839 1924; x_wconf 83' lang='lat' dir='ltr'>potentia</span> 
     </span>
     <span class='ocr_line' id='line_1_24' title="bbox 49 1919 838 1995; baseline 0.01 -20"><span class='ocrx_word' id='word_1_193' title='bbox 49 1919 142 1982; x_wconf 71' lang='lat' dir='ltr'>inportat</span> <span class='ocrx_word' id='word_1_194' title='bbox 160 1926 272 1977; x_wconf 82' lang='lat' dir='ltr'>rationem</span> <span class='ocrx_word' id='word_1_195' title='bbox 287 1925 395 1991; x_wconf 83' lang='lat' dir='ltr'>principii</span> <span class='ocrx_word' id='word_1_196' title='bbox 407 1930 541 1993; x_wconf 76' lang='lat' dir='ltr'>exequente</span> <span class='ocrx_word' id='word_1_197' title='bbox 555 1929 579 1981; x_wconf 90' lang='lat' dir='ltr'>id</span> <span class='ocrx_word' id='word_1_198' title='bbox 594 1932 655 1995; x_wconf 88' lang='lat' dir='ltr'>quod</span> <span class='ocrx_word' id='word_1_199' title='bbox 671 1932 776 1982; x_wconf 80' lang='lat' dir='ltr'>uoluntas</span> <span class='ocrx_word' id='word_1_200' title='bbox 794 1930 838 1983; x_wconf 90' lang='lat' dir='ltr'>im·</span> 
     </span>
     <span class='ocr_line' id='line_1_25' title="bbox 46 1998 838 2067; baseline 0.015 -26"><span class='ocrx_word' id='word_1_201' title='bbox 46 1999 115 2058; x_wconf 62' lang='lat' dir='ltr'>propat,</span> <span class='ocrx_word' id='word_1_202' title='bbox 132 1998 198 2047; x_wconf 83' lang='lat' dir='ltr'>etad</span> <span class='ocrx_word' id='word_1_203' title='bbox 211 1999 272 2063; x_wconf 84' lang='lat' dir='ltr'>qued</span> <span class='ocrx_word' id='word_1_204' title='bbox 291 1999 388 2050; x_wconf 84' lang='lat' dir='ltr'>seientia</span> <span class='ocrx_word' id='word_1_205' title='bbox 401 2000 478 2064; x_wconf 78' lang='lat' dir='ltr'>dirigit</span> <span class='ocrx_word' id='word_1_206' title='bbox 493 2017 499 2051; x_wconf 74' lang='grc' dir='ltr'><strong>ε</strong></span> <span class='ocrx_word' id='word_1_207' title='bbox 517 2003 628 2067; x_wconf 72' lang='lat' dir='ltr'>quatrio</span> <span class='ocrx_word' id='word_1_208' title='bbox 645 2004 692 2057; x_wconf 78' lang='lat' dir='ltr'>lieo</span> <span class='ocrx_word' id='word_1_209' title='bbox 711 2002 838 2053; x_wconf 75' lang='lat' dir='ltr'>secundiori</span> 
     </span>
     <span class='ocr_line' id='line_1_26' title="bbox 47 2062 838 2137; baseline 0.018 -26"><span class='ocrx_word' id='word_1_210' title='bbox 47 2062 96 2112; x_wconf 56' lang='lat' dir='ltr'>elene</span> <span class='ocrx_word' id='word_1_211' title='bbox 107 2068 256 2119; x_wconf 78' lang='lat' dir='ltr'>conueniunt.</span> <span class='ocrx_word' id='word_1_212' title='bbox 266 2070 309 2120; x_wconf 82' lang='lat' dir='ltr'>Vel</span> <span class='ocrx_word' id='word_1_213' title='bbox 319 2070 439 2121; x_wconf 80' lang='lat' dir='ltr'>dicendum</span> <span class='ocrx_word' id='word_1_214' title='bbox 449 2071 509 2136; x_wconf 81' lang='lat' dir='ltr'>quod</span> <span class='ocrx_word' id='word_1_215' title='bbox 518 2074 568 2137; x_wconf 86' lang='lat' dir='ltr'>ipsa</span> <span class='ocrx_word' id='word_1_216' title='bbox 576 2072 672 2125; x_wconf 77' lang='lat' dir='ltr'>scientia</span> <span class='ocrx_word' id='word_1_217' title='bbox 682 2075 720 2125; x_wconf 84' lang='lat' dir='ltr'>vel</span> <span class='ocrx_word' id='word_1_218' title='bbox 730 2076 838 2125; x_wconf 82' lang='lat' dir='ltr'>voluntas</span> 
     </span>
     <span class='ocr_line' id='line_1_27' title="bbox 48 2131 838 2209; baseline 0.019 -27"><span class='ocrx_word' id='word_1_219' title='bbox 48 2131 112 2187; x_wconf 79' lang='lat' dir='ltr'>uuna</span> <span class='ocrx_word' id='word_1_220' title='bbox 122 2139 246 2190; x_wconf 78' lang='lat' dir='ltr'>secundine</span> <span class='ocrx_word' id='word_1_221' title='bbox 257 2140 318 2205; x_wconf 79' lang='lat' dir='ltr'>quod</span> <span class='ocrx_word' id='word_1_222' title='bbox 328 2146 364 2193; x_wconf 89' lang='lat' dir='ltr'>est</span> <span class='ocrx_word' id='word_1_223' title='bbox 373 2142 512 2209; x_wconf 77' lang='lat' dir='ltr'>principium</span> <span class='ocrx_word' id='word_1_224' title='bbox 527 2146 673 2209; x_wconf 72' lang='lat' dir='ltr'>allodirum,</span> <span class='ocrx_word' id='word_1_225' title='bbox 687 2146 758 2197; x_wconf 87' lang='lat' dir='ltr'>habet</span> <span class='ocrx_word' id='word_1_226' title='bbox 769 2148 838 2198; x_wconf 87' lang='lat' dir='ltr'>ratio-</span> 
     </span>
     <span class='ocr_line' id='line_1_28' title="bbox 48 2211 838 2284; baseline 0.016 -27"><span class='ocrx_word' id='word_1_227' title='bbox 48 2216 88 2255; x_wconf 57' lang='lat' dir='ltr'>tour</span> <span class='ocrx_word' id='word_1_228' title='bbox 102 2211 210 2273; x_wconf 78' lang='lat' dir='ltr'>potentine</span> <span class='ocrx_word' id='word_1_229' title='bbox 224 2228 230 2261; x_wconf 94' lang='lat'>:</span> <span class='ocrx_word' id='word_1_230' title='bbox 246 2214 307 2263; x_wconf 90' lang='lat' dir='ltr'>unde</span> <span class='ocrx_word' id='word_1_231' title='bbox 325 2213 479 2267; x_wconf 81' lang='lat' dir='ltr'>consideratio</span> <span class='ocrx_word' id='word_1_232' title='bbox 493 2216 595 2268; x_wconf 81' lang='lat' dir='ltr'>scientiae</span> <span class='ocrx_word' id='word_1_233' title='bbox 609 2220 633 2267; x_wconf 89' lang='lat' dir='ltr'>et</span> <span class='ocrx_word' id='word_1_234' title='bbox 645 2218 768 2269; x_wconf 86' lang='lat' dir='ltr'>voluntatis</span> <span class='ocrx_word' id='word_1_235' title='bbox 779 2234 838 2284; x_wconf 79' lang='lat' dir='ltr'>prae·</span> 
     </span>
     <span class='ocr_line' id='line_1_29' title="bbox 46 2278 838 2357; baseline 0.03 -34"><span class='ocrx_word' id='word_1_236' title='bbox 46 2278 97 2326; x_wconf 62' lang='lat' dir='ltr'>adit</span> <span class='ocrx_word' id='word_1_237' title='bbox 106 2281 132 2330; x_wconf 87' lang='lat' dir='ltr'>ln</span> <span class='ocrx_word' id='word_1_238' title='bbox 144 2283 189 2334; x_wconf 82' lang='lat' dir='ltr'>lieo</span> <span class='ocrx_word' id='word_1_239' title='bbox 203 2284 410 2338; x_wconf 66' lang='lat' dir='ltr'>ponderationem</span> <span class='ocrx_word' id='word_1_240' title='bbox 425 2288 548 2353; x_wconf 85' lang='lat' dir='ltr'>potentiae,</span> <span class='ocrx_word' id='word_1_241' title='bbox 570 2287 629 2340; x_wconf 86' lang='lat' dir='ltr'>siout</span> <span class='ocrx_word' id='word_1_242' title='bbox 646 2302 715 2342; x_wconf 84' lang='lat' dir='ltr'>eausa</span> <span class='ocrx_word' id='word_1_243' title='bbox 730 2290 838 2357; x_wconf 83' lang='lat' dir='ltr'>praeeedit</span> 
     </span>
     <span class='ocr_line' id='line_1_30' title="bbox 46 2352 728 2408; baseline 0.026 -14"><span class='ocrx_word' id='word_1_244' title='bbox 46 2352 227 2408; x_wconf 61' lang='grc' dir='ltr'>ΙΙεεεεῐίειιεεεεῑ</span> <span class='ocrx_word' id='word_1_245' title='bbox 240 2356 357 2407; x_wconf 82' lang='lat' dir='ltr'>ellectum.</span> <span class='ocrx_word' id='word_1_246' title='bbox 726 2372 728 2381; x_wconf 58' lang='lat'><strong><em>¹</em></strong></span> 
     </span>
    </p>
   </div>
   <div class='ocr_carea' id='block_1_3' title="bbox 45 2470 837 2581">
    <p class='ocr_par' dir='ltr' id='par_1_7' title="bbox 45 2470 837 2581">
     <span class='ocr_line' id='line_1_31' title="bbox 58 2470 837 2575; baseline 0.023 -57"><span class='ocrx_word' id='word_1_247' title='bbox 58 2470 101 2575; x_wconf 50' lang='lat' dir='ltr'>a{ll</span> <span class='ocrx_word' id='word_1_248' title='bbox 115 2474 184 2521; x_wconf 72' lang='lat' dir='ltr'>iiten</span> <span class='ocrx_word' id='word_1_249' title='bbox 204 2476 311 2533; x_wconf 79' lang='lat' dir='ltr'>professe</span> <span class='ocrx_word' id='word_1_250' title='bbox 331 2491 371 2537; x_wconf 84' lang='lat' dir='ltr'>qu.</span> <span class='ocrx_word' id='word_1_251' title='bbox 393 2477 417 2542; x_wconf 76' lang='grc'>3,</span> <span class='ocrx_word' id='word_1_252' title='bbox 438 2480 525 2551; x_wconf 45' lang='lat' dir='ltr'>mxii</span> <span class='ocrx_word' id='word_1_253' title='bbox 545 2481 685 2543; x_wconf 62' lang='lat' dir='ltr'>explicatum*</span> <span class='ocrx_word' id='word_1_254' title='bbox 699 2484 771 2533; x_wconf 83' lang='lat' dir='ltr'>est&#39;et</span> <span class='ocrx_word' id='word_1_255' title='bbox 783 2498 837 2547; x_wconf 86' lang='lat' dir='ltr'>pru-</span> 
     </span>
     <span class='ocr_line' id='line_1_32' title="bbox 45 2537 525 2581; baseline 0.013 -5"><span class='ocrx_word' id='word_1_256' title='bbox 45 2537 55 2571; x_wconf 63' lang='grc' dir='ltr'><strong>ἐ</strong></span> <span class='ocrx_word' id='word_1_257' title='bbox 80 2547 128 2581; x_wconf 87' lang='lat' dir='ltr'>um.</span> <span class='ocrx_word' id='word_1_258' title='bbox 522 2552 525 2560; x_wconf 73' lang='lat'>¹</span> 
     </span>
    </p>
   </div>
   <div class='ocr_carea' id='block_1_4' title="bbox 71 2604 446 2673">
    <p class='ocr_par' dir='ltr' id='par_1_8' title="bbox 71 2604 446 2673">
     <span class='ocr_line' id='line_1_33' title="bbox 71 2604 446 2673; baseline 0.024 -20"><span class='ocrx_word' id='word_1_259' title='bbox 71 2604 101 2662; x_wconf 68' lang='lat'>(2)</span> <span class='ocrx_word' id='word_1_260' title='bbox 116 2608 234 2673; x_wconf 44' lang='lat' dir='ltr'>itendedp</span> <span class='ocrx_word' id='word_1_261' title='bbox 248 2625 296 2659; x_wconf 88' lang='lat' dir='ltr'>non</span> <span class='ocrx_word' id='word_1_262' title='bbox 310 2614 446 2662; x_wconf 76' lang='lat' dir='ltr'>formaliter.</span> 
     </span>
    </p>
   </div>
   <div class='ocr_carea' id='block_1_5' title="bbox 41 2676 839 2997">
    <p class='ocr_par' dir='ltr' id='par_1_9' title="bbox 41 2676 839 2997">
     <span class='ocr_line' id='line_1_34' title="bbox 70 2676 839 2755; baseline 0.025 -30"><span class='ocrx_word' id='word_1_263' title='bbox 70 2676 100 2745; x_wconf 66' lang='lat' dir='ltr'>(fi)</span> <span class='ocrx_word' id='word_1_264' title='bbox 120 2681 167 2727; x_wconf 81' lang='lat' dir='ltr'>pen</span> <span class='ocrx_word' id='word_1_265' title='bbox 179 2687 293 2742; x_wconf 85' lang='lat' dir='ltr'>suppositi</span> <span class='ocrx_word' id='word_1_266' title='bbox 305 2688 451 2733; x_wconf 87' lang='lat' dir='ltr'>determinati</span> <span class='ocrx_word' id='word_1_267' title='bbox 465 2687 526 2746; x_wconf 86' lang='lat' dir='ltr'>quod</span> <span class='ocrx_word' id='word_1_268' title='bbox 535 2691 635 2747; x_wconf 86' lang='lat' dir='ltr'>ipsomet</span> <span class='ocrx_word' id='word_1_269' title='bbox 644 2695 736 2745; x_wconf 85' lang='lat' dir='ltr'>nomine</span> <span class='ocrx_word' id='word_1_270' title='bbox 746 2697 788 2742; x_wconf 86' lang='lat' dir='ltr'>Dei</span> <span class='ocrx_word' id='word_1_271' title='bbox 796 2710 839 2755; x_wconf 83' lang='lat' dir='ltr'>per</span> 
     </span>
     <span class='ocr_line' id='line_1_35' title="bbox 42 2748 839 2815; baseline 0.021 -26"><span class='ocrx_word' id='word_1_272' title='bbox 42 2749 63 2773; x_wconf 66' lang='lat'>“¹</span> <span class='ocrx_word' id='word_1_273' title='bbox 74 2752 223 2802; x_wconf 48' lang='lat' dir='ltr'>importetur„</span> <span class='ocrx_word' id='word_1_274' title='bbox 236 2748 277 2794; x_wconf 85' lang='lat' dir='ltr'>sed</span> <span class='ocrx_word' id='word_1_275' title='bbox 295 2751 463 2806; x_wconf 84' lang='lat' dir='ltr'>quodammodo</span> <span class='ocrx_word' id='word_1_276' title='bbox 478 2754 595 2799; x_wconf 82' lang='lat' dir='ltr'>indellnitd</span> <span class='ocrx_word' id='word_1_277' title='bbox 609 2756 728 2813; x_wconf 81' lang='lat' dir='ltr'>significati</span> <span class='ocrx_word' id='word_1_278' title='bbox 744 2772 785 2815; x_wconf 86' lang='lat' dir='ltr'>per</span> <span class='ocrx_word' id='word_1_279' title='bbox 796 2773 839 2807; x_wconf 87' lang='lat' dir='ltr'>no·</span> 
     </span>
     <span class='ocr_line' id='line_1_36' title="bbox 46 2804 838 2879; baseline 0.023 -29"><span class='ocrx_word' id='word_1_280' title='bbox 46 2804 151 2866; x_wconf 76' lang='lat' dir='ltr'>·¹·¹nliei,</span> <span class='ocrx_word' id='word_1_281' title='bbox 173 2813 335 2858; x_wconf 77' lang='lat' dir='ltr'>determinati</span> <span class='ocrx_word' id='word_1_282' title='bbox 357 2826 398 2870; x_wconf 84' lang='lat' dir='ltr'>per</span> <span class='ocrx_word' id='word_1_283' title='bbox 414 2820 466 2877; x_wconf 23' lang='lat' dir='ltr'>&#39;tres</span> <span class='ocrx_word' id='word_1_284' title='bbox 488 2828 609 2873; x_wconf 82' lang='lat' dir='ltr'>personas.</span> <span class='ocrx_word' id='word_1_285' title='bbox 633 2822 687 2865; x_wconf 82' lang='lat' dir='ltr'>Haee</span> <span class='ocrx_word' id='word_1_286' title='bbox 707 2822 838 2879; x_wconf 81' lang='lat' dir='ltr'>intelligant</span> 
     </span>
     <span class='ocr_line' id='line_1_37' title="bbox 45 2862 838 2941; baseline 0.02 -27"><span class='ocrx_word' id='word_1_287' title='bbox 45 2862 145 2931; x_wconf 42' lang='lat' dir='ltr'>istisin</span> <span class='ocrx_word' id='word_1_288' title='bbox 158 2874 320 2921; x_wconf 78' lang='lat' dir='ltr'>subsistentioe</span> <span class='ocrx_word' id='word_1_289' title='bbox 338 2877 491 2939; x_wconf 79' lang='lat' dir='ltr'>confictores,</span> <span class='ocrx_word' id='word_1_290' title='bbox 512 2881 565 2937; x_wconf 86' lang='lat' dir='ltr'>quia</span> <span class='ocrx_word' id='word_1_291' title='bbox 579 2882 673 2937; x_wconf 85' lang='lat' dir='ltr'>perinde</span> <span class='ocrx_word' id='word_1_292' title='bbox 693 2886 838 2941; x_wconf 84' lang='lat' dir='ltr'>suppositum</span> 
     </span>
     <span class='ocr_line' id='line_1_38' title="bbox 41 2931 838 2997; baseline 0.031 -32"><span class='ocrx_word' id='word_1_293' title='bbox 41 2931 111 2971; x_wconf 51' lang='lat' dir='ltr'>¹oratio</span> <span class='ocrx_word' id='word_1_294' title='bbox 119 2932 248 2982; x_wconf 77' lang='lat' dir='ltr'>absolutum</span> <span class='ocrx_word' id='word_1_295' title='bbox 258 2940 358 2997; x_wconf 74' lang='lat' dir='ltr'>probare</span> <span class='ocrx_word' id='word_1_296' title='bbox 372 2948 468 2997; x_wconf 85' lang='lat' dir='ltr'>possent</span> <span class='ocrx_word' id='word_1_297' title='bbox 480 2952 510 2989; x_wconf 78' lang='grc' dir='ltr'>εε</span> <span class='ocrx_word' id='word_1_298' title='bbox 523 2943 567 2990; x_wconf 83' lang='lat' dir='ltr'>hoo</span> <span class='ocrx_word' id='word_1_299' title='bbox 584 2944 645 2993; x_wconf 82' lang='lat' dir='ltr'>lodo.</span> <span class='ocrx_word' id='word_1_300' title='bbox 657 2948 695 2995; x_wconf 80' lang='lat' dir='ltr'>Au</span> <span class='ocrx_word' id='word_1_301' title='bbox 705 2948 738 2993; x_wconf 85' lang='lat' dir='ltr'>ito</span> <span class='ocrx_word' id='word_1_302' title='bbox 748 2944 838 2993; x_wconf 79' lang='lat' dir='ltr'>uelint?</span> 
     </span>
    </p>
   </div>
   <div class='ocr_carea' id='block_1_6' title="bbox 0 0 1000 3342">
    <p class='ocr_par' dir='ltr' id='par_1_10' title="bbox 0 0 1000 3342">
     <span class='ocr_line' id='line_1_39' title="bbox 0 0 1000 3342; baseline 0 0"><span class='ocrx_word' id='word_1_303' title='bbox 0 0 1000 3342; x_wconf 95' lang='lat' dir='ltr'> </span> 
     </span>
    </p>
   </div>
  </div>
 </body>
</html>
