1992 3342
125 228 172 273 ΙΙΙ
344 238 405 275 nans
419 240 440 287 ι,
453 236 544 282 oussn.
559 232 610 274 xvii
618 260 626 285 ,
641 238 694 273 nnn.
710 238 747 275 nn.

126 332 140 360 o
152 314 281 363 intellectus
295 326 385 377 semper
405 318 439 364 est
460 318 543 365 remus.
560 330 573 359 n
586 315 636 364 Non
648 327 701 377 engo
714 315 739 362 in
752 314 868 363 intellectu
887 318 921 365 est

124 386 220 435 falsitas.
969 418 970 437 i

156 457 200 506 Sed
213 461 291 507 contra
305 461 349 519 cst,
361 458 421 520 qnod
432 456 514 506 dicitur
527 458 551 505 ln
564 458 604 519 ΙΙΙ,
619 457 651 505 de
662 456 768 513 Animo,
783 456 844 519 quod
858 475 872 504 n
885 458 923 508 nbi
969 460 970 527 Ι

125 528 258 592 compositio
272 528 430 579 intellectuum
445 532 493 590 est,
508 528 541 577 ibi
555 540 635 577 venum
651 531 675 576 ct
692 527 774 577 lalsum
790 531 834 577 cst.
850 530 923 579 »Sed
969 530 970 593 j

125 598 259 662 compositio
269 599 425 649 intellectuum
435 604 470 649 cst
478 598 504 647 iu
513 598 644 648 intellectu:
655 611 710 661 engo
718 612 799 648 verum
809 603 833 649 et
842 600 923 651 fabum

126 673 161 718 est
173 670 198 718 in
211 670 340 720 intellectu.

157 740 315 805 (Concnnsno.
325 742 389 790 -ln
399 740 518 791 intellectu
534 741 593 803 quod
607 738 661 803 quid
672 744 707 789 est
719 739 754 789 rei
764 740 924 805 concipiente,

127 824 173 861 non
187 816 223 861 est
235 812 323 861 falsitas
335 812 381 862 nisi
390 826 432 875 per
442 812 557 874 accidens,
565 811 636 861 sedin
645 811 763 859 intellectu
771 819 924 877 componente

126 884 164 931 vel
176 882 312 946 dividente.)
969 918 970 939 a

157 955 292 1018 Respondeo
302 955 423 1005 dicendum
430 953 489 1018 qndd
499 955 557 1005 sicut
565 967 602 1004 res
612 955 681 1003 babet
694 966 743 1004 esse
756 968 797 1018 per
810 956 926 1019 propriam

127 1025 238 1089 mamam,
250 1026 282 1075 ita
297 1026 370 1076 virtum
386 1026 540 1087 cognoscitiva
554 1026 624 1075 babet
637 1038 774 1089 cognoscere
790 1039 833 1089 per
847 1026 928 1076 simili·

126 1096 230 1146 tudinem
243 1098 277 1147 rei
290 1098 395 1160 cognite.
411 1099 475 1148 Unde
490 1099 550 1149 siout
567 1110 604 1147 res
622 1096 731 1147 naturalis
747 1110 795 1147 nun
807 1098 887 1147 delicit
900 1100 927 1149 ab
969 1124 970 1167 Ι

127 1182 179 1217 ecce
191 1170 253 1231 qnod
264 1168 287 1219 ei
300 1169 409 1232 competit
421 1168 547 1218 secundiani
560 1182 624 1218 suam
638 1168 750 1230 formam,
762 1172 928 1232 potestantem
969 1170 970 1231 Ι

127 1239 223 1289 delicere
235 1240 264 1290 ab
274 1240 389 1304 aliquibus
399 1238 585 1302 accidentalibus,
596 1240 634 1289 vel
644 1238 838 1301 consequentibus
854 1241 927 1303 (siem
969 1232 970 1319 Ι

127 1312 195 1361 bomo
209 1312 237 1361 ab
251 1314 295 1363 boc
309 1314 367 1376 qnod
384 1312 515 1361 esthabere
528 1312 585 1360 duos
597 1312 678 1375 pedes,
692 1324 738 1360 non
752 1314 830 1361 autom
841 1314 871 1363 ab
884 1314 928 1363 boc

127 1384 187 1445 quod
200 1387 236 1433 est
253 1398 303 1433 osse
315 1384 446 1444 bominem)
463 1399 469 1431 ε
484 1382 517 1432 ita
529 1382 603 1432 virtus
616 1382 770 1445 cognoscitina
785 1396 835 1432 non
850 1384 928 1434 deficit

126 1453 151 1503 in
168 1455 326 1517 cognoscendo
342 1458 450 1516 respectu
466 1454 528 1503 illius
550 1452 584 1502 rei
605 1454 671 1516 qu'us
690 1452 840 1504 sindlimdinc
857 1456 929 1505 lnior·
969 1510 970 1527 Ι

128 1531 214 1589 matur,
231 1530 306 1589 potest
328 1529 404 1575 autem
424 1525 522 1575 deficere
546 1524 608 1574 circa
627 1523 712 1587 aliqadd
734 1537 879 1587 consequens
900 1526 929 1574 ad
969 1536 970 1577 Ι

126 1596 213 1660 ipsam,
226 1598 264 1647 nel
277 1598 383 1647 accidens
391 1597 414 1647 ei
423 1614 430 1660 3
440 1598 498 1647 sicut
511 1598 547 1646 est
557 1596 642 1646 dictum
655 1595 716 1659 qnod
729 1596 792 1645 visus
805 1610 854 1646 non
867 1598 930 1647 deci·
969 1590 970 1673 Ι

126 1667 188 1729 pitnr
201 1668 262 1717 circa
272 1668 378 1718 sensibile
387 1668 519 1731 proprium,
530 1668 570 1717 sed
583 1667 643 1717 circa
656 1666 772 1717 sensibilia
784 1669 929 1731 communia,
969 1678 970 1689 ¹

127 1752 177 1801 que
193 1742 358 1802 consequenter
372 1753 396 1789 se
410 1740 495 1789 babent
515 1741 542 1788 ad
559 1737 630 1801 illud,
647 1743 670 1787 et
683 1737 743 1787 circa
755 1737 873 1789 sensibilia
886 1754 931 1803 per

128 1808 240 1859 accidens.
255 1810 321 1859 Sicut
337 1814 413 1859 autem
433 1824 513 1860 sensus
530 1808 666 1859 informatur
680 1808 767 1859 directe
778 1809 931 1861 similitudine

127 1881 270 1945 propriorum
280 1880 437 1944 sensibilium,
451 1881 482 1930 ita
493 1881 622 1930 intellectus
633 1879 767 1929 informatur
777 1880 931 1933 similitudine

128 1951 259 2015 quidditatis
268 1952 312 2002 rei.
326 1953 390 2002 Unde
401 1952 462 2003 cinca
474 1954 540 2016 quod
556 1952 614 2011 palat
630 1957 667 1999 est
680 1950 811 2001 intellectus
825 1965 873 2002 non
891 1955 933 2003 de·

128 2024 228 2089 cipitur,
242 2024 302 2075 siem
319 2037 393 2087 neque
410 2036 490 2073 sensus
507 2023 566 2071 circa
582 2020 698 2071 sensibilia
711 2022 810 2085 propria.
827 2024 854 2073 ln
867 2038 936 2075 com-

128 2097 234 2158 ponendo
253 2095 308 2147 vend
321 2097 360 2146 vel
376 2094 498 2145 dividendo
512 2098 587 2158 potest
600 2092 692 2156 decipi,
706 2094 761 2143 dnm
776 2093 882 2145 attribuit
899 2098 935 2146 rei

127 2167 193 2229 cujus
214 2167 363 2231 quidditntem
380 2165 502 2227 intelligit,
521 2164 606 2227 aliquid
626 2164 685 2227 quod
705 2178 757 2214 eam
778 2178 827 2215 non
849 2180 936 2218 consc-

127 2237 216 2299 quitur,
230 2238 268 2288 uel
280 2223 340 2302 qnod
356 2238 378 2287 ci
392 2238 525 2301 opponitur.
540 2236 578 2287 Sic
595 2236 657 2286 enim
672 2249 696 2286 se
715 2237 785 2287 babel
798 2237 939 2290 intellectus

128 2307 316 2371 adjudicandum
330 2311 358 2359 de
373 2308 519 2371 bujnsmodi,
533 2307 591 2358 sicud
604 2321 684 2357 sensns
694 2309 721 2357 ad
736 2308 890 2371 judicandum
903 2312 937 2360 de

126 2380 271 2431 sensibilibus
280 2382 446 2443 communibus,
455 2381 492 2430 vel
503 2393 544 2442 per
558 2378 670 2431 accidens.
679 2377 726 2428 llic
734 2384 812 2430 minen
820 2380 938 2431 differen-

126 2450 158 2499 til
169 2450 274 2514 servati,
289 2466 334 2516 qna
348 2465 416 2516 supra
429 2452 490 2501 circa
504 2451 623 2501 venitatem
637 2450 696 2499 dicta
710 2454 754 2514 est,
768 2452 829 2515 qnod
840 2450 939 2505 falsitas

127 2523 152 2571 in
165 2521 283 2573 intellectu
295 2538 344 2575 esse
357 2528 446 2588 potest,
463 2537 510 2574 non
526 2522 598 2573 solium
611 2524 665 2586 qnia
678 2522 780 2585 cognitio
797 2524 940 2576 intellectds

127 2592 184 2643 falsa
198 2598 251 2657 cst,
268 2597 309 2646 sed
322 2596 376 2660 quia
387 2595 516 2646 intellectus
529 2608 578 2645 eam
598 2594 729 2657 cognoscit,
743 2596 802 2645 sicud
811 2599 835 2646 et
843 2597 944 2647 verita-

128 2669 174 2714 tem
184 2681 190 2727 3
202 2665 227 2714 in
236 2670 388 2717 seusuautem
398 2666 485 2717 falsitas
499 2680 545 2716 non
554 2670 589 2716 est
600 2670 626 2715 ut
632 2666 736 2729 cognita,
749 2672 775 2718 ut
785 2668 870 2718 dictum
884 2674 940 2718 est.

129 2830 223 2875 ibidem.
238 2834 342 2888 Sequens
358 2838 435 2877 autem
452 2831 566 2888 appendix
579 2832 692 2889 colligitur
708 2838 806 2878 extent.
822 2832 866 2888 21,
879 2834 946 2879 sine

130 2905 182 2948 cap.
196 2892 220 2951 6,
235 2894 296 2951 inin,
309 2894 349 2939 ubi
363 2895 446 2938 dicitur
462 2895 475 2937 d
491 2906 618 2949 converso,
639 2894 700 2950 qnod
713 2894 737 2938 in
753 2896 787 2940 iia
799 2897 828 2940 tn
842 2894 948 2952 geion-s

130 2966 214 2999 wem
225 2961 247 3001 et
254 2956 346 3015 solcum
352 2958 492 3005 incomitata,
499 2957 554 3013 jum
561 2960 593 3000 cst
603 2958 742 3014 compositio
750 2958 934 3003 intellectuum
944 2998 950 3007 ,
