1992 3342
148 201 194 250 tet
348 211 407 250 rusa
421 212 443 262 1,
457 212 550 258 oum.
566 212 638 264 narr,
652 213 708 250 ma.
725 215 744 250 r.
991 256 992 261 η

148 287 288 340 excellentiss
304 285 376 340 aloru
394 287 502 348 luminisp
516 292 540 340 et
551 288 604 340 ideo
618 288 719 352 munitio
731 294 848 344 creaturas
862 293 888 342 iu
900 305 944 356 pro

146 360 197 426 pria
214 363 310 416 natura.
327 361 470 424 vespertino
483 360 575 412 dicitur.
596 362 697 425 vespere
714 362 779 412 euim
797 368 836 414 est
853 366 945 414 maenis

146 431 296 496 adjunctum
309 429 378 482 babet
392 433 469 481 umen
478 431 564 496 aliquid
577 433 606 482 de
616 432 682 491 luoe3
692 431 745 482 oum
759 439 842 486 auteur
855 436 946 486 totalitru

145 502 222 554 deicit
240 505 413 568 1m‚ertuox.
430 503 467 554 Sic
481 502 550 566 igitur
568 508 591 554 et
608 502 708 567 oopuitio
725 519 805 556 rernm
819 505 948 572 impropria

144 580 242 640 natura,
256 575 346 640 quando
357 575 454 625 retertur
468 573 497 626 ad
518 575 608 626 laudem
620 576 742 636 creatoris,
756 582 784 627 ut
793 577 820 627 iu
830 578 899 629 bouis
911 593 947 628 ru·

145 647 220 711 pelis,
234 647 304 698 hebet
316 644 401 710 aliqud
411 647 441 696 de
455 645 505 696 luce
519 645 595 696 dirim
608 651 632 696 ei
642 650 719 711 potest
733 648 780 698 olel
793 651 945 712 vespertino:

143 718 163 770 si
177 723 252 769 autem
266 731 311 769 nou
327 716 439 770 referatur
454 717 478 768 iu
496 719 589 779 mum,
607 718 666 768 siout
682 719 708 767 iu
726 719 891 784 demonibus,
906 735 947 770 oon

144 788 226 840 diuitum
239 788 389 853 vespertino,
408 789 449 840 sed
462 792 592 838 nocturno.
611 788 674 840 Unde
696 793 721 840 et
742 791 768 838 iu
784 792 850 842 Gerr.
870 793 948 856 legitur

143 861 204 926 quod
216 861 330 925 tenebras,
341 873 397 925 quas
411 859 498 912 lteusi
513 860 563 911 luce
578 861 701 925 separauit,
719 862 813 913 vomuit
826 870 933 913 noctem.
992 872 993 916 i

175 934 208 984 ld
222 936 328 998 quartum
338 931 467 996 dicendum,
481 931 543 996 qudd
555 932 691 997 mysterium
704 933 769 996 regui
784 934 828 985 boi
841 937 904 998 quod
916 940 948 986 est
992 972 993 975 ,

145 1003 263 1070 inpletum
279 1019 321 1070 per
342 1003 473 1064 Christum,
494 1017 573 1054 omnes
595 1003 687 1068 quidem
703 1005 781 1068 eupuli
804 1004 819 1054 a
838 1007 949 1070 principio

144 1075 219 1140 aliquo
231 1077 298 1128 modo
310 1079 481 1140 coguoverunt,
492 1076 532 1126 sed
546 1073 644 1126 maxime
662 1088 689 1126 ex
704 1090 750 1139 quo
759 1076 891 1128 Matilicati
900 1085 950 1130 suut

145 1147 233 1199 visione
243 1149 399 1214 lesbiorum
410 1147 524 1198 deruoms
534 1161 649 1211 uunquam
659 1147 799 1197 babuerunt.
810 1150 865 1200 Nou
876 1155 950 1202 mmor

145 1233 225 1272 omues
239 1217 316 1283 angeli
325 1223 481 1282 cognorerunt
492 1217 590 1282 perfecte
603 1232 677 1282 neque
688 1217 821 1283 aqualiter;
834 1223 898 1272 uude
908 1223 951 1272 de-

146 1305 225 1344 mones
248 1291 318 1342 multo
339 1289 429 1352 minis,
448 1289 539 1340 Christo
557 1290 668 1342 existente
687 1290 712 1341 in
733 1291 836 1350 mundo,
851 1295 950 1357 periente

146 1363 281 1428 mysterium
293 1360 458 1414 iucarnationis
472 1363 634 1424 cognorerunt.
647 1363 698 1412 Nou
712 1362 776 1412 euim
790 1363 897 1416 innotuit
908 1367 950 1426 eis,

145 1439 171 1486 ut
181 1435 321 1498 Augustinus
331 1433 396 1499 dicit,
407 1450 421 1480 u
430 1431 489 1484 siout
496 1434 585 1495 augelis
593 1433 676 1484 sanctis
684 1433 724 1496 qui
734 1433 808 1484 Verbi
818 1436 952 1502 participati

143 1505 273 1560 eternitate
284 1505 446 1571 pertruuntur,
461 1505 501 1556 sed
512 1505 572 1554 mont
585 1505 621 1555 eis
631 1505 743 1555 terrendis
760 1504 952 1559 innotescendum

143 1578 189 1629 ruit
202 1591 243 1643 per
254 1577 356 1642 quedam
366 1577 499 1641 temporalia
510 1576 600 1627 ellectu.
613 1593 627 1622 u
638 1575 662 1626 Si
673 1581 750 1628 autem
762 1577 868 1640 perfecte
878 1583 903 1630 et
913 1594 952 1644 per

142 1648 301 1702 certitudinem
313 1647 475 1712 cognovissent
488 1647 565 1713 ipsum
576 1662 627 1700 esse
643 1647 716 1698 silium
730 1647 794 1711 Dei,
805 1653 832 1700 et
844 1650 951 1702 elieotum

142 1722 256 1786 passionis
279 1721 343 1786 ejus,
366 1735 481 1784 uunquam
503 1719 623 1771 bominum
642 1720 720 1783 ploriae
738 1721 848 1786 crucifigi
869 1737 951 1787 proou·

141 1798 245 1844 ruissent·

173 1867 207 1916 lo
219 1865 323 1929 quintum
333 1863 462 1925 dicendum,
473 1861 535 1926 qrrdd
548 1863 662 1914 demones
672 1861 746 1912 tribus
760 1863 840 1914 modis
854 1879 949 1930 coguos-

141 1939 194 1988 ouut
207 1937 327 1988 aestatem
345 1935 453 2000 aliquam.
467 1935 517 1986 Uno
530 1933 613 1997 modo,
628 1931 754 1984 subtilitate
770 1948 820 1986 snae
843 1942 946 1999 uatmae;

142 2010 195 2074 quia
216 2009 271 2062 lirdt
286 2009 332 2060 siut
346 2006 489 2058 obtenebrati
508 2020 549 2070 per
567 2005 721 2072 privationem
736 2005 835 2058 luminis
850 2009 948 2073 gratia,

143 2088 197 2134 suut
209 2081 364 2134 tameuluoidi
383 2081 469 2132 lumine
488 2078 648 2130 intellectualis
661 2083 757 2130 nature.
772 2080 897 2148 Secundo,
911 2100 948 2150 per

142 2155 305 2206 revelationem
320 2154 334 2204 l
355 2151 439 2206 sanctis
461 2151 563 2215 augelis3
576 2165 627 2201 oum
643 2151 726 2215 quibus
746 2166 794 2201 uon
809 2155 947 2206 conueniunt

142 2227 233 2292 quidem
251 2241 293 2292 per
306 2223 488 2277 conformitatem
504 2222 640 2287 voluntatis,
653 2221 794 2273 conueniunt
814 2229 894 2277 tamen
909 2242 947 2291 per

142 2297 313 2350 similitudinem
329 2295 491 2348 intellectualis
511 2299 610 2359 naturae,
625 2292 749 2346 omnium
766 2309 838 2359 quam
852 2304 947 2361 possiunt

142 2370 244 2434 accipere
260 2369 319 2434 quod
337 2369 365 2418 ab
382 2367 428 2418 iltis
442 2366 608 2418 manifestatur.
622 2367 698 2417 Tertio
711 2367 789 2427 ruodo,
804 2375 947 2432 cognoscunt

142 2454 183 2504 per
198 2439 362 2504 experientium
375 2438 438 2501 longi
451 2438 575 2502 temporis;
587 2452 633 2488 uon
646 2439 712 2502 quasi
721 2437 816 2489 lseusu
831 2441 946 2506 aecipien-

142 2515 194 2575 tes,
211 2513 248 2562 sed
261 2511 314 2562 dum
327 2509 351 2560 in
368 2509 434 2560 robus
447 2508 599 2578 singularibus
611 2509 739 2572 completur
753 2509 883 2560 similitudo
893 2512 942 2575 ejus

141 2580 226 2648 speciei
247 2581 413 2645 intelligibilis,
427 2593 496 2644 quam
516 2580 560 2630 sibi
581 2580 712 2630 naturaliter
730 2581 818 2632 babent
834 2581 941 2646 inditam,

139 2653 214 2717 aliqua
225 2657 364 2716 cognoscunt
378 2652 514 2717 presentia,
524 2666 574 2715 quae
584 2665 629 2702 nou
638 2658 846 2716 preoopuorerunt
859 2653 940 2706 lutura.

140 2728 243 2787 utsupra
257 2725 284 2774 de
296 2721 423 2787 cognitione
439 2724 569 2787 angelomum
579 2724 664 2776 dir-tum
674 2727 719 2774 est.
