1992 3342
122 214 174 280 tlt
309 232 370 269 ems
386 232 408 278 r,
424 230 516 275 oum.
533 230 597 277 xtra,
613 230 668 267 aar.
685 229 719 267 rr.

127 305 213 371 quanto
225 306 306 371 niquis
322 307 393 357 habet
406 306 565 369 perlectorem
577 308 695 369 natumm,
707 304 772 355 tantd
782 309 818 355 est
832 306 930 370 majoris

128 378 218 429 virtutis
227 378 252 428 iu
267 378 364 441 egendo.
377 381 499 429 anneum
515 380 549 427 est
561 380 637 427 autem
651 375 718 441 mprd
731 376 792 439 quod
803 376 857 441 ipsa
869 379 928 429 ratio

129 449 213 501 divmc
230 449 372 513 paternitatis
385 456 409 501 et
418 448 534 500 tlliatmuis
546 448 616 509 exigit
628 447 689 511 quod
705 448 774 497 Filius
788 448 818 497 sit
833 449 929 513 aeqrralis

128 520 192 571 Patri
203 521 228 570 in
240 520 410 584 magududine,
421 520 490 571 idest
503 518 678 583 inperfectione
692 521 779 569 naturae
793 534 799 568 :
811 520 876 569 unde
892 533 927 569 re-
982 582 983 591 ἵ

128 590 237 655 linquitur
251 592 312 655 quod
324 592 394 643 Filius
406 592 436 642 sit
451 591 546 655 aequalis
557 590 619 639 Patri
631 590 656 639 in
669 593 790 653 potestate.
801 591 831 639 Et
845 592 926 642 eadem
982 644 983 653 ,

128 663 185 712 ratio
198 667 233 712 est
246 664 274 713 de
294 663 379 727 Spiritu
392 666 469 714 sancto
482 665 586 725 respectu
599 660 724 723 utriusque.
982 712 983 717 ,

159 734 192 783 lid
200 732 298 796 primum
306 747 360 797 ergo
371 733 499 796 dicendum,
510 732 569 797 quod
578 732 602 781 in
611 734 655 783 ltoc
664 731 723 794 quod
737 730 838 781 dicitur:
857 750 871 783 a
884 734 925 784 Fi·
982 746 983 755 ¹

71 821 76 831 ’
126 802 171 854 lius
183 818 229 854 non
244 808 319 868 potest
331 804 345 854 a
357 819 382 856 se
395 805 470 856 iacere
484 804 620 869 quidquam,
631 818 644 849 u
654 816 701 855 uon
712 804 858 854 subtrahitur
869 804 927 856 lilio
982 862 983 871 ἵ

127 874 202 939 aliqua
215 879 315 939 potestas
327 889 395 939 quam
405 876 489 925 habeat
498 878 578 938 Palem
589 872 640 923 cim
651 874 726 925 statim
738 874 859 938 subdatur,
869 876 928 939 quod

129 946 302 1010 «quodcunque
314 948 381 997 Pater
388 946 452 1009 iacit,
457 946 527 996 lilius
538 945 641 996 similiter
648 945 715 1009 lacit3
727 962 741 991 u
750 946 791 996 sed
799 948 929 998 ostenditur

127 1015 188 1080 quod
202 1016 271 1067 lilim
284 1018 355 1067 habet
367 1015 529 1082 potestatemd
549 1018 631 1079 Patre,
644 1015 658 1065 d
671 1030 715 1081 quo
729 1016 800 1066 habet
813 1020 926 1069 naturam.

128 1087 193 1138 Unde
213 1088 268 1138 dicit
283 1089 381 1139 Hilarius
390 1126 398 1152 ‚
412 1088 452 1138 IX.
469 1088 501 1137 de
521 1088 588 1137 Trio.
610 1102 618 1136 ;
638 1088 759 1139 «Naturae
776 1086 864 1140 divium
878 1091 928 1141 lraec

127 1157 204 1209 unitas
217 1161 261 1222 est,
269 1163 296 1209 ut
305 1159 337 1225 ita
351 1173 391 1223 per
400 1172 425 1209 se
439 1162 491 1221 agat
504 1157 582 1221 Filius,
596 1157 656 1222 quod
665 1172 711 1207 non
724 1156 738 1207 d
750 1172 775 1207 se
791 1164 880 1221 agat.»

158 1228 192 1279 dd
203 1230 328 1279 secundum
341 1230 474 1292 dicendum,
490 1228 550 1293 qudd
563 1230 588 1278 in
605 1228 799 1283 demonstratione
811 1230 890 1281 Patria
904 1232 927 1280 ot

127 1300 242 1351 auditione
259 1300 323 1364 lilii,
337 1315 384 1352 non
394 1301 529 1363 intelligitur
547 1300 591 1351 nisi
605 1300 666 1365 qudd
684 1302 751 1351 Pater
772 1300 928 1353 communicat

127 1371 247 1423 seientiam
262 1372 333 1436 lilio,
346 1373 404 1423 sicut
416 1378 440 1424 ct
450 1372 580 1425 essentiam.
593 1374 621 1423 lit
633 1374 662 1423 ad
675 1372 735 1424 idem
754 1376 831 1436 potest
847 1373 930 1425 reterri

128 1444 258 1494 mandatum
272 1444 354 1507 Patris,
363 1458 404 1509 per
419 1446 463 1494 lroc
473 1444 534 1507 quod
551 1444 580 1495 ab
595 1449 680 1495 aeterno
689 1443 752 1494 dedit
765 1444 789 1495 ei
807 1444 928 1495 scientiam

127 1518 153 1565 et
166 1515 307 1567 voluntatem
324 1517 476 1579 agendorum,
492 1530 545 1573 eum
558 1516 695 1580 generandos
714 1516 755 1567 Vel
772 1514 851 1579 potius
865 1516 927 1567 rele-

128 1586 222 1636 rendum
236 1589 272 1635 est
284 1585 313 1636 ad
325 1586 448 1651 dirrutum,
460 1586 584 1637 secundim
596 1586 720 1637 humanam
734 1590 850 1637 naturam.

160 1656 194 1705 ad
209 1656 302 1705 tertium
318 1656 453 1713 dicendum.
464 1658 525 1722 codd
543 1658 601 1712 sicut
619 1658 698 1709 eadem
719 1657 820 1708 essentia
832 1672 885 1722 quae
902 1658 928 1709 iu

129 1728 196 1776 Patre
209 1729 243 1775 est
255 1727 388 1791 paternitas,
395 1727 420 1777 in
429 1728 485 1779 Filio
496 1732 531 1780 est
542 1728 633 1793 filiati03
643 1729 676 1781 ita
687 1729 767 1779 eadem
777 1731 812 1779 est
825 1730 929 1791 petenda
982 1724 983 1787 ἶ

129 1810 174 1863 qua
189 1797 256 1846 Pater
269 1801 377 1861 generat,
390 1803 413 1849 et
423 1799 545 1866 quaFilius
559 1804 687 1863 generatur.
700 1800 763 1849 llnde
779 1800 927 1851 manifestum
982 1836 983 1841 κ

129 1866 238 1933 estquod
248 1867 355 1931 quicquid
365 1873 440 1934 polest
451 1872 532 1934 Pater,
551 1874 624 1935 potest
634 1869 716 1931 Filius3
734 1872 877 1919 nontamen
893 1883 927 1921 se·

129 1939 205 2004 quitur
213 1938 274 2002 quod
283 1940 354 2003 possit
363 1954 481 2005 generare,
491 1942 531 1992 sed
540 1947 641 1993 mutatur
650 1941 714 2005 quid
722 1940 747 1990 in
756 1941 792 1989 cd
805 1940 927 2005 olu'quid:

129 2024 183 2063 nam
197 2010 313 2073 geraudo
326 2011 436 2074 signifieat
448 2014 583 2067 relationem
595 2014 619 2063 in
632 2012 722 2065 divinis.
738 2012 813 2065 ilabet
824 2026 880 2075 ergo
893 2012 931 2063 ll·

129 2081 175 2132 lius
188 2081 290 2132 eamdem
306 2083 430 2147 potentiam
443 2084 512 2153 quim
524 2088 602 2148 Pater,
615 2085 718 2135 sedeam
733 2083 778 2138 alia
792 2085 904 2139 relatione
920 2102 926 2135 :

131 2153 184 2217 quia
197 2154 264 2205 Pater
274 2153 342 2204 habet
353 2168 404 2206 eam
415 2160 441 2207 ut
449 2156 517 2221 dans3
529 2160 552 2207 el
564 2158 607 2207 hoc
619 2154 767 2218 significatur,
780 2154 835 2205 crim
847 2156 927 2206 dicitur

130 2222 191 2288 qudd
200 2229 274 2289 potest
292 2239 401 2289 generare
411 2243 417 2278 :
427 2227 496 2280 Filius
516 2230 590 2277 autem
603 2228 672 2277 habet
685 2240 735 2277 cam
752 2229 778 2275 ut
792 2226 928 2295 accipiens3
982 2256 983 2265 ἱ

130 2298 155 2348 et
167 2296 210 2349 hoe
222 2296 375 2363 significatur,
388 2298 440 2349 edm
450 2298 533 2353 dicitur
546 2298 607 2363 quod
618 2302 693 2365 potest
704 2296 818 2361 generari.
