1992 3342
326 249 358 284 DE
374 249 415 284 nm
432 250 591 287 AEmlfflffl.
814 248 860 294 129

46 329 122 374 tumen
135 325 174 373 est
194 320 328 385 eternitas,
348 322 404 385 quia
420 325 555 387 compatitur
576 339 654 379 secum
675 328 740 391 prins
761 334 786 380 et
809 344 862 396 pos-

47 395 127 446 terius.

75 468 111 516 nd
121 464 219 516 tertium
229 464 369 529 meandum,
386 464 447 530 quod
460 467 548 531 inipso
561 481 610 519 esse
623 470 700 532 angeli
709 472 734 521 in
746 486 771 523 se
784 475 860 525 001131.

46 538 128 587 dcrato
138 550 186 588 nou
195 540 232 588 cst
240 538 374 588 differentia
384 540 497 601 praeteriti
507 543 530 589 et
543 540 627 603 futuri,
641 544 682 595 sed
693 544 766 595 solium
776 558 859 596 secun-

46 609 104 658 dum
119 609 240 672 adjunctas
259 609 424 659 mutationes:
441 611 481 661 sed
493 609 556 675 qudd
576 612 670 663 dicimus
688 617 794 677 angelum
807 631 859 668 esse

46 676 185 743 relisisse,
202 680 242 730 uel
260 680 367 729 futurum
387 693 452 743 esse,
469 681 547 731 dillert
565 684 687 733 secundum
700 688 858 751 acceptionem

43 748 177 799 intellectus
190 750 264 800 nostri
282 751 323 813 qui
346 749 432 813 accipit
449 765 499 802 esse
512 752 589 813 augeli
602 767 644 817 per
663 758 859 819 comparationem

42 822 73 871 ed
90 820 198 872 ‘diversas
212 822 426 885 partes'tcmporis.
438 824 466 871 Et
480 822 533 873 cum
546 822 602 875 dicit
616 826 722 889 angelum
736 842 800 891 csse,
820 830 857 879 ret

40 893 126 957 tuisse,
141 892 254 957 supponit
266 891 354 955 ahquid
375 906 428 942 cum
447 907 493 957 quo
512 894 564 957 ejus
582 896 711 959 oppositum
733 912 780 948 uon
803 900 859 949 sub·

42 964 102 1013 ditur
117 963 206 1013 dminae
221 963 348 1025 potentiae3
363 961 417 1011 cnm
428 962 483 1013 rerd
495 964 550 1014 dicit
563 965 665 1016 turturum
678 980 742 1032 esse,
754 970 857 1019 nondum

41 1034 151 1097 supponit
169 1032 268 1097 aliquid.
291 1033 357 1084 Unde
375 1047 429 1083 cum
448 1048 498 1085 esse
518 1039 542 1085 et
554 1048 602 1087 nou
622 1050 672 1088 esse
690 1040 766 1102 angeli
786 1039 858 1089 subsit

44 1104 127 1155 dirinm
143 1104 272 1169 potentie,
289 1104 394 1154 absolute
418 1106 582 1158 considerando
603 1112 680 1171 potest
700 1110 761 1159 Deus
781 1110 858 1159 tacere

45 1174 105 1237 quod
126 1188 177 1225 eme
198 1175 279 1236 angeli
297 1188 344 1225 nou
360 1174 393 1225 sit
410 1176 525 1242 futurum,
540 1183 617 1229 temen
631 1192 678 1229 nou
690 1185 769 1243 potest
781 1180 858 1233 iacere

45 1244 105 1309 qudd
116 1259 165 1295 non
177 1246 210 1296 sit
221 1247 279 1297 dum
291 1250 326 1297 est
330 1284 339 1310 ,
349 1247 388 1296 vel
396 1246 458 1311 qnod
466 1261 513 1299 non
522 1249 593 1299 fuerit
605 1254 726 1315 postquam
740 1250 794 1301 tuit.

72 1319 107 1366 Ad
120 1321 232 1381 quartum
246 1316 385 1380 dicendum,
399 1316 461 1380 quod
477 1318 566 1369 duratio
578 1318 624 1368 mvi
637 1324 671 1369 est
685 1320 789 1384 infinita,
804 1322 857 1385 quia

44 1401 89 1438 uon
105 1388 186 1439 linitur
203 1393 321 1452 ternpore.
343 1388 382 1438 Sic
403 1392 479 1438 autom
499 1402 550 1439 osse
573 1389 666 1453 aliquod
685 1394 788 1441 creatum
807 1392 859 1443 infl-

44 1460 114 1510 uitnm
127 1460 193 1526 qnod
203 1473 257 1511 nou
274 1458 369 1509 finiatur
382 1460 481 1523 quodam
491 1460 536 1510 alio
543 1496 553 1523 ‚
565 1472 614 1511 non
628 1462 664 1509 est
681 1458 857 1511 inconvenieus.

349 1578 511 1656 aumcuuus
524 1607 562 1655 ur.

240 1727 331 1772 Utrrtm
340 1728 374 1772 eit
382 1738 460 1771 orrum
469 1740 544 1773 aevom
554 1730 657 1773 tootrtm,

78 1855 109 1905 td
124 1858 217 1907 sextum
230 1853 267 1903 sio
283 1851 419 1915 proceditur
433 1849 475 1915 (1).
489 1852 583 1903 Videtur
595 1852 657 1917 qnod
669 1868 716 1905 non
727 1855 757 1905 sit
768 1858 857 1905 tautum

48 1940 112 1977 uumn
123 1940 212 1977 erum.
223 1923 315 1975 Dicitur
327 1922 391 1972 euim
402 1920 429 1971 in
440 1923 458 1969 Δ
461 1924 590 1989 perruptis
603 1925 696 1974 Eedroe
707 1940 713 1975 :
727 1943 741 1973 o
752 1926 858 1989 ttajestes

46 2001 69 2047 ot
79 2001 182 2062 potestas
201 2006 307 2046 ovorum
320 1997 357 2043 cet
369 1992 433 2056 apud
445 1996 468 2043 te
478 1994 582 2045 ltomiue.
593 2011 607 2041 »

74 2074 97 2117 ι.
112 2070 249 2128 Praeterea,
270 2064 418 2114 diversorum
429 2078 537 2127 generum
554 2065 650 2116 diversa
669 2068 724 2117 sunt
736 2078 856 2115 mensura.

45 2140 87 2189 sed
103 2140 214 2204 maedam
231 2136 346 2187 autema
364 2139 422 2186 eunt
437 2136 463 2185 in
480 2152 565 2199 geuene
586 2138 752 2201 corporalium,
772 2137 858 2188 scilicet

44 2224 135 2274 corpora
152 2208 276 2270 coetestia3
297 2208 407 2271 mam
420 2206 475 2259 rerd
492 2214 547 2259 sumt
562 2208 693 2272 spirituales
710 2209 857 2272 substantie,

43 2281 127 2331 scilieet
138 2278 228 2341 angeli.
239 2278 293 2327 Non
304 2291 361 2340 ergo
371 2281 411 2327 est
421 2292 493 2327 uuum
506 2293 582 2330 arum
593 2279 690 2328 tautum.

73 2356 96 2400 3.
112 2353 249 2411 Praeterea,
261 2347 315 2397 cium
329 2362 408 2398 aerum
420 2347 451 2397 eit
468 2362 551 2399 nomeu
565 2348 692 2399 durationis
705 2346 748 2413 (t),
762 2361 858 2412 quorum

43 2426 76 2470 est
85 2436 158 2472 uuum
167 2433 257 2481 mrum,
267 2423 304 2468 est
311 2432 360 2467 una
370 2418 470 2468 dinatio.
479 2420 525 2470 Sed
532 2433 578 2470 nou
589 2419 691 2469 omniurn
698 2419 859 2469 mvitcrnorum

42 2496 75 2541 est
89 2506 137 2543 uua
152 2489 260 2553 duratio,
282 2488 339 2553 puin
356 2488 464 2552 medam
482 2496 535 2554 post
556 2490 601 2541 alia
619 2503 670 2540 esse
686 2488 813 2553 incipiunt,
833 2492 859 2537 ut

43 2563 138 2613 maximo
162 2565 232 2628 patet
251 2561 280 2611 in
301 2560 425 2611 animabus
442 2561 556 2613 humenis.
578 2563 629 2613 Non
651 2564 687 2611 est
707 2573 762 2623 ergo
787 2572 858 2608 uuum

44 2647 116 2685 eruin
130 2639 233 2687 aurum

73 2751 102 2813 (t)
115 2756 149 2799 Ite
159 2754 198 2799 his
212 2753 287 2798 etiam
300 2752 327 2797 in
340 2753 380 2803 11,
397 2750 478 2803 Serrt„
491 2752 544 2799 dist.
560 2753 584 2809 2,
594 2764 642 2813 tou.
657 2750 679 2807 t,
696 2756 740 2795 art.
754 2748 777 2799 ις
795 2752 820 2789 ιιι
834 2751 858 2789 et

49 2813 335 2876 mmmmm&

77 2882 104 2942 (ἢ)
118 2888 187 2938 Quasi
197 2885 334 2931 durationis
344 2884 452 2942 quodum
467 2886 556 2942 specior
569 2882 725 2928 condistinota
741 2874 858 2950 durationi

46 2949 173 3007 temperati,
188 2949 251 2994 riom
263 2948 284 2994 si
296 2948 369 2994 ιιοεω
380 2947 472 2993 dicatur
481 2960 534 2995 esso
545 2957 632 2993 nomon
653 2941 769 2989 animatus.
