1992 3342
99 238 144 283 118
254 272 261 282 ,
317 250 377 285 runs
394 250 415 294 r,
432 250 523 293 conss.
534 226 566 296 'x,
585 250 639 286 rur.
657 250 675 284 r.

98 322 240 372 uitnsantem
253 322 355 385 quanm
369 323 456 373 dmatio
472 326 508 373 est
524 338 529 373 ι
546 337 599 387 ergo
616 324 731 374 eternitas
745 334 792 373 nen
802 327 837 375 est
848 338 900 389 pos·

97 407 177 444 sessio.

127 465 136 529 (
148 467 286 525 umrrmrpc.
294 490 325 500 -
337 462 460 514 AEternitas
469 467 505 515 est
517 464 690 515 interminabilis
703 464 756 515 uitae
767 469 815 515 tota
828 466 900 517 simul

97 539 120 584 et
132 534 235 598 perlecta
247 534 385 597 possesne)

128 606 262 668 Respondeo
273 605 402 667 dicendmn,
413 605 473 669 quod
486 606 546 656 sicut
557 606 582 655 in
593 606 747 669 cognitionem
760 606 899 671 simplicium

97 679 187 741 oportet
202 689 244 726 nos
254 676 333 726 venire
345 690 389 739 per
399 677 524 741 composita
531 714 539 740 ,
553 677 586 727 ita
598 678 623 728 in
636 678 789 740 cognitionem
807 679 901 728 aeterni-

97 747 151 797 tatis
169 749 259 811 oportet
280 760 321 797 nos
339 746 417 796 venire
445 761 486 810 per
510 751 612 811 ternpus,
631 749 692 811 quod
711 746 768 797 nihil
784 747 845 797 aliud
867 754 905 799 est

97 817 164 880 quarn
174 831 282 867 numerus
294 822 368 868 motus
385 818 510 868 secundum
521 818 584 881 prius
597 822 620 868 et
631 818 752 883 posterius.
767 816 899 869 cumcuim

96 888 121 935 in
134 888 235 951 quolibet
248 892 311 940 motu
327 888 357 938 sit
373 888 499 950 successio,
512 893 535 939 et
552 903 596 939 una
613 902 665 953 pars
680 892 731 953 post
744 890 852 953 alteram3
871 902 904 939 ex

97 960 140 1010 hoc
155 959 215 1021 quod
234 972 378 1010 numeramus
394 959 457 1023 prius
469 963 494 1009 et
512 959 625 1023 posterius
637 960 662 1009 in
675 964 740 1011 motu
750 958 799 1024 (l),
817 973 904 1025 appre-

96 1029 218 1079 hendimus
227 1034 329 1093 ternpus,
347 1031 406 1093 quod
417 1030 475 1079 nihil
489 1030 551 1081 aliud
566 1034 601 1080 est
615 1030 683 1093 quim
698 1043 805 1081 numerus
816 1032 904 1094 prioris

97 1102 121 1148 et
134 1100 265 1162 posterioris
274 1101 299 1149 in
308 1105 379 1150 motu.
392 1102 419 1149 ln
430 1114 457 1151 eo
468 1104 545 1151 autern
558 1102 618 1165 quod
628 1106 690 1152 caret
701 1105 764 1151 motu
774 1106 797 1152 et
807 1116 904 1166 semper

96 1169 176 1219 eodem
189 1172 255 1221 ruodo
271 1185 296 1221 se
316 1172 400 1233 habet,
419 1185 465 1220 nou
481 1175 515 1221 est
536 1172 640 1235 accipere
654 1172 717 1237 prius
736 1175 759 1221 et
776 1172 900 1235 posterius.

97 1239 157 1289 Sicut
169 1240 239 1303 igitur
253 1241 311 1291 ratio
327 1241 436 1304 temporis
449 1242 551 1291 consistit
562 1242 587 1290 in
605 1242 761 1292 numeratione
779 1241 862 1305 prioris
875 1248 903 1293 et

96 1310 227 1373 posterioris
242 1312 266 1360 iu
284 1317 360 1375 motu,
371 1312 405 1361 ita
416 1312 441 1360 in
458 1312 639 1375 apprehensione
654 1311 815 1363 uniformitatis
832 1312 884 1377 ejus
892 1351 904 1377 ,

96 1383 156 1448 quod
167 1386 201 1433 est
211 1381 303 1433 omnino
315 1387 379 1434 extra
389 1388 485 1445 motum,
496 1383 600 1434 consistit
613 1382 670 1433 ratio
681 1380 823 1433 aternitatis.
839 1384 900 1433 Item

97 1464 124 1504 ea
134 1452 239 1503 dicuutur
251 1459 354 1517 ternpore
370 1452 506 1516 mensurari,
520 1467 570 1515 quae
585 1452 721 1517 principium
735 1454 758 1501 et
771 1452 841 1503 finem
856 1454 903 1505 ha-

96 1523 152 1573 hent
164 1525 189 1573 in
205 1529 318 1587 ternpore,
332 1528 358 1574 ut
368 1525 449 1574 dicitur
462 1525 487 1573 in
502 1524 539 1572 IV.
555 1523 653 1587 Ptysr'c.
667 1521 700 1587 (2)
716 1539 721 1571 :
737 1526 760 1571 et
772 1524 817 1573 hoc
827 1524 903 1589 ideo,

12 1606 15 1610 ·
97 1595 150 1655 quia
165 1595 189 1643 in
206 1596 269 1646 omni
280 1610 307 1645 eo
323 1596 384 1658 quod
396 1599 516 1657 movetur,
534 1597 568 1643 est
584 1594 686 1657 accipere
702 1593 793 1657 aliquod
811 1596 900 1657 princi·

97 1663 160 1725 pium
181 1668 205 1713 et
224 1665 322 1727 aliquem
335 1665 413 1715 finem.
433 1666 496 1725 Quod
510 1664 564 1715 vero
582 1667 616 1714 est
634 1664 726 1715 omnino
745 1664 900 1731 immutabile,

97 1734 155 1783 sicut
168 1748 210 1784 nec
226 1736 404 1799 successionem,
420 1737 453 1786 ita
467 1750 510 1786 nec
521 1735 657 1799 principium
674 1734 795 1794 autfinem
811 1737 899 1789 habere

98 1807 181 1867 potest.
205 1805 242 1855 Sic
262 1820 315 1869 ergo
332 1820 361 1857 er
374 1808 461 1857 duobus
474 1806 603 1856 notificatur
620 1804 734 1855 eternitas
754 1821 758 1853 :
779 1806 854 1868 primo
870 1822 901 1861 en

98 1877 154 1938 hoc,
167 1877 261 1941 quodid
272 1879 331 1941 quod
345 1882 379 1928 est
394 1880 418 1927 in
432 1878 573 1940 eternitate,
588 1880 622 1927 est
632 1874 814 1938 interminabile,
829 1876 853 1927 iu
864 1886 902 1931 est

98 1946 211 2011 principio
225 1953 249 1998 et
263 1948 308 1999 line
322 1963 413 2013 carens,
427 1952 452 1998 ut
463 1948 574 1998 terminus
587 1948 615 1997 acl
634 1951 754 2010 utrumqne
768 1947 899 2014 referatur3

97 2018 196 2068 secundo
207 2034 249 2082 per
260 2021 317 2083 hoc,
337 2021 396 2083 quod
409 2020 458 2083 ipsa
478 2018 592 2073 eternitas
608 2018 749 2067 successione
766 2022 829 2068 caret
849 2024 901 2072 tota

98 2089 165 2139 simul
176 2092 284 2141 existens,

130 2160 274 2223 ltprimum
287 2176 341 2225 ergo
363 2163 494 2225 dicendum,
518 2162 579 2226 quod
600 2160 710 2225 simplicia
730 2166 900 2211 consueverunt

98 2245 139 2294 per
152 2232 294 2293 negationem
305 2233 407 2297 diffiniri,
418 2234 476 2283 sicut
487 2236 585 2297 punctus
596 2236 630 2282 est
644 2232 708 2295 cujus
721 2244 773 2293 pars
786 2234 880 2281 nonest
894 2250 899 2281 :

98 2304 159 2367 quod
175 2318 221 2353 non
231 2303 283 2355 ideo
293 2309 341 2368 est,
354 2306 413 2368 quod
431 2306 523 2368 negatio
540 2306 570 2355 sit
590 2305 619 2354 rle
632 2303 729 2353 essentia
742 2315 836 2365 eorum,
857 2306 900 2355 scd

98 2374 150 2439 quia
163 2375 291 2424 intellectus
304 2379 390 2439 noster,
408 2377 448 2440 qui
466 2376 540 2439 primo
555 2374 707 2440 apprehendit
718 2373 857 2437 composita,
872 2376 900 2425 in

97 2445 250 2507 coguitionem
265 2444 403 2508 simplicium
414 2447 536 2510 peruenire
551 2460 597 2497 non
609 2448 699 2510 potest,
714 2444 757 2494 nisi
771 2456 813 2507 per
823 2458 903 2496 remo-

98 2516 184 2565 tionem
195 2515 374 2578 compositionis.

129 2586 163 2634 ad
179 2586 303 2636 secundum
323 2588 459 2650 dicendum,
481 2587 541 2651 quod
554 2588 624 2650 illud,
640 2587 699 2651 quod
713 2586 748 2636 est
762 2584 903 2633 vere'aeter-
994 2608 995 2611 ¹

133 2727 163 2789 (1)
178 2734 213 2776 Ex
226 2734 268 2788 lv,
287 2733 396 2791 Physic„
413 2739 469 2777 tent.
488 2730 542 2790 101,
561 2731 614 2790 l0l,
635 2730 680 2776 108
700 2736 724 2775 et
743 2727 804 2785 110,
821 2728 862 2771 ubi
878 2736 906 2773 ct

99 2793 225 2849 explicatur
235 2795 296 2852 quod
308 2796 338 2839 sit
348 2808 456 2840 numerus
469 2796 519 2850 ipse
534 2794 573 2849 qui
585 2799 724 2849 numeratur,
737 2803 783 2835 non
795 2801 851 2847 quc.

133 2861 163 2923 (2)
172 2865 228 2923 'Siue
240 2878 387 2924 quocunqne
398 2864 573 2923 corruptibilia
586 2869 607 2911 ct
617 2862 778 2923 generabilia,
790 2872 843 2917 quoa
855 2860 909 2905 oli·
994 2880 995 2907 r

100 2926 196 2980 quoodo
207 2933 280 2978 cunt,
293 2928 428 2984 aliquando
439 2939 489 2972 ooo
497 2943 506 2980 ;
528 2934 553 2971 ut
569 2933 625 2973 text.
639 2925 684 2971 luo
697 2925 805 2969 hahetur.
