1992 3342
302 232 334 270 nn
350 235 584 276 numnsrrucmcnn.
798 229 843 278 385

67 303 171 379 tllmoicoi
183 307 276 372 gloriam
286 323 315 360 ex
324 311 421 376 meritis,
430 316 454 362 et
459 314 520 376 quod
531 311 693 377 preordinavit
703 325 727 364 se
738 310 842 364 laturum

68 372 119 422 ulrcul
128 380 229 443 gratiam,
244 384 270 431 nt
279 386 405 432 mereretur
415 384 519 446 gloriam.
532 384 582 434 illio
597 384 663 434 modo
675 388 751 448 potest
768 385 844 435 consi·

68 441 125 519 ‹lerrri
137 450 339 510 predestinationis
352 453 447 504 effectus
463 453 488 502 ln
501 453 630 516 communi3
650 458 673 504 ct
691 454 724 504 sic
737 454 843 518 imposui·

67 511 102 561 lule
114 523 143 567 est
157 521 216 583 quid
230 526 299 578 totus
309 524 515 587 predestinationis
528 525 622 575 effectus
634 525 659 574 in
670 525 785 575 communi
801 527 843 577 he·

68 583 110 635 tenl
124 589 215 654 eliqmm
231 608 323 645 causam
339 599 554 658 experimentis,
573 596 626 658 qrrie
640 594 748 659 quicquid
765 600 799 646 est
818 598 843 647 in

65 653 138 709 lemine
145 663 251 715 ordinans
263 665 339 728 ipsum
351 667 378 715 in
390 667 486 717 salutem
499 669 572 715 totum
588 667 787 729 comprehenditur
800 668 842 718 suh

63 726 129 779 erecti
147 735 364 800 predestinationis,
381 737 451 787 etiem
468 737 519 800 ipsa
533 737 667 800 preparatio
683 737 711 786 ed
733 737 841 801 gretiam

64 808 123 858 ltqoe
133 803 189 854 eninr
203 807 248 856 hoc
258 807 284 856 fit
293 807 336 857 nisl
352 821 394 870 per
407 808 515 857 auxilium
525 807 636 870 divinum,
645 807 770 857 secondum
785 808 841 860 illud

64 863 140 925 Tim„
156 875 190 925 ult
204 877 240 940 (1)
255 892 260 925 :
278 894 293 924 ιι
306 879 418 927 Converte
434 891 476 928 nos
486 877 582 928 Domine
596 877 625 927 ad
637 880 670 940 te,
687 882 709 927 et
722 883 843 929 converte·
914 911 918 920 ·

61 945 205 997 conlucet
214 951 293 998 tamon
304 949 349 999 hoc
368 951 435 999 modo
445 948 614 1012 predestinatio
629 952 734 1013 experte
747 949 843 1001 eileclrle

60 1019 94 1066 llll
109 1016 186 1068 ratione
200 1019 469 1083 divinamvolunlntem‚
485 1021 593 1083 ad‘qunm
603 1023 664 1069 totus
677 1019 772 1070 ellectus
784 1034 844 1084 prae·

59 1078 195 1163 destinationis
207 1090 327 1141 ordinatur
335 1091 392 1140 utin
405 1092 558 1154 tremeler
571 1103 616 1152 qua
629 1091 731 1153 procedit
742 1090 799 1142 sicco
813 1105 842 1143 cr

60 1157 154 1218 llmcrpin
165 1157 242 1223 primo
258 1165 375 1211 movente.

81 1225 208 1289 Alpomum
224 1245 280 1294 ergo
291 1231 426 1294 dicendum,
441 1230 503 1294 quod
516 1245 571 1280 usus
580 1230 658 1294 gretie
666 1231 783 1294 prescilue
796 1244 842 1282 non

57 1297 145 1372 conto
162 1303 293 1353 collationis
310 1303 404 1365 gratie,
426 1302 471 1353 nisi
492 1301 617 1352 secundum
635 1298 747 1352 rationem
768 1315 843 1354 cause

61 1362 166 1432 lmlir,ut
175 1374 265 1424 dictum
278 1378 323 1423 est.
498 1435 503 1440 ἢ

77 1438 105 1487 ld
115 1444 241 1494 emundum
249 1443 381 1506 dicendum,
391 1442 452 1507 quod
462 1443 631 1507 praedestinatio
645 1443 714 1492 habet
727 1443 839 1495 rationem

55 1516 76 1552 ⁰¹
86 1515 142 1569 llll&
152 1515 255 1565 ellectus
266 1515 291 1563 in
305 1514 432 1577 communi,
448 1517 522 1578 ipsam
539 1515 640 1564 divium
661 1513 801 1576 bonitatem3
816 1513 843 1562 in

52 1579 170 1692 tlotiticnlari
191 1592 289 1649 summ,
310 1600 370 1636 nnus
389 1586 485 1636 effectus
505 1589 540 1636 est
556 1586 614 1638 ratio
628 1583 734 1647 alterius,
754 1589 779 1634 ut
795 1584 844 1634 dic·

59 1663 89 1697 um
101 1660 141 1704 est.

76 1723 104 1771 to
120 1727 215 1777 tertium
235 1727 376 1789 dicendum,
394 1725 455 1790 quod
468 1739 497 1775 ex
509 1725 558 1789 ipsl
575 1726 676 1776 bonitate
692 1725 769 1776 divini
784 1726 841 1777 ratio

48 1792 97 1841 lllffll'
105 1800 181 1858 potest
199 1798 407 1861 predestinationis
425 1797 551 1859 aliquorum
565 1799 589 1845 et
607 1796 772 1860 reprobationis
785 1795 842 1847 elio·

50 1874 98 1914 rum.
111 1867 148 1917 Sic
162 1870 230 1919 enim
249 1871 309 1920 lleus
322 1868 407 1921 dicitur
423 1868 500 1919 omnin
517 1871 610 1932 propter
632 1881 697 1917 suam
715 1866 843 1918 honitatem

51 1930 132 2000 iecisse,
152 1943 179 1989 nl
199 1939 225 1988 in
241 1941 311 1991 rebus
332 1939 410 1989 divina
430 1937 520 1988 bonitas
541 1940 726 2000 repraesentetur.
745 1938 843 1988 Necesse

48 2010 74 2054 ct
86 2015 159 2060 numm
170 2011 236 2076 quod
247 2011 325 2061 divina
335 2011 427 2062 bonitas
440 2009 504 2073 (que
518 2008 543 2058 in
552 2015 581 2058 ¹se
591 2010 625 2058 est
638 2021 685 2056 une
694 2010 718 2056 et
731 2005 843 2070 simplex)

50 2079 207 2132 multiformiter
227 2086 404 2145 representetur
415 2080 440 2129 in
457 2081 540 2142 nehus,
560 2083 653 2143 propter
667 2079 711 2128 hoc
730 2075 791 2140 quod
806 2091 844 2128 res

50 2154 117 2202 stelle
133 2155 163 2204 erl
186 2153 362 2216 simplicitatem
380 2151 481 2202 divinum
498 2150 610 2212 attingere
630 2162 676 2199 non
695 2151 797 2212 possunt.
814 2149 844 2198 m

47 2221 89 2270 ende
103 2228 138 2274 est
154 2223 225 2288 quod
247 2224 276 2273 ad
294 2223 469 2286 completionem
484 2221 586 2272 universi
599 2219 746 2284 requiruntur
759 2219 845 2270 diversi

49 2293 117 2347 {ndns
128 2287 231 2356 rerum,
245 2308 341 2358 quarum
352 2295 455 2357 quedam
468 2293 551 2354 altum,
570 2295 594 2342 et
616 2291 718 2355 quedem
738 2287 843 2340 infimum

45 2357 107 2415 .'·.eum
118 2369 223 2417 teneant
235 2366 260 2415 in
270 2365 387 2415 universo.
402 2366 468 2414 litut
481 2355 649 2414 multiformitas
664 2363 775 2424 graduum
788 2375 845 2414 con-

46 2440 137 2486 erretur
149 2438 178 2487 in
191 2437 279 2499 rebus,
295 2438 356 2486 Deus
372 2435 484 2499 permittit
496 2433 573 2498 alique
587 2435 646 2484 mela
660 2433 709 2482 fleri
723 2447 751 2482 ne
770 2434 844 2483 multe

47 2508 95 2553 leur
103 2506 274 2571 impediantur,
281 2510 309 2557 ul
317 2505 385 2570 sopri
394 2506 481 2556 dictum
491 2508 535 2554 est.
545 2505 583 2554 Sic
594 2504 662 2566 igitur
675 2503 844 2554 consideremus

49 2582 102 2626 ulum
128 2593 210 2642 genus
233 2579 374 2640 humanum,
400 2576 458 2626 sicut
476 2579 547 2627 totam
566 2587 642 2624 rerum
662 2572 843 2624 universitatem.

69 2735 96 2797 (ll
108 2742 154 2788 Seu
167 2742 388 2786 lamentationum
400 2739 537 2796 Hierocle,
550 2749 577 2782 ex
586 2749 662 2794 graeoo
675 2727 768 2794 θρῆνος,
783 2735 846 2791 quod

43 2798 248 2850 lamentationem
259 2801 382 2860 significet.
399 2803 504 2846 nubetur
518 2804 595 2846 entem
611 2799 643 2844 ibi
661 2810 714 2855 cup.
727 2795 755 2854 5,
771 2797 807 2842 rel
821 2798 846 2841 in

44 2863 104 2906 (Μ.
120 2865 271 2922 Hieremiae,
286 2877 349 2910 vers.
364 2863 404 2922 21,
424 2861 527 2909 clausula
546 2862 613 2921 hmo,
630 2865 654 2906 et
670 2861 694 2904 in
709 2865 846 2916 presentem

41 2935 123 2974 >omnm
136 2929 152 2974 t
166 2927 279 2975 concilio
292 2923 542 2984 concretionem,
557 2937 611 2982 cup.
623 2921 647 2983 5,
661 2922 797 2980 applicetur.

695 3005 739 3055 ll*
