1992 3342
118 200 164 245 17⁰
321 204 381 241 raus
400 202 421 253 r,
442 200 533 247 oumsr.
551 200 594 250 mr,
613 198 666 237 aar.
686 200 719 236 xr.

117 282 216 347 cognitio
229 280 271 331 bei
288 293 329 343 per
346 290 512 343 quamcumque
531 275 702 327 similitudinem
714 274 814 325 creatam
831 284 927 329 nonest

117 356 174 406 visio
195 351 300 403 essentia
321 348 404 414 ipsius.
427 349 491 399 Unde
515 347 653 411 impossibile
672 350 707 397 est
725 346 807 397 anima
827 346 928 397 bominis

117 424 241 477 secuudum
255 423 318 471 banc
328 421 400 470 vitam
411 419 510 469 uirentis
524 418 647 469 essentiam
659 418 701 468 liei
712 417 799 467 ridere.
815 418 844 467 Et
856 417 928 481 hujus

117 497 208 559 signum
222 497 271 556 est,
291 490 352 556 qubd
373 490 449 571 anina
466 494 545 541 nostra
558 488 644 553 quanto
655 489 729 551 mais
743 487 929 573 bussoorppffiljbus

121 584 204 623 trappa
244 585 249 608 r
271 623 274 626 Δ
307 583 326 602 ,r
347 582 352 595 ·
394 579 494 621 uvanto-etp
522 589 619 629 suffl-
644 552 927 639 μ’·ῌῖΜίοΓ,

118 639 137 687 U
159 649 182 685 re
195 636 220 684 iu
258 632 327 683 mnbs
346 636 369 695 et
383 632 558 682 alienationibus
574 630 586 680 d
604 617 707 693 sensibus
719 624 834 697 eorporis
853 632 928 699 magis

119 648 947 825 Qfflwwpraevisiobes*fflmr
984 714 985 717 ’

123 778 253 840 ouuuugo
267 790 344 825 amma
393 789 458 824 seur
473 740 930 836 summatenus-utnusquam,

123 849 183 914 quod
200 852 236 899 est
256 846 354 898 essentia
373 846 463 908 diviua,
482 856 532 895 essa
548 856 594 893 uon
611 846 700 907 potest,
721 842 829 906 quamdiu
846 843 872 893 in
886 844 932 893 bac

122 918 213 971 mortali
224 918 273 967 nita
285 916 379 966 vivitur.

153 990 188 1039 ad
201 988 300 1052 primum
313 1000 368 1049 ergo
382 986 516 1049 dicendum,
534 984 595 1049 qudd
608 984 733 1035 secundum
746 984 890 1047 Dionysium,
900 986 932 1035 tv
984 1040 985 1051 χ

122 1074 143 1110 c.
167 1060 262 1108 Goelert.
280 1058 407 1119 Hierum,
427 1056 460 1106 sio
477 1056 502 1104 iu
518 1054 640 1119 seripturis
659 1054 740 1106 dicitur
759 1054 842 1118 aliquis
858 1056 933 1105 Deum
984 1052 985 1061 ’

123 1130 222 1194 vidisse,
234 1129 260 1179 iu
273 1130 384 1193 quantum
401 1128 505 1177 formata
518 1129 572 1176 suut
585 1126 667 1189 aliquae
685 1126 780 1188 figura,
801 1126 840 1175 nel
858 1126 933 1177 sensi-

123 1201 191 1265 biles,
201 1202 239 1251 uel
250 1198 400 1263 imaginarie,
412 1198 536 1249 secuudum
547 1196 645 1261 aliquam
659 1194 831 1247 similitudinem
843 1197 933 1261 aliquid
984 1200 985 1263 t

124 1273 227 1323 divinum
240 1272 440 1335 representantes.
452 1268 518 1327 Quod
531 1280 584 1330 erqo
596 1266 650 1317 dicit
661 1268 730 1317 Jacob
742 1282 747 1315 :
761 1284 775 1314 u
787 1266 929 1355 meidii·

125 1338 930 1419 uQJaoiaadjpsiemywiarsadttmesinonatLibsamuffiainam

125 1410 265 1476 essentiam,
279 1414 320 1463 sed
337 1412 366 1462 ad
379 1410 584 1479 tigufflipfflqua
597 1408 803 1489 ppppaesanlolpatur
814 1410 883 1459 bens.
903 1412 934 1460 lit

125 1469 443 1548 boonsddfflb‘nair'dam
463 1478 590 1544 prophetiae
613 1480 761 1530 eminentiam
769 1479 889 1544 pertinet,
908 1486 934 1531 ut

127 1556 231 1605 videatur
240 1554 411 1616 loquenslieus,
419 1552 474 1601 licet
484 1551 619 1614 imaginaria
629 1550 727 1614 risione,
738 1554 764 1599 ut
772 1549 834 1599 intra
844 1552 934 1613 patebit
984 1598 985 1603 ,

128 1626 180 1674 etum
194 1626 222 1674 de
236 1623 342 1686 gradibus
355 1622 481 1686 prophetia
496 1624 625 1686 loquemur,
638 1627 663 1685 a,
678 1626 713 1685 ἰ,
726 1636 749 1685 q.
766 1624 820 1671 lit.
833 1623 876 1673 Vel
889 1625 935 1675 boc
984 1630 985 1637 ’

130 1696 185 1746 dicit
193 1696 261 1744 Jacob
271 1694 301 1743 ad
312 1693 475 1755 designandam
485 1694 599 1756 quandam
611 1692 759 1743 eminentiam
767 1692 936 1757 intelligibilem

130 1763 327 1828 contemplationis
337 1778 406 1827 supra
416 1778 559 1815 communem
570 1767 661 1815 statum.

163 1838 197 1887 dd
208 1835 332 1886 secuudum
342 1834 476 1898 dicendum,
486 1834 547 1899 qudd
560 1836 618 1885 sicut
626 1836 691 1886 bens
704 1834 839 1886 miraculosi
851 1835 937 1899 aliquid

131 1906 334 1972 supernaturaliter
342 1905 369 1955 in
380 1907 449 1957 rebus
461 1906 577 1969 corporeis
586 1910 707 1970 operatur3
722 1907 755 1956 ita
771 1905 849 1956 etiam
857 1920 938 1971 super-

132 1979 266 2030 naturabter
281 1979 306 2028 et
319 1981 402 2041 praeter
418 1990 561 2027 communem
579 1976 681 2027 ordinem
700 1980 790 2027 mentes
809 1977 939 2041 aliquorum

132 2051 157 2099 in
170 2052 214 2101 bac
232 2062 300 2100 carue
318 2048 460 2111 virentium,
478 2048 519 2097 sed
537 2048 702 2098 nousensibus
718 2049 793 2098 carnis
807 2048 937 2113 utentium,

132 2134 205 2184 usque
218 2122 247 2171 ad
256 2120 369 2170 visionem
382 2133 429 2170 sua
443 2118 549 2169 essentiae
564 2120 677 2183 elevavit,
693 2124 719 2169 ut
730 2120 785 2169 dicit
798 2120 941 2183 Augustinus

133 2191 266 2241 duodecimo
276 2206 353 2254 super
368 2192 439 2247 Gen„
453 2191 482 2240 ad
494 2190 608 2253 litteram,
624 2191 685 2255 (cap.
699 2190 791 2254 lllllll.)
806 2195 830 2241 et
843 2190 867 2240 iu
882 2192 941 2241 libro
984 2182 985 2241 l

134 2262 162 2311 de
176 2259 285 2311 videndo
298 2263 381 2310 mom
392 2261 452 2326 (cap.
467 2260 517 2324 ll),
532 2261 560 2310 de
576 2262 652 2325 Moyse
666 2261 704 2324 qui
718 2260 761 2309 luit
775 2261 885 2323 magister
899 2264 941 2312 Ju-
984 2246 985 2319 l

134 2335 250 2396 daorum,
265 2334 288 2381 et
308 2332 336 2382 de
352 2334 422 2383 Paulo
441 2332 481 2395 qui
498 2333 543 2382 luit
560 2333 668 2395 magister
682 2332 793 2395 gentium.
808 2333 837 2383 Et
856 2334 884 2383 de
898 2335 944 2385 boo
984 2320 985 2365 l

133 2408 223 2473 plenius
237 2407 384 2471 tractabitur,
394 2420 446 2456 eum
459 2408 487 2458 de
501 2411 568 2471 raptu
581 2408 632 2473 ejus
646 2422 747 2471 agemus.

164 2480 199 2530 dd
211 2478 306 2529 tertium
322 2478 456 2541 dicendum,
473 2478 535 2543 qubd
553 2480 628 2530 omnia
644 2480 740 2529 dicimur
756 2480 782 2530 iu
802 2482 851 2531 lieo
863 2480 945 2531 uidere
984 2486 985 2519 l

134 2554 159 2601 et
169 2550 294 2601 secundum
302 2549 378 2612 ipsum
388 2549 417 2599 de
431 2550 536 2600 omnibus
548 2549 665 2613 judicare,
680 2550 826 2614 inquantum
836 2565 879 2615 per
890 2554 946 2614 par·

133 2619 946 2686 ticipatiuuemsuiluminisomniaoognosoimusetdijudicamusNam
984 2658 985 2675 r

133 2694 159 2742 et
169 2692 245 2756 ipsum
256 2692 334 2741 lumen
342 2692 445 2740 naturale
454 2690 550 2739 rationis
558 2690 702 2754 participatio
711 2691 817 2755 quadrum
828 2694 864 2743 est
872 2691 947 2743 diuini

135 2762 241 2825 luminis,
255 2761 313 2812 siout
328 2760 397 2811 etiam
409 2760 486 2810 omnia
499 2760 615 2812 sensibilia
631 2762 725 2812 dicimur
743 2762 823 2813 ridere
841 2768 865 2813 ot
882 2760 948 2827 judi·
984 2814 985 2829 χ

137 2844 189 2882 care
203 2833 228 2882 in
247 2834 310 2895 sole,
323 2832 347 2881 id
360 2834 395 2881 est
412 2841 454 2894 per
468 2832 546 2881 lumen
567 2833 628 2883 solis.
647 2833 710 2884 Unde
730 2833 785 2883 dicit
801 2834 949 2897 Augustinus
984 2834 985 2893 l

138 2902 212 2965 primo
220 2903 421 2965 soliloquiorum
432 2917 440 2951 :
452 2916 466 2950 u
475 2900 649 2967 Disciplinarum
659 2904 799 2967 spectamina
812 2904 887 2955 videri
902 2918 948 2955 non
984 2894 985 2951 l
