<?xml version="1.0" encoding="UTF-8"?>
<!DOCTYPE html PUBLIC "-//W3C//DTD XHTML 1.0 Transitional//EN"
    "http://www.w3.org/TR/xhtml1/DTD/xhtml1-transitional.dtd">
<html xmlns="http://www.w3.org/1999/xhtml" xml:lang="en" lang="en">
 <head>
  <title>
</title>
<meta http-equiv="Content-Type" content="text/html;charset=utf-8" />
  <meta name='ocr-system' content='tesseract 3.04.00' />
  <meta name='ocr-capabilities' content='ocr_page ocr_carea ocr_par ocr_line ocrx_word'/>
</head>
<body>
  <div class='ocr_page' id='page_1' title='image "./summatheologica04nicogoog_0576.png"; bbox 0 0 1992 3342; ppageno 0'>
   <div class='ocr_carea' id='block_1_1' title="bbox 65 229 870 536">
    <p class='ocr_par' dir='ltr' id='par_1_1' title="bbox 65 229 870 536">
     <span class='ocr_line' id='line_1_1' title="bbox 232 229 867 291; baseline 0.003 -2"><span class='ocrx_word' id='word_1_1' title='bbox 232 244 265 291; x_wconf 78' lang='lat' dir='ltr'><strong>llr</strong></span> <span class='ocrx_word' id='word_1_2' title='bbox 278 243 392 291; x_wconf 73' lang='lat' dir='ltr'><strong>maome</strong></span> <span class='ocrx_word' id='word_1_3' title='bbox 408 250 441 290; x_wconf 81' lang='lat' dir='ltr'><strong>an</strong></span> <span class='ocrx_word' id='word_1_4' title='bbox 454 244 588 291; x_wconf 66' lang='lat' dir='ltr'><strong>mannua</strong></span> <span class='ocrx_word' id='word_1_5' title='bbox 602 249 709 291; x_wconf 77' lang='lat' dir='ltr'><strong>anulare.</strong></span> <span class='ocrx_word' id='word_1_6' title='bbox 770 229 776 237; x_wconf 74' lang='grc'><em>’</em></span> <span class='ocrx_word' id='word_1_7' title='bbox 822 237 867 291; x_wconf 72' lang='lat' dir='ltr'><strong>stt</strong></span> 
     </span>
     <span class='ocr_line' id='line_1_2' title="bbox 65 322 870 394; baseline -0.002 -16"><span class='ocrx_word' id='word_1_8' title='bbox 65 322 103 379; x_wconf 80' lang='lat' dir='ltr'><strong>tel</strong></span> <span class='ocrx_word' id='word_1_9' title='bbox 116 325 238 393; x_wconf 79' lang='lat' dir='ltr'><strong>operati03</strong></span> <span class='ocrx_word' id='word_1_10' title='bbox 253 330 307 394; x_wconf 90' lang='lat' dir='ltr'><strong>qnia</strong></span> <span class='ocrx_word' id='word_1_11' title='bbox 319 330 441 381; x_wconf 87' lang='lat' dir='ltr'><strong>iuratione</strong></span> <span class='ocrx_word' id='word_1_12' title='bbox 454 332 548 393; x_wconf 79' lang='lat' dir='ltr'><strong>honum,</strong></span> <span class='ocrx_word' id='word_1_13' title='bbox 562 334 654 394; x_wconf 86' lang='lat' dir='ltr'><strong>propter</strong></span> <span class='ocrx_word' id='word_1_14' title='bbox 672 330 708 379; x_wconf 85' lang='lat' dir='ltr'><strong>sui</strong></span> <span class='ocrx_word' id='word_1_15' title='bbox 718 329 870 379; x_wconf 84' lang='lat' dir='ltr'><strong>communita-</strong></span> 
     </span>
     <span class='ocr_line' id='line_1_3' title="bbox 66 401 870 466; baseline 0.001 -16"><span class='ocrx_word' id='word_1_16' title='bbox 66 406 130 464; x_wconf 85' lang='lat' dir='ltr'><strong>lem,</strong></span> <span class='ocrx_word' id='word_1_17' title='bbox 141 414 189 451; x_wconf 93' lang='lat' dir='ltr'><strong>non</strong></span> <span class='ocrx_word' id='word_1_18' title='bbox 200 401 317 453; x_wconf 82' lang='lat' dir='ltr'><strong>inuenitur</strong></span> <span class='ocrx_word' id='word_1_19' title='bbox 327 403 412 466; x_wconf 86' lang='lat' dir='ltr'><strong>aliqnid</strong></span> <span class='ocrx_word' id='word_1_20' title='bbox 424 402 597 453; x_wconf 83' lang='lat' dir='ltr'><strong>similitudinem</strong></span> <span class='ocrx_word' id='word_1_21' title='bbox 609 404 697 453; x_wconf 85' lang='lat' dir='ltr'><strong>habeus</strong></span> <span class='ocrx_word' id='word_1_22' title='bbox 707 415 760 454; x_wconf 84' lang='lat' dir='ltr'><strong>oum</strong></span> <span class='ocrx_word' id='word_1_23' title='bbox 770 401 870 466; x_wconf 87' lang='lat' dir='ltr'><strong>propriis</strong></span> 
     </span>
     <span class='ocr_line' id='line_1_4' title="bbox 67 485 262 536; baseline 0 -13"><span class='ocrx_word' id='word_1_24' title='bbox 67 485 231 536; x_wconf 75' lang='lat' dir='ltr'><strong>pureouarum.</strong></span> <span class='ocrx_word' id='word_1_25' title='bbox 258 497 262 503; x_wconf 56' lang='lat'><em>1</em></span> 
     </span>
    </p>
   </div>
   <div class='ocr_carea' id='block_1_2' title="bbox 67 544 870 973">
    <p class='ocr_par' dir='ltr' id='par_1_2' title="bbox 67 544 870 973">
     <span class='ocr_line' id='line_1_5' title="bbox 98 544 870 611; baseline 0.003 -17"><span class='ocrx_word' id='word_1_26' title='bbox 98 545 205 595; x_wconf 79' lang='lat' dir='ltr'><strong>Secunda</strong></span> <span class='ocrx_word' id='word_1_27' title='bbox 217 544 273 595; x_wconf 82' lang='lat' dir='ltr'><strong>vert</strong></span> <span class='ocrx_word' id='word_1_28' title='bbox 289 546 439 597; x_wconf 76' lang='lat' dir='ltr'>consideratio</span> <span class='ocrx_word' id='word_1_29' title='bbox 452 545 494 595; x_wconf 83' lang='lat' dir='ltr'><strong>llei</strong></span> <span class='ocrx_word' id='word_1_30' title='bbox 509 550 544 596; x_wconf 83' lang='lat' dir='ltr'><strong>est</strong></span> <span class='ocrx_word' id='word_1_31' title='bbox 554 546 581 595; x_wconf 89' lang='lat' dir='ltr'><strong>in</strong></span> <span class='ocrx_word' id='word_1_32' title='bbox 592 550 701 611; x_wconf 68' lang='lat' dir='ltr'><strong>mantum</strong></span> <span class='ocrx_word' id='word_1_33' title='bbox 715 545 870 600; x_wconf 81' lang='lat' dir='ltr'><strong>oonoideratur</strong></span> 
     </span>
     <span class='ocr_line' id='line_1_6' title="bbox 68 618 868 685; baseline 0.005 -19"><span class='ocrx_word' id='word_1_34' title='bbox 68 623 93 667; x_wconf 89' lang='lat' dir='ltr'><strong>nl</strong></span> <span class='ocrx_word' id='word_1_35' title='bbox 101 633 176 667; x_wconf 82' lang='lat' dir='ltr'><strong>unua.</strong></span> <span class='ocrx_word' id='word_1_36' title='bbox 193 618 264 667; x_wconf 82' lang='lat' dir='ltr'><strong>Elsie</strong></span> <span class='ocrx_word' id='word_1_37' title='bbox 277 619 417 681; x_wconf 73' lang='lat' dir='ltr'><strong>Augustinus</strong></span> <span class='ocrx_word' id='word_1_38' title='bbox 427 620 504 683; x_wconf 76' lang='lat' dir='ltr'><strong>(lint</strong></span> <span class='ocrx_word' id='word_1_39' title='bbox 518 620 551 669; x_wconf 85' lang='lat' dir='ltr'><strong>de</strong></span> <span class='ocrx_word' id='word_1_40' title='bbox 564 622 632 671; x_wconf 80' lang='lat' dir='ltr'><strong>Doet.</strong></span> <span class='ocrx_word' id='word_1_41' title='bbox 649 620 748 677; x_wconf 66' lang='lat' dir='ltr'><strong>ehrirt.3</strong></span> <span class='ocrx_word' id='word_1_42' title='bbox 760 634 811 685; x_wconf 84' lang='lat' dir='ltr'><strong>cap.</strong></span> <span class='ocrx_word' id='word_1_43' title='bbox 823 620 868 683; x_wconf 77' lang='lat'><strong>5),</strong></span> 
     </span>
     <span class='ocr_line' id='line_1_7' title="bbox 69 690 869 756; baseline 0.005 -17"><span class='ocrx_word' id='word_1_44' title='bbox 69 690 131 739; x_wconf 79' lang='lat' dir='ltr'><strong>l‘alri</strong></span> <span class='ocrx_word' id='word_1_45' title='bbox 140 690 275 754; x_wconf 90' lang='lat' dir='ltr'><strong>appropriat</strong></span> <span class='ocrx_word' id='word_1_46' title='bbox 282 694 414 748; x_wconf 75' lang='lat' dir='ltr'><strong>uallatam,</strong></span> <span class='ocrx_word' id='word_1_47' title='bbox 423 692 481 742; x_wconf 82' lang='lat' dir='ltr'><strong>lilio</strong></span> <span class='ocrx_word' id='word_1_48' title='bbox 488 692 678 756; x_wconf 71' lang='lat' dir='ltr'><strong>equalitatem,</strong></span> <span class='ocrx_word' id='word_1_49' title='bbox 687 693 781 756; x_wconf 87' lang='lat' dir='ltr'><strong>Spiritui</strong></span> <span class='ocrx_word' id='word_1_50' title='bbox 791 697 869 743; x_wconf 84' lang='lat' dir='ltr'><strong>saneto</strong></span> 
     </span>
     <span class='ocr_line' id='line_1_8' title="bbox 67 763 870 827; baseline 0.006 -17"><span class='ocrx_word' id='word_1_51' title='bbox 67 763 231 818; x_wconf 73' lang='lat' dir='ltr'><strong>nmcorulinm</strong></span> <span class='ocrx_word' id='word_1_52' title='bbox 251 763 300 813; x_wconf 82' lang='lat' dir='ltr'><strong>aive</strong></span> <span class='ocrx_word' id='word_1_53' title='bbox 316 766 499 814; x_wconf 68' lang='lat' dir='ltr'><strong>comunionem.</strong></span> <span class='ocrx_word' id='word_1_54' title='bbox 520 767 574 824; x_wconf 84' lang='lat' dir='ltr'><strong>Quae</strong></span> <span class='ocrx_word' id='word_1_55' title='bbox 588 765 679 827; x_wconf 87' lang='lat' dir='ltr'><strong>quidem</strong></span> <span class='ocrx_word' id='word_1_56' title='bbox 697 766 740 815; x_wconf 89' lang='lat' dir='ltr'><strong>triu</strong></span> <span class='ocrx_word' id='word_1_57' title='bbox 757 766 870 816; x_wconf 82' lang='lat' dir='ltr'><strong>unitatem</strong></span> 
     </span>
     <span class='ocr_line' id='line_1_9' title="bbox 68 834 870 898; baseline 0.005 -17"><span class='ocrx_word' id='word_1_58' title='bbox 68 834 192 898; x_wconf 78' lang='lat' dir='ltr'><strong>importare</strong></span> <span class='ocrx_word' id='word_1_59' title='bbox 204 834 413 897; x_wconf 81' lang='lat' dir='ltr'><strong>manifestumest,</strong></span> <span class='ocrx_word' id='word_1_60' title='bbox 427 837 467 887; x_wconf 84' lang='lat' dir='ltr'><strong>sed</strong></span> <span class='ocrx_word' id='word_1_61' title='bbox 481 836 622 887; x_wconf 83' lang='lat' dir='ltr'><strong>differenter.</strong></span> <span class='ocrx_word' id='word_1_62' title='bbox 632 838 689 887; x_wconf 87' lang='lat' dir='ltr'><strong>Nam</strong></span> <span class='ocrx_word' id='word_1_63' title='bbox 700 838 777 887; x_wconf 85' lang='lat' dir='ltr'><strong>unitas</strong></span> <span class='ocrx_word' id='word_1_64' title='bbox 788 836 870 887; x_wconf 85' lang='lat' dir='ltr'><strong>dieitur</strong></span> 
     </span>
     <span class='ocr_line' id='line_1_10' title="bbox 67 904 870 973; baseline 0.005 -18"><span class='ocrx_word' id='word_1_65' title='bbox 67 904 428 971; x_wconf 64' lang='lat' dir='ltr'><strong>absolutimonpraeenpponens</strong></span> <span class='ocrx_word' id='word_1_66' title='bbox 435 908 519 972; x_wconf 85' lang='lat' dir='ltr'><strong>aliqmd</strong></span> <span class='ocrx_word' id='word_1_67' title='bbox 529 908 589 957; x_wconf 84' lang='lat' dir='ltr'><strong>aliod</strong></span> <span class='ocrx_word' id='word_1_68' title='bbox 601 924 606 957; x_wconf 92' lang='lat'>:</span> <span class='ocrx_word' id='word_1_69' title='bbox 619 908 702 959; x_wconf 87' lang='lat' dir='ltr'><strong>etideo</strong></span> <span class='ocrx_word' id='word_1_70' title='bbox 710 910 870 973; x_wconf 73' lang='lat' dir='ltr'><strong>appropriatur</strong></span> 
     </span>
    </p>
   </div>
   <div class='ocr_carea' id='block_1_3' title="bbox 13 976 879 2762">
    <p class='ocr_par' dir='ltr' id='par_1_3' title="bbox 13 976 879 2762">
     <span class='ocr_line' id='line_1_11' title="bbox 67 976 872 1045; baseline 0.006 -20"><span class='ocrx_word' id='word_1_71' title='bbox 67 976 145 1040; x_wconf 83' lang='lat' dir='ltr'><strong>Patri,</strong></span> <span class='ocrx_word' id='word_1_72' title='bbox 156 978 198 1041; x_wconf 80' lang='lat' dir='ltr'><strong>qni</strong></span> <span class='ocrx_word' id='word_1_73' title='bbox 207 992 254 1029; x_wconf 92' lang='lat' dir='ltr'><strong>non</strong></span> <span class='ocrx_word' id='word_1_74' title='bbox 264 979 422 1042; x_wconf 69' lang='lat' dir='ltr'><strong>praesupponit</strong></span> <span class='ocrx_word' id='word_1_75' title='bbox 433 980 534 1043; x_wconf 82' lang='lat' dir='ltr'><strong>aliquam</strong></span> <span class='ocrx_word' id='word_1_76' title='bbox 550 992 682 1043; x_wconf 76' lang='lat' dir='ltr'><strong>personam,</strong></span> <span class='ocrx_word' id='word_1_77' title='bbox 695 980 747 1029; x_wconf 79' lang='lat' dir='ltr'><strong>cunr</strong></span> <span class='ocrx_word' id='word_1_78' title='bbox 760 980 789 1030; x_wconf 89' lang='lat' dir='ltr'><strong>sit</strong></span> <span class='ocrx_word' id='word_1_79' title='bbox 798 983 872 1045; x_wconf 78' lang='lat' dir='ltr'><strong>prio·</strong></span> 
     </span>
     <span class='ocr_line' id='line_1_12' title="bbox 65 1049 871 1114; baseline 0.007 -18"><span class='ocrx_word' id='word_1_80' title='bbox 65 1049 166 1110; x_wconf 76' lang='lat' dir='ltr'><strong>ulpium</strong></span> <span class='ocrx_word' id='word_1_81' title='bbox 175 1064 225 1099; x_wconf 82' lang='lat' dir='ltr'><strong>non</strong></span> <span class='ocrx_word' id='word_1_82' title='bbox 235 1049 267 1098; x_wconf 83' lang='lat' dir='ltr'><strong>de</strong></span> <span class='ocrx_word' id='word_1_83' title='bbox 275 1051 413 1113; x_wconf 70' lang='lat' dir='ltr'><strong>principio.</strong></span> <span class='ocrx_word' id='word_1_84' title='bbox 424 1050 549 1114; x_wconf 66' lang='lat' dir='ltr'><strong>riqualllas</strong></span> <span class='ocrx_word' id='word_1_85' title='bbox 559 1051 749 1114; x_wconf 83' lang='lat' dir='ltr'><strong>autemimportat</strong></span> <span class='ocrx_word' id='word_1_86' title='bbox 757 1052 871 1103; x_wconf 86' lang='lat' dir='ltr'><strong>unitatem</strong></span> 
     </span>
     <span class='ocr_line' id='line_1_13' title="bbox 66 1120 870 1186; baseline 0.007 -18"><span class='ocrx_word' id='word_1_87' title='bbox 66 1120 93 1168; x_wconf 94' lang='lat' dir='ltr'><strong>in</strong></span> <span class='ocrx_word' id='word_1_88' title='bbox 107 1126 214 1185; x_wconf 78' lang='lat' dir='ltr'><strong>respectu</strong></span> <span class='ocrx_word' id='word_1_89' title='bbox 231 1121 261 1171; x_wconf 81' lang='lat' dir='ltr'><strong>ael</strong></span> <span class='ocrx_word' id='word_1_90' title='bbox 278 1122 389 1185; x_wconf 83' lang='lat' dir='ltr'><strong>alteram3</strong></span> <span class='ocrx_word' id='word_1_91' title='bbox 405 1136 458 1173; x_wconf 86' lang='lat' dir='ltr'><strong>nam</strong></span> <span class='ocrx_word' id='word_1_92' title='bbox 477 1124 564 1186; x_wconf 80' lang='lat' dir='ltr'><strong>aqualo</strong></span> <span class='ocrx_word' id='word_1_93' title='bbox 580 1126 614 1172; x_wconf 87' lang='lat' dir='ltr'><strong>est</strong></span> <span class='ocrx_word' id='word_1_94' title='bbox 631 1124 691 1185; x_wconf 86' lang='lat' dir='ltr'><strong>quod</strong></span> <span class='ocrx_word' id='word_1_95' title='bbox 711 1124 780 1173; x_wconf 85' lang='lat' dir='ltr'><strong>habet</strong></span> <span class='ocrx_word' id='word_1_96' title='bbox 802 1138 870 1174; x_wconf 86' lang='lat' dir='ltr'><strong>unam</strong></span> 
     </span>
     <span class='ocr_line' id='line_1_14' title="bbox 67 1192 871 1259; baseline 0.004 -18"><span class='ocrx_word' id='word_1_97' title='bbox 67 1194 222 1255; x_wconf 74' lang='lat' dir='ltr'><strong>quantitatem</strong></span> <span class='ocrx_word' id='word_1_98' title='bbox 232 1206 284 1243; x_wconf 88' lang='lat' dir='ltr'><strong>eum</strong></span> <span class='ocrx_word' id='word_1_99' title='bbox 293 1192 336 1242; x_wconf 90' lang='lat' dir='ltr'><strong>alio</strong></span> <span class='ocrx_word' id='word_1_100' title='bbox 350 1209 356 1241; x_wconf 78' lang='lat' dir='ltr'><em>z</em></span> <span class='ocrx_word' id='word_1_101' title='bbox 369 1194 454 1244; x_wconf 84' lang='lat' dir='ltr'><strong>elideo</strong></span> <span class='ocrx_word' id='word_1_102' title='bbox 466 1193 584 1257; x_wconf 80' lang='lat' dir='ltr'><strong>aeqrnalitas</strong></span> <span class='ocrx_word' id='word_1_103' title='bbox 596 1194 752 1259; x_wconf 85' lang='lat' dir='ltr'><strong>appropriatur</strong></span> <span class='ocrx_word' id='word_1_104' title='bbox 762 1194 819 1245; x_wconf 85' lang='lat' dir='ltr'><strong>Filio</strong></span> <span class='ocrx_word' id='word_1_105' title='bbox 830 1196 871 1259; x_wconf 89' lang='lat' dir='ltr'><strong>qni</strong></span> 
     </span>
     <span class='ocr_line' id='line_1_15' title="bbox 66 1264 872 1329; baseline 0.002 -16"><span class='ocrx_word' id='word_1_106' title='bbox 66 1268 103 1313; x_wconf 82' lang='lat' dir='ltr'><strong>ost</strong></span> <span class='ocrx_word' id='word_1_107' title='bbox 113 1266 274 1329; x_wconf 72' lang='lat' dir='ltr'><strong>principium</strong></span> <span class='ocrx_word' id='word_1_108' title='bbox 285 1264 318 1315; x_wconf 82' lang='lat' dir='ltr'><strong>de</strong></span> <span class='ocrx_word' id='word_1_109' title='bbox 327 1266 466 1329; x_wconf 76' lang='lat' dir='ltr'><strong>principio.</strong></span> <span class='ocrx_word' id='word_1_110' title='bbox 479 1266 596 1315; x_wconf 79' lang='lat' dir='ltr'>connexio</span> <span class='ocrx_word' id='word_1_111' title='bbox 608 1269 683 1315; x_wconf 89' lang='lat' dir='ltr'><strong>antem</strong></span> <span class='ocrx_word' id='word_1_112' title='bbox 696 1265 805 1329; x_wconf 80' lang='lat' dir='ltr'><strong>importat</strong></span> <span class='ocrx_word' id='word_1_113' title='bbox 820 1266 872 1316; x_wconf 89' lang='lat' dir='ltr'><strong>uni·</strong></span> 
     </span>
     <span class='ocr_line' id='line_1_16' title="bbox 65 1335 871 1401; baseline 0.002 -16"><span class='ocrx_word' id='word_1_114' title='bbox 65 1339 141 1386; x_wconf 78' lang='lat' dir='ltr'><strong>tatem</strong></span> <span class='ocrx_word' id='word_1_115' title='bbox 155 1337 283 1400; x_wconf 89' lang='lat' dir='ltr'><strong>aliquorum</strong></span> <span class='ocrx_word' id='word_1_116' title='bbox 298 1337 410 1387; x_wconf 87' lang='lat' dir='ltr'><strong>duorum:</strong></span> <span class='ocrx_word' id='word_1_117' title='bbox 427 1337 487 1387; x_wconf 79' lang='lat' dir='ltr'><strong>nulle</strong></span> <span class='ocrx_word' id='word_1_118' title='bbox 501 1337 659 1401; x_wconf 84' lang='lat' dir='ltr'><strong>appropriatur</strong></span> <span class='ocrx_word' id='word_1_119' title='bbox 675 1335 772 1401; x_wconf 85' lang='lat' dir='ltr'><strong>Spiritui</strong></span> <span class='ocrx_word' id='word_1_120' title='bbox 792 1342 871 1387; x_wconf 83' lang='lat' dir='ltr'><strong>saneto</strong></span> 
     </span>
     <span class='ocr_line' id='line_1_17' title="bbox 65 1407 872 1472; baseline 0.004 -16"><span class='ocrx_word' id='word_1_121' title='bbox 65 1407 93 1456; x_wconf 94' lang='lat' dir='ltr'><strong>in</strong></span> <span class='ocrx_word' id='word_1_122' title='bbox 106 1412 218 1471; x_wconf 78' lang='lat' dir='ltr'><strong>quantum</strong></span> <span class='ocrx_word' id='word_1_123' title='bbox 230 1412 267 1458; x_wconf 84' lang='lat' dir='ltr'><strong>eal</strong></span> <span class='ocrx_word' id='word_1_124' title='bbox 279 1408 293 1457; x_wconf 82' lang='lat' dir='ltr'><strong>a</strong></span> <span class='ocrx_word' id='word_1_125' title='bbox 306 1409 400 1459; x_wconf 80' lang='lat' dir='ltr'><strong>duobus.</strong></span> <span class='ocrx_word' id='word_1_126' title='bbox 415 1410 449 1458; x_wconf 83' lang='lat' dir='ltr'><strong>Ex</strong></span> <span class='ocrx_word' id='word_1_127' title='bbox 461 1422 507 1471; x_wconf 85' lang='lat' dir='ltr'><strong>quo</strong></span> <span class='ocrx_word' id='word_1_128' title='bbox 521 1422 590 1457; x_wconf 83' lang='lat' dir='ltr'><strong>sensu</strong></span> <span class='ocrx_word' id='word_1_129' title='bbox 605 1408 674 1457; x_wconf 89' lang='lat' dir='ltr'><strong>etiam</strong></span> <span class='ocrx_word' id='word_1_130' title='bbox 684 1407 783 1471; x_wconf 78' lang='lat' dir='ltr'><strong>intelligi</strong></span> <span class='ocrx_word' id='word_1_131' title='bbox 796 1413 872 1472; x_wconf 83' lang='lat' dir='ltr'><strong>potest</strong></span> 
     </span>
     <span class='ocr_line' id='line_1_18' title="bbox 71 1480 873 1545; baseline 0.001 -15"><span class='ocrx_word' id='word_1_132' title='bbox 71 1481 133 1543; x_wconf 74' lang='lat' dir='ltr'><strong>munel</strong></span> <span class='ocrx_word' id='word_1_133' title='bbox 145 1480 201 1531; x_wconf 77' lang='lat' dir='ltr'><strong>elicit</strong></span> <span class='ocrx_word' id='word_1_134' title='bbox 217 1480 356 1543; x_wconf 72' lang='lat' dir='ltr'><strong>Augustinus</strong></span> <span class='ocrx_word' id='word_1_135' title='bbox 366 1480 402 1545; x_wconf 84' lang='lat' dir='ltr'><strong>(ul</strong></span> <span class='ocrx_word' id='word_1_136' title='bbox 414 1480 492 1543; x_wconf 78' lang='lat' dir='ltr'><strong>supra)</strong></span> <span class='ocrx_word' id='word_1_137' title='bbox 508 1496 513 1529; x_wconf 91' lang='lat'>:</span> <span class='ocrx_word' id='word_1_138' title='bbox 530 1499 544 1528; x_wconf 82' lang='lat' dir='ltr'><strong>u</strong></span> <span class='ocrx_word' id='word_1_139' title='bbox 561 1480 613 1529; x_wconf 74' lang='lat' dir='ltr'><strong>Teia</strong></span> <span class='ocrx_word' id='word_1_140' title='bbox 628 1494 678 1531; x_wconf 88' lang='lat' dir='ltr'><strong>esse</strong></span> <span class='ocrx_word' id='word_1_141' title='bbox 692 1494 763 1529; x_wconf 88' lang='lat' dir='ltr'><strong>unum</strong></span> <span class='ocrx_word' id='word_1_142' title='bbox 779 1485 873 1545; x_wconf 89' lang='lat' dir='ltr'><strong>propter</strong></span> 
     </span>
     <span class='ocr_line' id='line_1_19' title="bbox 72 1550 873 1617; baseline 0.002 -17"><span class='ocrx_word' id='word_1_143' title='bbox 72 1554 181 1616; x_wconf 88' lang='lat' dir='ltr'><strong>Patrem,</strong></span> <span class='ocrx_word' id='word_1_144' title='bbox 195 1551 291 1616; x_wconf 60' lang='lat' dir='ltr'><strong>maulia</strong></span> <span class='ocrx_word' id='word_1_145' title='bbox 309 1556 401 1616; x_wconf 87' lang='lat' dir='ltr'><strong>propter</strong></span> <span class='ocrx_word' id='word_1_146' title='bbox 419 1550 516 1615; x_wconf 84' lang='lat' dir='ltr'><strong>Filium,</strong></span> <span class='ocrx_word' id='word_1_147' title='bbox 535 1562 637 1603; x_wconf 80' lang='lat' dir='ltr'><strong>connexa</strong></span> <span class='ocrx_word' id='word_1_148' title='bbox 654 1556 747 1617; x_wconf 89' lang='lat' dir='ltr'><strong>propter</strong></span> <span class='ocrx_word' id='word_1_149' title='bbox 763 1552 873 1615; x_wconf 82' lang='lat' dir='ltr'><strong>Spiritum</strong></span> 
     </span>
     <span class='ocr_line' id='line_1_20' title="bbox 71 1622 874 1687; baseline 0.002 -15"><span class='ocrx_word' id='word_1_150' title='bbox 71 1629 185 1673; x_wconf 85' lang='lat' dir='ltr'><strong>sanetum.</strong></span> <span class='ocrx_word' id='word_1_151' title='bbox 193 1640 207 1670; x_wconf 89' lang='lat'>»</span> <span class='ocrx_word' id='word_1_152' title='bbox 217 1622 476 1674; x_wconf 83' lang='lat' dir='ltr'><strong>ltaoileotumestenim</strong></span> <span class='ocrx_word' id='word_1_153' title='bbox 482 1622 542 1687; x_wconf 78' lang='lat' dir='ltr'><strong>quod</strong></span> <span class='ocrx_word' id='word_1_154' title='bbox 551 1624 585 1673; x_wconf 92' lang='lat' dir='ltr'><strong>illi</strong></span> <span class='ocrx_word' id='word_1_155' title='bbox 593 1623 874 1687; x_wconf 64' lang='lat' dir='ltr'><strong>ammoniturnnumquod·</strong></span> 
     </span>
     <span class='ocr_line' id='line_1_21' title="bbox 70 1695 874 1765; baseline 0.001 -20"><span class='ocrx_word' id='word_1_156' title='bbox 70 1710 115 1759; x_wconf 82' lang='lat' dir='ltr'><strong>qne</strong></span> <span class='ocrx_word' id='word_1_157' title='bbox 128 1696 156 1746; x_wconf 89' lang='lat' dir='ltr'><strong>in</strong></span> <span class='ocrx_word' id='word_1_158' title='bbox 168 1710 214 1759; x_wconf 87' lang='lat' dir='ltr'><strong>quo</strong></span> <span class='ocrx_word' id='word_1_159' title='bbox 222 1695 437 1759; x_wconf 75' lang='lat' dir='ltr'><strong>primoinneuitur3</strong></span> <span class='ocrx_word' id='word_1_160' title='bbox 450 1696 509 1746; x_wconf 73' lang='lat' dir='ltr'><strong>mont</strong></span> <span class='ocrx_word' id='word_1_161' title='bbox 519 1696 711 1765; x_wconf 84' lang='lat' dir='ltr'><strong>omniainloriore</strong></span> <span class='ocrx_word' id='word_1_162' title='bbox 721 1696 825 1747; x_wconf 84' lang='lat' dir='ltr'><strong>dicuntur</strong></span> <span class='ocrx_word' id='word_1_163' title='bbox 838 1696 874 1746; x_wconf 83' lang='lat' dir='ltr'><strong>vi·</strong></span> 
     </span>
     <span class='ocr_line' id='line_1_22' title="bbox 73 1768 873 1833; baseline 0.005 -18"><span class='ocrx_word' id='word_1_164' title='bbox 73 1783 128 1820; x_wconf 79' lang='lat' dir='ltr'><strong>vere</strong></span> <span class='ocrx_word' id='word_1_165' title='bbox 138 1772 234 1833; x_wconf 85' lang='lat' dir='ltr'><strong>propter</strong></span> <span class='ocrx_word' id='word_1_166' title='bbox 240 1768 342 1819; x_wconf 89' lang='lat' dir='ltr'><strong>animam</strong></span> <span class='ocrx_word' id='word_1_167' title='bbox 351 1768 514 1831; x_wconf 74' lang='lat' dir='ltr'><strong>vegetabilem,</strong></span> <span class='ocrx_word' id='word_1_168' title='bbox 524 1768 549 1819; x_wconf 91' lang='lat' dir='ltr'><strong>in</strong></span> <span class='ocrx_word' id='word_1_169' title='bbox 558 1782 600 1833; x_wconf 85' lang='lat' dir='ltr'><strong>quo</strong></span> <span class='ocrx_word' id='word_1_170' title='bbox 612 1768 685 1833; x_wconf 78' lang='lat' dir='ltr'><strong>primo</strong></span> <span class='ocrx_word' id='word_1_171' title='bbox 692 1768 808 1819; x_wconf 83' lang='lat' dir='ltr'><strong>inuenitur</strong></span> <span class='ocrx_word' id='word_1_172' title='bbox 815 1770 873 1819; x_wconf 89' lang='lat' dir='ltr'><strong>ratio</strong></span> 
     </span>
     <span class='ocr_line' id='line_1_23' title="bbox 13 1838 874 1891; baseline 0.002 -4"><span class='ocrx_word' id='word_1_173' title='bbox 13 1869 14 1874; x_wconf 59' lang='lat'><em>=</em></span> <span class='ocrx_word' id='word_1_174' title='bbox 72 1842 129 1891; x_wconf 78' lang='lat' dir='ltr'><strong>ritae</strong></span> <span class='ocrx_word' id='word_1_175' title='bbox 151 1841 177 1889; x_wconf 92' lang='lat' dir='ltr'><strong>in</strong></span> <span class='ocrx_word' id='word_1_176' title='bbox 194 1840 245 1889; x_wconf 80' lang='lat' dir='ltr'><strong>ielis</strong></span> <span class='ocrx_word' id='word_1_177' title='bbox 259 1838 413 1890; x_wconf 84' lang='lat' dir='ltr'><strong>interioribus.</strong></span> <span class='ocrx_word' id='word_1_178' title='bbox 431 1839 512 1890; x_wconf 86' lang='lat' dir='ltr'><strong>Unitas</strong></span> <span class='ocrx_word' id='word_1_179' title='bbox 528 1843 604 1890; x_wconf 85' lang='lat' dir='ltr'><strong>antem</strong></span> <span class='ocrx_word' id='word_1_180' title='bbox 621 1839 697 1891; x_wconf 76' lang='lat' dir='ltr'><strong>atatim</strong></span> <span class='ocrx_word' id='word_1_181' title='bbox 714 1840 830 1890; x_wconf 85' lang='lat' dir='ltr'><strong>invenitur</strong></span> <span class='ocrx_word' id='word_1_182' title='bbox 849 1841 874 1889; x_wconf 89' lang='lat' dir='ltr'><strong>in</strong></span> 
     </span>
     <span class='ocr_line' id='line_1_24' title="bbox 72 1911 873 1978; baseline -0.004 -15"><span class='ocrx_word' id='word_1_183' title='bbox 72 1925 176 1975; x_wconf 83' lang='lat' dir='ltr'><strong>persona</strong></span> <span class='ocrx_word' id='word_1_184' title='bbox 185 1911 273 1975; x_wconf 84' lang='lat' dir='ltr'><strong>Patris,</strong></span> <span class='ocrx_word' id='word_1_185' title='bbox 283 1911 351 1961; x_wconf 85' lang='lat' dir='ltr'><strong>eliam</strong></span> <span class='ocrx_word' id='word_1_186' title='bbox 364 1912 572 1978; x_wconf 81' lang='lat' dir='ltr'><strong>(perimpossioile)</strong></span> <span class='ocrx_word' id='word_1_187' title='bbox 586 1912 679 1962; x_wconf 81' lang='lat' dir='ltr'><strong>remotis</strong></span> <span class='ocrx_word' id='word_1_188' title='bbox 690 1912 740 1961; x_wconf 83' lang='lat' dir='ltr'><strong>aliis</strong></span> <span class='ocrx_word' id='word_1_189' title='bbox 750 1912 852 1976; x_wconf 80' lang='lat' dir='ltr'><strong>personis</strong></span> <span class='ocrx_word' id='word_1_190' title='bbox 867 1926 873 1960; x_wconf 74' lang='grc' dir='ltr'>ε</span> 
     </span>
     <span class='ocr_line' id='line_1_25' title="bbox 13 1981 876 2050; baseline -0.002 -17"><span class='ocrx_word' id='word_1_191' title='bbox 13 2037 14 2050; x_wconf 20' lang='lat'>¹</span> <span class='ocrx_word' id='word_1_192' title='bbox 71 1988 96 2033; x_wconf 80' lang='lat' dir='ltr'><strong>et</strong></span> <span class='ocrx_word' id='word_1_193' title='bbox 109 1983 166 2034; x_wconf 84' lang='lat' dir='ltr'><strong>ideo</strong></span> <span class='ocrx_word' id='word_1_194' title='bbox 186 1981 238 2033; x_wconf 80' lang='lat' dir='ltr'><strong>alia</strong></span> <span class='ocrx_word' id='word_1_195' title='bbox 252 1996 356 2047; x_wconf 77' lang='lat' dir='ltr'><strong>personae</strong></span> <span class='ocrx_word' id='word_1_196' title='bbox 372 1983 386 2033; x_wconf 82' lang='lat' dir='ltr'><strong>a</strong></span> <span class='ocrx_word' id='word_1_197' title='bbox 403 1986 470 2033; x_wconf 87' lang='lat' dir='ltr'><strong>Patre</strong></span> <span class='ocrx_word' id='word_1_198' title='bbox 483 1984 570 2033; x_wconf 86' lang='lat' dir='ltr'><strong>halent</strong></span> <span class='ocrx_word' id='word_1_199' title='bbox 589 1984 708 2033; x_wconf 85' lang='lat' dir='ltr'><strong>unitatem.</strong></span> <span class='ocrx_word' id='word_1_200' title='bbox 723 1984 768 2032; x_wconf 84' lang='lat' dir='ltr'><strong>Sed</strong></span> <span class='ocrx_word' id='word_1_201' title='bbox 784 1982 876 2032; x_wconf 83' lang='lat' dir='ltr'><strong>remotis</strong></span> 
     </span>
     <span class='ocr_line' id='line_1_26' title="bbox 13 2052 876 2124; baseline -0.001 -20"><span class='ocrx_word' id='word_1_202' title='bbox 13 2067 14 2124; x_wconf 62' lang='lat' dir='ltr'><strong>l</strong></span> <span class='ocrx_word' id='word_1_203' title='bbox 71 2055 124 2105; x_wconf 78' lang='lat' dir='ltr'><strong>aiis</strong></span> <span class='ocrx_word' id='word_1_204' title='bbox 138 2054 248 2119; x_wconf 82' lang='lat' dir='ltr'><strong>personis</strong></span> <span class='ocrx_word' id='word_1_205' title='bbox 265 2068 311 2105; x_wconf 94' lang='lat' dir='ltr'><strong>non</strong></span> <span class='ocrx_word' id='word_1_206' title='bbox 329 2054 447 2105; x_wconf 78' lang='lat' dir='ltr'><strong>inuenitur</strong></span> <span class='ocrx_word' id='word_1_207' title='bbox 463 2055 579 2117; x_wconf 80' lang='lat' dir='ltr'><strong>aequalitas</strong></span> <span class='ocrx_word' id='word_1_208' title='bbox 599 2054 624 2103; x_wconf 91' lang='lat' dir='ltr'><strong>iu</strong></span> <span class='ocrx_word' id='word_1_209' title='bbox 642 2056 726 2117; x_wconf 86' lang='lat' dir='ltr'><strong>Patre;</strong></span> <span class='ocrx_word' id='word_1_210' title='bbox 742 2055 782 2103; x_wconf 75' lang='lat' dir='ltr'><strong>seul</strong></span> <span class='ocrx_word' id='word_1_211' title='bbox 799 2052 876 2103; x_wconf 87' lang='lat' dir='ltr'><strong>statim</strong></span> 
     </span>
     <span class='ocr_line' id='line_1_27' title="bbox 71 2125 877 2189; baseline -0.006 -11"><span class='ocrx_word' id='word_1_212' title='bbox 71 2127 148 2189; x_wconf 71' lang='lat' dir='ltr'><strong>posito</strong></span> <span class='ocrx_word' id='word_1_213' title='bbox 157 2125 216 2178; x_wconf 81' lang='lat' dir='ltr'><strong>Filio</strong></span> <span class='ocrx_word' id='word_1_214' title='bbox 224 2126 342 2176; x_wconf 84' lang='lat' dir='ltr'><strong>invenitur</strong></span> <span class='ocrx_word' id='word_1_215' title='bbox 350 2125 467 2189; x_wconf 83' lang='lat' dir='ltr'><strong>aequnlitas</strong></span> <span class='ocrx_word' id='word_1_216' title='bbox 478 2142 483 2174; x_wconf 92' lang='lat'>:</span> <span class='ocrx_word' id='word_1_217' title='bbox 493 2130 516 2175; x_wconf 88' lang='lat' dir='ltr'><strong>ol</strong></span> <span class='ocrx_word' id='word_1_218' title='bbox 524 2126 576 2175; x_wconf 83' lang='lat' dir='ltr'><strong>ideo</strong></span> <span class='ocrx_word' id='word_1_219' title='bbox 584 2126 690 2175; x_wconf 83' lang='lat' dir='ltr'><strong>dicuntur</strong></span> <span class='ocrx_word' id='word_1_220' title='bbox 698 2125 773 2174; x_wconf 88' lang='lat' dir='ltr'><strong>omnia</strong></span> <span class='ocrx_word' id='word_1_221' title='bbox 782 2136 877 2188; x_wconf 76' lang='lat' dir='ltr'><strong>«aqua-</strong></span> 
     </span>
     <span class='ocr_line' id='line_1_28' title="bbox 72 2195 878 2263; baseline -0.002 -17"><span class='ocrx_word' id='word_1_222' title='bbox 72 2200 101 2248; x_wconf 90' lang='lat' dir='ltr'><strong>lia</strong></span> <span class='ocrx_word' id='word_1_223' title='bbox 121 2200 219 2263; x_wconf 82' lang='lat' dir='ltr'><strong>propter</strong></span> <span class='ocrx_word' id='word_1_224' title='bbox 235 2196 319 2247; x_wconf 81' lang='lat' dir='ltr'><strong>lilium</strong></span> <span class='ocrx_word' id='word_1_225' title='bbox 326 2234 335 2261; x_wconf 84' lang='lat'><em>‚</em></span> <span class='ocrx_word' id='word_1_226' title='bbox 346 2214 360 2244; x_wconf 82' lang='lat' dir='ltr'><strong>n</strong></span> <span class='ocrx_word' id='word_1_227' title='bbox 372 2210 419 2247; x_wconf 90' lang='lat' dir='ltr'><strong>non</strong></span> <span class='ocrx_word' id='word_1_228' title='bbox 432 2196 493 2260; x_wconf 83' lang='lat' dir='ltr'><strong>quod</strong></span> <span class='ocrx_word' id='word_1_229' title='bbox 506 2197 574 2248; x_wconf 81' lang='lat' dir='ltr'><strong>Filius</strong></span> <span class='ocrx_word' id='word_1_230' title='bbox 589 2196 618 2247; x_wconf 88' lang='lat' dir='ltr'><strong>sit</strong></span> <span class='ocrx_word' id='word_1_231' title='bbox 634 2196 770 2260; x_wconf 83' lang='lat' dir='ltr'><strong>principium</strong></span> <span class='ocrx_word' id='word_1_232' title='bbox 785 2195 878 2260; x_wconf 86' lang='lat' dir='ltr'><strong>aequali·</strong></span> 
     </span>
     <span class='ocr_line' id='line_1_29' title="bbox 72 2267 878 2332; baseline -0.001 -15"><span class='ocrx_word' id='word_1_233' title='bbox 72 2268 126 2319; x_wconf 83' lang='lat' dir='ltr'><strong>tatis</strong></span> <span class='ocrx_word' id='word_1_234' title='bbox 146 2267 236 2332; x_wconf 84' lang='lat' dir='ltr'><strong>Patris,</strong></span> <span class='ocrx_word' id='word_1_235' title='bbox 253 2269 295 2319; x_wconf 83' lang='lat' dir='ltr'><strong>sed</strong></span> <span class='ocrx_word' id='word_1_236' title='bbox 311 2268 365 2331; x_wconf 88' lang='lat' dir='ltr'><strong>quia</strong></span> <span class='ocrx_word' id='word_1_237' title='bbox 380 2267 425 2317; x_wconf 87' lang='lat' dir='ltr'><strong>nisi</strong></span> <span class='ocrx_word' id='word_1_238' title='bbox 444 2272 505 2319; x_wconf 75' lang='lat' dir='ltr'><strong>esset</strong></span> <span class='ocrx_word' id='word_1_239' title='bbox 525 2268 586 2317; x_wconf 84' lang='lat' dir='ltr'><strong>Patri</strong></span> <span class='ocrx_word' id='word_1_240' title='bbox 600 2268 693 2331; x_wconf 74' lang='lat' dir='ltr'><strong>equalis</strong></span> <span class='ocrx_word' id='word_1_241' title='bbox 707 2267 790 2329; x_wconf 86' lang='lat' dir='ltr'><strong>Filius,</strong></span> <span class='ocrx_word' id='word_1_242' title='bbox 811 2268 878 2317; x_wconf 86' lang='lat' dir='ltr'><strong>Pater</strong></span> 
     </span>
     <span class='ocr_line' id='line_1_30' title="bbox 72 2336 877 2405; baseline -0.002 -16"><span class='ocrx_word' id='word_1_243' title='bbox 72 2339 170 2405; x_wconf 76' lang='lat' dir='ltr'><strong>equalis</strong></span> <span class='ocrx_word' id='word_1_244' title='bbox 184 2353 232 2390; x_wconf 90' lang='lat' dir='ltr'><strong>nou</strong></span> <span class='ocrx_word' id='word_1_245' title='bbox 241 2344 320 2403; x_wconf 81' lang='lat' dir='ltr'><strong>posset</strong></span> <span class='ocrx_word' id='word_1_246' title='bbox 330 2339 388 2403; x_wconf 78' lang='lat' dir='ltr'><strong>‹liei3</strong></span> <span class='ocrx_word' id='word_1_247' title='bbox 399 2339 517 2403; x_wconf 75' lang='lat' dir='ltr'><strong>equalitas</strong></span> <span class='ocrx_word' id='word_1_248' title='bbox 527 2339 587 2390; x_wconf 87' lang='lat' dir='ltr'><strong>enirn</strong></span> <span class='ocrx_word' id='word_1_249' title='bbox 597 2340 648 2403; x_wconf 84' lang='lat' dir='ltr'><strong>ejus</strong></span> <span class='ocrx_word' id='word_1_250' title='bbox 660 2336 733 2402; x_wconf 79' lang='lat' dir='ltr'><strong>primo</strong></span> <span class='ocrx_word' id='word_1_251' title='bbox 749 2337 877 2388; x_wconf 78' lang='lat' dir='ltr'><strong>considera-</strong></span> 
     </span>
     <span class='ocr_line' id='line_1_31' title="bbox 73 2410 877 2475; baseline -0.002 -16"><span class='ocrx_word' id='word_1_252' title='bbox 73 2416 110 2461; x_wconf 89' lang='lat' dir='ltr'><strong>lur</strong></span> <span class='ocrx_word' id='word_1_253' title='bbox 126 2411 158 2462; x_wconf 82' lang='lat' dir='ltr'><strong>ad</strong></span> <span class='ocrx_word' id='word_1_254' title='bbox 173 2410 279 2461; x_wconf 79' lang='lat' dir='ltr'><strong>Filium:</strong></span> <span class='ocrx_word' id='word_1_255' title='bbox 296 2412 340 2461; x_wconf 87' lang='lat' dir='ltr'><strong>hoe</strong></span> <span class='ocrx_word' id='word_1_256' title='bbox 355 2410 417 2461; x_wconf 89' lang='lat' dir='ltr'><strong>enim</strong></span> <span class='ocrx_word' id='word_1_257' title='bbox 433 2410 508 2474; x_wconf 83' lang='lat' dir='ltr'><strong>ipsum</strong></span> <span class='ocrx_word' id='word_1_258' title='bbox 524 2410 585 2475; x_wconf 83' lang='lat' dir='ltr'><strong>quod</strong></span> <span class='ocrx_word' id='word_1_259' title='bbox 597 2410 696 2475; x_wconf 82' lang='lat' dir='ltr'><strong>Spiritus</strong></span> <span class='ocrx_word' id='word_1_260' title='bbox 709 2413 799 2459; x_wconf 86' lang='lat' dir='ltr'><strong>sauctus</strong></span> <span class='ocrx_word' id='word_1_261' title='bbox 813 2410 877 2458; x_wconf 86' lang='lat' dir='ltr'><strong>Patri</strong></span> 
     </span>
     <span class='ocr_line' id='line_1_32' title="bbox 73 2480 877 2547; baseline -0.004 -15"><span class='ocrx_word' id='word_1_262' title='bbox 73 2482 170 2547; x_wconf 73' lang='lat' dir='ltr'><strong>aqualia</strong></span> <span class='ocrx_word' id='word_1_263' title='bbox 178 2486 227 2545; x_wconf 84' lang='lat' dir='ltr'><strong>est,</strong></span> <span class='ocrx_word' id='word_1_264' title='bbox 240 2482 319 2533; x_wconf 58' lang='lat' dir='ltr'><strong>italio</strong></span> <span class='ocrx_word' id='word_1_265' title='bbox 329 2484 400 2533; x_wconf 84' lang='lat' dir='ltr'><strong>habel</strong></span> <span class='ocrx_word' id='word_1_266' title='bbox 409 2481 452 2546; x_wconf 87' lang='lat'><strong>(1).</strong></span> <span class='ocrx_word' id='word_1_267' title='bbox 462 2482 572 2532; x_wconf 84' lang='lat' dir='ltr'><strong>Similiter</strong></span> <span class='ocrx_word' id='word_1_268' title='bbox 585 2482 678 2532; x_wconf 81' lang='lat' dir='ltr'><strong>excluso</strong></span> <span class='ocrx_word' id='word_1_269' title='bbox 690 2480 776 2545; x_wconf 88' lang='lat' dir='ltr'><strong>Spiritu</strong></span> <span class='ocrx_word' id='word_1_270' title='bbox 788 2484 877 2543; x_wconf 84' lang='lat' dir='ltr'><strong>saneto,</strong></span> 
     </span>
     <span class='ocr_line' id='line_1_33' title="bbox 73 2552 879 2618; baseline -0.002 -15"><span class='ocrx_word' id='word_1_271' title='bbox 73 2555 114 2618; x_wconf 79' lang='lat' dir='ltr'><strong>poi</strong></span> <span class='ocrx_word' id='word_1_272' title='bbox 128 2557 167 2605; x_wconf 79' lang='lat' dir='ltr'><strong>eat</strong></span> <span class='ocrx_word' id='word_1_273' title='bbox 180 2554 279 2605; x_wconf 86' lang='lat' dir='ltr'><strong>duorum</strong></span> <span class='ocrx_word' id='word_1_274' title='bbox 296 2566 433 2617; x_wconf 84' lang='lat' dir='ltr'><strong>nexus‚non</strong></span> <span class='ocrx_word' id='word_1_275' title='bbox 443 2557 519 2617; x_wconf 79' lang='lat' dir='ltr'><strong>posset</strong></span> <span class='ocrx_word' id='word_1_276' title='bbox 531 2553 630 2617; x_wconf 80' lang='lat' dir='ltr'><strong>intelligi</strong></span> <span class='ocrx_word' id='word_1_277' title='bbox 643 2552 718 2602; x_wconf 84' lang='lat' dir='ltr'><strong>unitas</strong></span> <span class='ocrx_word' id='word_1_278' title='bbox 731 2552 879 2603; x_wconf 79' lang='lat' dir='ltr'><strong>connexionis</strong></span> 
     </span>
     <span class='ocr_line' id='line_1_34' title="bbox 74 2623 878 2676; baseline -0.004 -2"><span class='ocrx_word' id='word_1_279' title='bbox 74 2628 134 2676; x_wconf 86' lang='lat' dir='ltr'><strong>inter</strong></span> <span class='ocrx_word' id='word_1_280' title='bbox 151 2626 246 2675; x_wconf 85' lang='lat' dir='ltr'><strong>Patrem</strong></span> <span class='ocrx_word' id='word_1_281' title='bbox 259 2629 283 2675; x_wconf 88' lang='lat' dir='ltr'><strong>et</strong></span> <span class='ocrx_word' id='word_1_282' title='bbox 295 2625 377 2676; x_wconf 88' lang='lat' dir='ltr'><strong>Filium</strong></span> <span class='ocrx_word' id='word_1_283' title='bbox 394 2628 438 2675; x_wconf 87' lang='lat' dir='ltr'><strong>:el</strong></span> <span class='ocrx_word' id='word_1_284' title='bbox 452 2624 504 2674; x_wconf 88' lang='lat' dir='ltr'><strong>ideo</strong></span> <span class='ocrx_word' id='word_1_285' title='bbox 521 2624 629 2675; x_wconf 80' lang='lat' dir='ltr'><strong>dieantur</strong></span> <span class='ocrx_word' id='word_1_286' title='bbox 643 2623 719 2674; x_wconf 85' lang='lat' dir='ltr'><strong>omnia</strong></span> <span class='ocrx_word' id='word_1_287' title='bbox 730 2636 780 2673; x_wconf 86' lang='lat' dir='ltr'><strong>esse</strong></span> <span class='ocrx_word' id='word_1_288' title='bbox 796 2641 809 2669; x_wconf 81' lang='lat' dir='ltr'><strong>u</strong></span> <span class='ocrx_word' id='word_1_289' title='bbox 824 2636 878 2673; x_wconf 91' lang='lat' dir='ltr'><strong>con·</strong></span> 
     </span>
     <span class='ocr_line' id='line_1_35' title="bbox 74 2694 879 2762; baseline -0.001 -16"><span class='ocrx_word' id='word_1_290' title='bbox 74 2712 134 2748; x_wconf 79' lang='lat' dir='ltr'><strong>nexa</strong></span> <span class='ocrx_word' id='word_1_291' title='bbox 146 2699 244 2762; x_wconf 85' lang='lat' dir='ltr'><strong>propter</strong></span> <span class='ocrx_word' id='word_1_292' title='bbox 255 2696 366 2761; x_wconf 84' lang='lat' dir='ltr'><strong>Spiritum</strong></span> <span class='ocrx_word' id='word_1_293' title='bbox 379 2700 499 2758; x_wconf 83' lang='lat' dir='ltr'><strong>sanetum:</strong></span> <span class='ocrx_word' id='word_1_294' title='bbox 516 2714 530 2743; x_wconf 79' lang='lat' dir='ltr'><strong>u</strong></span> <span class='ocrx_word' id='word_1_295' title='bbox 546 2694 600 2759; x_wconf 87' lang='lat' dir='ltr'><strong>qnia</strong></span> <span class='ocrx_word' id='word_1_296' title='bbox 614 2694 688 2759; x_wconf 76' lang='lat' dir='ltr'><strong>ponito</strong></span> <span class='ocrx_word' id='word_1_297' title='bbox 698 2694 784 2758; x_wconf 79' lang='lat' dir='ltr'><strong>Spiritu</strong></span> <span class='ocrx_word' id='word_1_298' title='bbox 800 2698 879 2745; x_wconf 69' lang='lat' dir='ltr'><strong>saneto</strong></span> 
     </span>
    </p>
   </div>
   <div class='ocr_carea' id='block_1_4' title="bbox 76 2851 878 3049">
    <p class='ocr_par' dir='ltr' id='par_1_4' title="bbox 76 2851 878 3049">
     <span class='ocr_line' id='line_1_36' title="bbox 108 2851 878 2918; baseline -0.006 -15"><span class='ocrx_word' id='word_1_299' title='bbox 108 2854 140 2918; x_wconf 84' lang='grc'><strong>(1)</strong></span> <span class='ocrx_word' id='word_1_300' title='bbox 153 2856 216 2917; x_wconf 81' lang='lat' dir='ltr'><strong>Sive,</strong></span> <span class='ocrx_word' id='word_1_301' title='bbox 225 2856 281 2913; x_wconf 83' lang='lat' dir='ltr'><strong>quie</strong></span> <span class='ocrx_word' id='word_1_302' title='bbox 293 2854 423 2913; x_wconf 67' lang='lat' dir='ltr'><strong>praeculta</strong></span> <span class='ocrx_word' id='word_1_303' title='bbox 436 2854 494 2900; x_wconf 70' lang='lat' dir='ltr'><strong>Filo</strong></span> <span class='ocrx_word' id='word_1_304' title='bbox 509 2854 724 2911; x_wconf 59' lang='lat' dir='ltr'><strong>eiou‘taPatremeo</strong></span> <span class='ocrx_word' id='word_1_305' title='bbox 733 2856 796 2899; x_wconf 78' lang='lat' dir='ltr'><strong>osset</strong></span> <span class='ocrx_word' id='word_1_306' title='bbox 810 2851 878 2910; x_wconf 81' lang='lat' dir='ltr'><strong>pune</strong></span> 
     </span>
     <span class='ocr_line' id='line_1_37' title="bbox 76 2903 878 2977; baseline -0.005 -14"><span class='ocrx_word' id='word_1_307' title='bbox 76 2920 121 2965; x_wconf 86' lang='lat' dir='ltr'><strong>niel</strong></span> <span class='ocrx_word' id='word_1_308' title='bbox 129 2920 162 2966; x_wconf 83' lang='lat' dir='ltr'><strong>ab</strong></span> <span class='ocrx_word' id='word_1_309' title='bbox 171 2920 215 2965; x_wconf 88' lang='lat' dir='ltr'><strong>illo</strong></span> <span class='ocrx_word' id='word_1_310' title='bbox 224 2920 371 2977; x_wconf 72' lang='lat' dir='ltr'><strong>propelleret,</strong></span> <span class='ocrx_word' id='word_1_311' title='bbox 385 2918 434 2963; x_wconf 79' lang='lat' dir='ltr'><strong>aire</strong></span> <span class='ocrx_word' id='word_1_312' title='bbox 446 2918 501 2975; x_wconf 87' lang='lat' dir='ltr'><strong>quia</strong></span> <span class='ocrx_word' id='word_1_313' title='bbox 513 2916 641 2975; x_wconf 72' lang='lat' dir='ltr'><strong>cognitioni</strong></span> <span class='ocrx_word' id='word_1_314' title='bbox 649 2903 737 2973; x_wconf 63' lang='lat' dir='ltr'><strong>extrue</strong></span> <span class='ocrx_word' id='word_1_315' title='bbox 745 2917 816 2961; x_wconf 72' lang='lat' dir='ltr'><strong>Filius</strong></span> <span class='ocrx_word' id='word_1_316' title='bbox 829 2915 878 2971; x_wconf 83' lang='lat' dir='ltr'><strong>lpee</strong></span> 
     </span>
     <span class='ocr_line' id='line_1_38' title="bbox 76 2979 868 3049; baseline -0.009 -18"><span class='ocrx_word' id='word_1_317' title='bbox 76 2983 243 3039; x_wconf 73' lang='lat' dir='ltr'><strong>procellarum</strong></span> <span class='ocrx_word' id='word_1_318' title='bbox 252 2979 868 3049; x_wconf 70' lang='lat' dir='ltr'><strong>mensuratureruorexquoprooeoilspirituaeonolu·</strong></span> 
     </span>
    </p>
   </div>
   <div class='ocr_carea' id='block_1_5' title="bbox 0 0 1009 3342">
    <p class='ocr_par' dir='ltr' id='par_1_5' title="bbox 0 0 1009 3342">
     <span class='ocr_line' id='line_1_39' title="bbox 0 0 1009 3342; baseline 0 0"><span class='ocrx_word' id='word_1_319' title='bbox 0 0 1009 3342; x_wconf 95' lang='lat' dir='ltr'><strong> </strong></span> 
     </span>
    </p>
   </div>
  </div>
 </body>
</html>
