1992 3342
122 250 168 296 lto
327 259 386 294 rans
404 258 427 307 1,
441 258 534 303 ounsr.
550 258 598 307 ιιι,
614 256 667 295 ιιι.
684 260 717 295 ιι.

120 337 190 386 renio
202 335 228 385 in
242 333 318 384 verbis
335 332 396 398 iilis,
414 337 439 383 et
456 335 498 384 sub
516 333 655 385 conditione.
678 330 743 392 Quod
761 334 826 395 patet
838 346 867 382 ea
880 331 925 383 boc

120 408 180 469 quon
201 404 369 469 praemittitur:
386 404 489 468 «longi
510 406 588 469 itaque
607 403 716 467 potentie
733 402 825 453 alterius
843 404 924 468 ernnt,
995 421 996 424 ¹

119 478 205 527 scibam
224 476 285 527 ocuti
302 476 435 539 glorificati,
453 476 473 527 si
489 489 531 540 per
549 488 589 527 eos
605 474 720 525 uidebitur
735 472 868 539 incorpores
886 474 927 525 iila

119 552 236 598 natura.»
253 547 300 598 Sed
317 551 372 611 post
384 548 477 598 modum
495 549 539 597 boc
560 546 696 597 determinat
711 545 790 596 dicens
808 559 814 594 :
831 519 979 597 «W

119 620 226 671 credibile
239 625 275 670 est
285 620 318 670 sic
337 634 379 670 nos
400 619 491 671 uisuros
502 620 618 669 mundana
631 622 686 669 tunc
698 632 793 682 corpora
804 616 858 669 coeii
875 621 930 669 nori
990 675 993 684 ¹

119 694 144 741 et
168 695 235 741 terra
260 703 326 741 novae
336 729 344 755 ‚
364 695 392 740 nt
415 691 487 742 licum
506 691 589 755 ubique
608 693 759 753 presentem,
777 692 803 739 ct
818 688 929 739 universa

119 762 189 811 etiam
203 760 329 825 corporalia
350 764 516 825 gubernantem
531 760 654 812 clarissima
671 758 835 826 perspicuitate
850 760 930 811 viden

120 845 185 896 mus,
202 848 248 883 non
268 835 327 885 sicut
342 850 405 887 nunc
424 835 548 885 invisibilia
560 836 601 885 Dei
615 846 656 897 per
676 847 703 883 ca
722 848 773 897 qua
795 834 930 884 factasunt
995 853 996 868 ι

120 902 236 953 intellecta
247 906 434 970 conspiciuntur3
445 907 486 957 sed
493 906 678 969 sicutbcmines,
689 906 814 969 interpono
823 904 930 957 urentes

121 977 240 1037 motusque
256 976 338 1027 vitales
352 980 485 1027 exercentes
497 976 611 1039 numus,
629 990 682 1025 mox
692 979 718 1025 nt
731 974 867 1039 aspicimur,
881 991 929 1027 non

120 1045 235 1094 credimus
241 1045 328 1111 vibere,
339 1047 380 1098 scd
389 1047 503 1098 videmus.
513 1048 575 1097 wita
583 1060 630 1110 apro
640 1048 720 1109 patet,
735 1044 796 1110 qubd
807 1048 850 1097 boc
860 1050 930 1099 modo

120 1112 228 1177 inteiligit
240 1117 318 1167 oculos
335 1117 471 1180 glorificatos
489 1120 562 1168 Deum
583 1116 685 1180 visuros,
706 1117 764 1167 sicut
785 1131 847 1167 nunc
869 1120 931 1171 oculi

121 1185 193 1234 nostri
209 1186 289 1236 videm
305 1188 402 1252 aliquus
421 1188 501 1238 sitnm.
522 1188 574 1238 Vita
596 1190 673 1238 autem
690 1200 737 1239 non
753 1188 843 1239 videtur
861 1192 930 1241 oculo

121 1256 249 1321 corporali,
266 1258 327 1309 sicut
340 1273 381 1323 per
400 1273 425 1311 se
439 1259 530 1310 risibile
538 1297 547 1323 ,
559 1259 599 1310 scd
610 1258 669 1311 sicut
687 1258 792 1309 sensibile
809 1274 851 1324 per
871 1262 932 1311 acci·

121 1327 178 1377 dens
194 1328 274 1393 :qnod
286 1330 378 1393 quidem
394 1331 489 1382 isensu
502 1344 549 1380 non
564 1330 717 1394 cognoscitur,
731 1332 772 1381 sed
785 1333 863 1382 statim
877 1346 930 1384 cnm

122 1410 191 1449 sensu
205 1400 234 1449 ab
248 1402 325 1466 aliqua
336 1403 381 1453 alin
395 1403 481 1453 virtute
496 1400 659 1465 cognoscitiva.
678 1402 742 1460 Quod
759 1406 836 1453 autem
851 1404 930 1453 statim

120 1468 175 1519 visis
192 1471 238 1524 illis
252 1474 358 1539 corporib
415 1474 444 1484 ''
487 1470 611 1537 prasentia
629 1484 658 1520 ex
674 1470 708 1521 eis
835 1478 844 1524 t
888 1488 930 1539 per

121 1537 271 1604 intellectum,
281 1556 310 1592 ex
314 1540 396 1661 w
429 1480 639 1625 opLgit3scilicet
649 1554 701 1619 exp
725 1599 732 1613 ι
763 1557 776 1607 c
799 1546 809 1592 t
859 1544 930 1595 intel·

121 1610 209 1672 lectus,
228 1616 296 1661 etex
365 1614 452 1677 *gentia
472 1616 556 1673 devina
575 1612 684 1663 claritatis
698 1610 725 1661 in
747 1615 881 1679 corporibus
894 1616 931 1666 in-

122 1681 223 1731 novatis.
316 1686 326 1706 ⁷¹

153 1752 188 1801 Ad
209 1752 302 1801 tertium
326 1754 462 1819 dicendum,
484 1756 545 1823 qnid
566 1758 591 1806 in
613 1754 701 1805 visione
723 1754 860 1819 imaginaria
881 1774 897 1810 n

88 1780 212 2097 Uatiam
226 1824 268 1874 bei
287 1826 386 1875 essentia
419 1829 459 1877 aad
476 1829 552 1893 aliqua
569 1824 642 1879 mmm
661 1840 686 1886 ιιι
705 1826 869 1890 unagnnafione
884 1832 930 1883 ior-

123 1898 214 1958 matur,
232 1909 257 1945 rc
275 1901 398 1947 rasentans
415 1900 489 1949 Deum
508 1894 747 1962 secunrunmrprern
755 1896 854 1953 minum
863 1902 934 1955 sima·

121 1958 236 2031 litonum,
267 1973 318 2019 rout
331 1984 356 2019 ιιι
371 1960 492 2037 Scrrptuus
506 1962 589 2023 barinis
610 1964 686 2023 Hr'vrn'a
701 1984 743 2035 per
758 1986 794 2026 res
807 1966 929 2029 sensffiries

122 2042 199 2108 mctap
216 2055 250 2092 orn
304 2055 362 2093 escrn
378 2058 409 2093 un
420 2060 456 2098 nr.
492 2044 521 2056 “”
536 2046 543 2057 ’“
561 2044 832 2063 ”’“““““””““””””’”’””

410 2186 568 2239 nnrrcbbbs
583 2188 620 2245 lv,

125 2297 212 2340 Utricm
221 2299 311 2355 attonio
320 2301 454 2346 intellectas
463 2306 567 2358 creatus,
574 2316 617 2360 per
626 2318 671 2349 cua
681 2306 809 2351 nataralia
818 2307 929 2353 divinum

375 2364 502 2411 essentiam
512 2366 592 2411 videre
601 2368 684 2423 possit.

154 2476 188 2525 nd
206 2480 313 2539 quartum
325 2478 359 2528 sic
373 2482 501 2543 proceditur
514 2482 557 2549 (1).
572 2484 667 2563 Qu
684 2482 745 2549 qubd
763 2486 847 2551 aliquis
860 2488 930 2539 iutel-

123 2546 753 2620 lmbsfflmuunmuabnrmnamcsae
754 2557 930 2625 tiammo

107 2616 275 2680 Quat
290 2621 354 2671 enim
370 2623 544 2688 Dionysius1V‚
559 2640 611 2689 cap.
631 2626 663 2675 de
684 2628 738 2679 div.
760 2631 848 2693 Nom„
870 2630 931 2694 qubd

124 2689 285 2751 (congelascet
294 2692 411 2755 speculum
424 2709 523 2759 puram,
537 2698 702 2763 clarissimum,
715 2700 844 2765 suscipiens
855 2705 927 2753 totam

122 2757 155 2820 (si
168 2759 359 2836 Qicero)
378 2766 571 2829 pulchritudinem
585 2770 635 2821 Dei.
653 2786 667 2818 ιι
686 2770 733 2823 Sed
745 2774 927 2840 unumquodque

83 2853 137 2897 θ’*
164 2875 187 2937 ι)
199 2858 360 2952 itinerum
373 2885 416 2943 nv,
427 2885 504 2944 sesa„
517 2886 571 2933 usa.
584 2887 624 2948 ta,
634 2896 675 2947 qn.
687 2891 711 2949 a,
724 2896 768 2936 nc
781 2890 805 2947 a
815 2896 841 2938 cc
851 2904 892 2951 qu.
902 2892 926 2951 ιι,

122 2939 151 2983 de
162 2947 239 3003 vent,
249 2950 292 2989 art.
303 2944 332 2999 3³
345 2951 369 2990 ct
380 2945 450 2993 cnut.
467 2948 549 3003 Getta,
560 2950 602 2999 rib,
617 2951 645 3012 a,
658 2961 711 3012 cap.
727 2952 767 2997 50.
