1992 3342
297 221 330 258 nn
345 221 577 260 rannasnnornrorrn.
791 213 836 260 879

59 291 78 343 in
86 295 140 349 reios
149 311 202 362 qne
213 296 364 361 providentie
375 297 511 360 subduntur,
524 302 551 348 ιι
561 298 629 362 sopri
639 297 674 364 (t)
685 298 770 349 dietum
784 305 835 364 est;

59 368 158 418 ondeedm
173 382 216 432 per
230 367 332 416 divinam
348 367 512 430 providentiam
524 369 628 418 homines
644 369 669 418 in
687 369 758 419 uitam
771 373 838 420 aeter-

60 447 101 484 nan
108 440 247 500 ordinentur,
261 437 362 500 pertinet
372 438 441 486 etiarn
462 439 491 488 ad
510 437 611 490 ιιιὶιιιιιιι
626 440 794 504 providentiam
812 443 838 490 ιιι

59 509 154 565 permittat
168 509 258 572 aliquos
270 509 299 557 ab
311 508 355 557 isto
368 508 414 557 iine
428 508 539 571 deiicere,
558 513 581 558 et
597 511 641 560 hoe
655 509 737 560 dieitur
752 525 839 574 repro-

60 574 112 627 dore.
121 580 154 629 Sie
166 580 239 642 igitur
258 579 317 628 sieut
334 578 504 641 praedestinatio
517 583 553 628 est
564 593 616 643 pars
629 580 777 643 providentie
791 592 839 632 ree-

60 651 112 705 peeto
122 662 197 700 eorum
208 649 249 713 qui
261 648 370 698 diuinitus
380 649 514 699 ordinantur
524 649 549 698 in
561 653 669 700 aeternam
681 652 794 715 satnoern,
806 652 839 702 ita

58 719 162 779 reprobatio
183 724 220 771 est
237 733 290 784 pars
302 720 465 783 providentie,
479 723 583 784 respectu
597 721 687 772 illorum
700 722 740 785 qui
753 723 781 772 ah
794 724 840 772 hoe

59 784 94 834 ine
102 789 209 841 deridunt.
221 791 286 841 Unde
296 789 424 853 reprobatio
436 803 483 840 non
495 790 598 840 nominat
611 791 778 860 praescientiam
789 795 841 842 tan·

59 853 110 920 tin,
121 863 157 911 sed
175 859 263 925 aliquid
277 861 340 911 addit
357 861 482 911 seeundirnr
501 861 633 924 rationem,
649 861 706 911 sient
722 867 746 912 et
765 862 842 927 prori-

57 925 131 999 denda,
142 936 169 981 ut
191 932 262 981 etiarn
278 930 347 994 suprd
363 931 450 981 dietum
463 935 513 994 est3
528 931 586 980 sieut
599 931 659 980 enim
672 932 841 995 predestinatio

58 997 134 1050 meludit
144 1003 291 1052 voluntatem
303 1001 437 1051 conterendi
451 1002 546 1064 gratiam
558 1005 581 1051 et
595 1001 704 1065 gloriam,
718 1003 750 1053 ita
763 1017 842 1067 repro-

57 1064 107 1117 datio
117 1071 211 1122 inetndit
221 1073 364 1122 solonatenu
380 1071 529 1134 permittendi
547 1071 646 1134 aliquem
661 1073 741 1124 cadere
755 1073 781 1123 in
795 1074 843 1124 eul-

56 1149 111 1201 idffl,
127 1147 148 1193 st
163 1142 280 1193 inferendi
292 1142 444 1192 damnationis
457 1155 548 1205 poenam
562 1155 602 1205 pro
618 1143 684 1205 culpa
697 1142 741 1208 (ι).

82 1210 109 1258 ιι
124 1214 225 1275 primum
246 1226 302 1276 ergo
323 1213 459 1275 dicendum,
477 1211 540 1276 qudd
561 1214 621 1262 Dens
639 1225 718 1262 omnes
739 1213 843 1264 homines

55 1279 125 1345 «litigii,
140 1290 165 1335 ot
187 1285 257 1334 etiarn
270 1298 350 1334 omnes
369 1286 497 1346 creaturas,
510 1283 537 1332 in
550 1286 660 1347 quantum
674 1283 778 1333 omnihus
795 1285 844 1333 ruit

57 1348 131 1412 atiqm
141 1355 229 1406 bonurn
234 1392 243 1417 ,
257 1368 304 1405 non
316 1358 396 1404 tamen
412 1354 561 1418 quodeunque
572 1354 658 1404 bonnm
669 1354 718 1402 ruit
729 1354 841 1404 omnibus.

54 1420 75 1468 ld
85 1431 190 1486 putum
206 1426 275 1488 igitur
291 1426 426 1489 quibusdam
440 1439 486 1475 non
504 1426 554 1475 volt
572 1426 616 1474 hoe
635 1425 720 1476 bonnm
734 1427 794 1487 quod
809 1429 844 1475 est

55 1491 91 1542 rita
103 1501 202 1559 eterna,
214 1497 295 1547 dieitur
307 1509 348 1546 eos
360 1497 445 1546 hahere
458 1495 524 1559 odio,
538 1497 575 1546 vel
589 1496 718 1559 reprobare.

78 1566 106 1613 ιι
118 1569 245 1618 seeundum
266 1567 403 1630 dicendum,
414 1565 474 1630 qrrdd
483 1567 549 1617 aliter
558 1579 582 1617 se
595 1564 804 1630 trabetreprobatio
819 1565 844 1614 in

53 1639 170 1701 tenendo,
186 1637 255 1700 quem
272 1637 449 1701 predestinatio.
467 1638 524 1688 Nam
543 1637 710 1700 praedestinatio
728 1638 763 1686 est
777 1649 845 1686 caum

53 1708 71 1749 tt
82 1708 128 1768 ojus
141 1709 206 1772 quod
215 1712 350 1771 expectatur
360 1709 386 1757 in
394 1709 471 1759 futura
482 1707 529 1757 vita
540 1707 556 1756 a
568 1707 733 1771 praedestinatis
744 1706 846 1771 (seilicet

54 1774 131 1839 stone)
136 1816 147 1841 ,
161 1783 187 1830 et
203 1779 256 1841 ejus
268 1779 329 1842 quod
343 1779 469 1842 percipitur
478 1778 505 1826 in
517 1778 639 1841 presenti,
654 1777 742 1828 seilicet
753 1777 843 1840 gratiae3

51 1850 166 1906 reprobatio
192 1849 249 1901 vero
271 1863 320 1900 non
345 1853 381 1900 est
401 1863 467 1899 mosa
488 1849 539 1912 ejus
551 1849 611 1912 qudd
626 1853 661 1899 est
677 1851 703 1898 in
722 1849 845 1913 presenti,

52 1917 124 1968 udices
138 1922 217 1984 euipae
225 1957 233 1982 ,
250 1921 291 1970 sed
309 1925 345 1970 est
367 1933 435 1970 eausa
451 1919 605 1970 derelictionis
618 1919 705 1982 dlieo;
721 1921 847 1968 esttamen

52 1998 105 2039 orosa
116 1990 169 2053 ejus
182 1991 243 2052 quod
255 1990 357 2047 redditus
367 1990 392 2038 in
403 1990 490 2052 futuro,
505 1989 591 2038 seilicet
602 1999 676 2052 poene
692 1991 790 2037 aeterne.
802 1988 847 2038 Sed

50 2060 106 2119 ¹tttlpa
124 2060 236 2125 provenit
251 2075 281 2110 ex
306 2060 379 2111 libero
396 2059 491 2109 arbitrio
510 2059 560 2122 ejus
580 2059 620 2121 qui
638 2059 770 2122 reprobatur
788 2061 812 2106 et
833 2056 847 2106 ι

53 2130 112 2182 sortia
127 2131 260 2194 deseritun3
281 2135 306 2180 et
327 2129 451 2180 seeundum
470 2129 660 2180 hoervenfieatur
684 2128 771 2177 dictum
793 2129 848 2176 Pro·

50 2199 123 2264 poete,
131 2202 224 2253 scilieet
239 2216 244 2255 ς
262 2200 391 2251 «Perditio
403 2204 444 2250 tna
457 2200 526 2252 isreel
541 2213 570 2249 en
581 2203 613 2252 te.
630 2215 644 2246 ιι

77 2342 104 2402 tl)
118 2347 214 2391 scilieet
224 2350 306 2401 quest,
317 2344 362 2402 22,
377 2349 421 2389 art.
433 2344 458 2401 2,
470 2345 498 2388 ad
511 2345 535 2402 ι,
548 2344 587 2388 ubi
603 2344 714 2388 dicuntur
725 2351 847 2401 propterea

48 2406 97 2449 totos
114 2408 225 2452 detectus
240 2408 267 2451 ad
283 2412 371 2451 naturae
385 2407 523 2451 universalis
541 2407 693 2450 intentionenr
712 2408 846 2465 pertinere,

50 2466 95 2510 iret
107 2477 195 2517 eontra
213 2469 358 2525 particularis
375 2469 528 2514 intentionenr
547 2469 673 2512 eveniant:
691 2469 750 2513 sieut
764 2474 808 2514 ert.
824 2469 848 2528 t,

51 2545 143 2590 §tenens
157 2539 275 2596 appendix
289 2539 413 2586 indicatur.

76 2610 104 2667 tit
117 2613 195 2656 Velut
205 2622 235 2654 en
243 2611 372 2666 Augustino
383 2611 425 2655 lib.
435 2612 458 2667 1,
471 2611 504 2656 od
513 2611 719 2666 Simpliciooom,
728 2611 810 2666 quest.
824 2610 848 2664 3;

48 2671 113 2715 ertio.
129 2672 156 2730 ι,
169 2673 201 2717 de
209 2672 377 2729 praedestinet.
391 2678 411 2716 et
420 2674 513 2728 proten,
525 2685 578 2727 eap.
591 2672 614 2729 ι,
628 2673 690 2729 priris
704 2673 850 2717 indicabatur

50 2730 72 2771 sd
87 2735 234 2792 marginem
250 2734 291 2778 sed
304 2735 427 2791 Augustini
438 2741 533 2779 nonest
545 2735 581 2779 trie
593 2735 707 2790 posterior
722 2736 789 2780 liber.
802 2735 849 2780 Ad-

48 2796 138 2840 debatur
152 2797 339 2852 erumpentes,
355 2797 397 2841 tib.
411 2797 441 2849 de
456 2797 555 2858 duplici
567 2797 796 2854 predestinatione,
810 2795 850 2840 ubi

47 2867 94 2920 vap.
105 2857 130 2916 5,
141 2857 171 2915 6,
186 2857 211 2915 7,
222 2859 406 2916 praedestinatio
415 2859 606 2918 monoptoton
620 2871 670 2904 noro
682 2858 713 2904 od
725 2862 851 2922 peecatum

50 2919 191 2973 poteretur
206 2932 257 2967 esee
272 2921 416 2981 reprobatio.
