1992 3342
158 286 189 324 nn
201 286 343 326 ooonrmomr
354 288 503 329 unumunurn
517 290 637 333 auurncru
651 295 767 336 mmmm
818 290 864 338 765

62 377 114 428 qua
126 362 199 414 estin
209 363 326 427 lementi
336 371 400 417 aolus
410 370 617 436 magnanimtatis3
630 377 654 423 et
662 374 714 439 ojus
727 385 777 439 que
789 381 827 427 eet
836 377 862 428 in

59 435 131 498 vulne
144 435 171 484 nal
188 439 251 486 actm
262 437 410 501 eanlclu3·et
422 439 456 488 sic
467 441 496 490 (le
512 441 571 492 aliis.
586 443 693 495 Similiter
706 448 808 498 canentia
825 449 861 498 di-

62 507 117 556 vina
128 503 236 572 incipitur
248 513 340 574 propter
353 511 389 561 sui
400 512 556 564 excellentiam
569 519 595 566 nl
606 519 697 581 propria
710 519 766 570 ratio
781 521 861 585 singn-

61 578 144 642 lorum,
161 593 211 642 qum
225 583 260 630 est
275 580 300 632 in
315 595 341 632 oa
356 597 362 632 t
378 584 439 633 unde
454 584 542 648 singula
557 587 578 638 ei
594 588 723 641 similantur
740 591 864 644 secundnm

60 650 164 713 proprias
173 651 281 703 rationes.
296 653 325 702 lit
334 655 414 704 eodem
423 657 490 706 modo
500 656 665 710 dicendnmesl
675 662 703 712 ‹lc
713 663 800 714 ratione
810 663 862 714 nni-

60 721 208 785 vernalique
224 725 259 773 eut
272 723 296 772 in
314 729 391 776 mente
408 727 497 790 angeli,
513 728 573 792 quod
585 743 626 794 per
637 745 687 782 eam
701 738 793 798 propter
810 735 863 801 ejus

60 793 219 846 excelleuliam
233 795 303 847 multa
316 798 422 864 cognomi
433 803 530 866 possunt
542 801 633 866 proprii
644 804 781 868 cognitione.

408 967 512 993 *ιμ’-υ

233 1175 240 1180 -
325 1133 592 1204 consimili.

58 1254 95 1300 De
107 1255 244 1316 cognitione
260 1259 403 1318 angelorum
417 1262 527 1319 respectu
537 1261 754 1312 immaterialium,
766 1261 795 1307 tm
811 1267 860 1310 tra

349 1333 466 1379 articulus
481 1333 572 1380 diuino.

93 1467 180 1520 Deinde
200 1471 307 1539 quantun
326 1473 354 1523 de
371 1473 501 1536 cognitione
519 1473 650 1537 angelorum
667 1487 697 1525 ex
712 1477 776 1539 porte
787 1487 863 1525 rerum

59 1553 119 1605 quas
133 1546 279 1604 cognoscunt.
288 1543 318 1594 Et
326 1544 399 1608 primo
410 1547 439 1595 de
448 1545 577 1608 cognitione
585 1560 660 1596 reram
669 1546 862 1606 immaterialium

58 1611 177 1676 secundo,
189 1615 217 1664 de
230 1614 356 1680 cognitione
367 1631 443 1667 rerum
456 1615 615 1668 materialium.

92 1683 157 1734 Circa
170 1685 267 1749 primum
282 1691 413 1752 queruntur
426 1686 486 1740 tria:
503 1692 529 1738 1⁰
540 1689 617 1740 Unum
630 1691 725 1754 angelus
738 1694 862 1754 cognoscat

60 1755 174 1819 seipsam.
190 1761 215 1806 2⁰
229 1757 307 1808 Utrlum
321 1774 381 1810 unus
400 1764 523 1824 cognoscat
541 1760 617 1812 alium.
634 1766 660 1811 3⁰
673 1761 753 1812 Utrirm
770 1761 863 1825 angelus

59 1841 102 1893 per
121 1829 287 1888 suanatnralia
300 1834 419 1894 cognoscat
434 1831 515 1883 ileum

364 1982 523 2038 nullanus
537 1985 556 2036 l.

240 2099 325 2145 Utrum
335 2101 434 2156 urrgelue
443 2104 568 2158 ooqrweeut
574 2102 687 2158 ocimum.

92 2220 127 2272 nd
139 2217 239 2283 primun
252 2219 284 2270 sic
293 2218 469 2284 proceditnrlll
481 2219 575 2272 linietur
585 2219 644 2284 quod
654 2220 748 2282 angelus
759 2219 861 2283 seipsum

61 2305 108 2343 non
120 2295 252 2354 cognoscet.
265 2290 324 2342 llicit
334 2291 396 2342 enirn
407 2291 528 2356 Dionysius
537 2292 576 2341 Vl.
588 2305 639 2355 cap.
652 2291 711 2343 cml.
724 2290 862 2350 eleimon,

58 2364 102 2425 lv,
118 2361 179 2428 qnod
188 2379 204 2410 a
214 2363 288 2426 angeli
302 2363 407 2426 ignorent
419 2363 523 2428 proprias
534 2363 638 2414 uirtutes.
648 2379 663 2409 u
675 2361 770 2424 cogniti
784 2366 861 2413 autem

61 2433 190 2487 substantii
198 2435 341 2498 cognoscitur
350 2435 423 2486 uirtus
434 2451 440 2484 :
450 2449 504 2500 erge
513 2436 608 2498 angelus
618 2448 664 2484 non
671 2435 789 2497 cognoscit
796 2448 862 2484 suam

59 2507 193 2558 muntium,
561 2549 565 2552 .

92 2583 116 2629 a.
127 2579 354 2643 prenominamus
364 2583 399 2630 est
408 2579 512 2644 grandem
521 2578 649 2635 substantia
658 2577 793 2642 singularin3
806 2578 861 2628 ulio·

60 2650 117 2714 quin
127 2663 173 2700 non
184 2655 273 2714 egeret,
283 2649 334 2702 cim
346 2655 409 2702 actus
421 2651 468 2702 niul
477 2650 625 2714 singularium
632 2649 807 2703 subsistentium
815 2650 861 2716 (2).

94 2765 128 2831 (1)
141 2771 174 2815 De
189 2770 225 2815 his
241 2771 310 2818 etiam
327 2771 399 2830 inira,
414 2783 454 2828 qn.
470 2770 518 2830 87,
536 2776 580 2816 art.
593 2771 619 2823 l;
632 2775 656 2814 cl
673 2769 765 2815 Contra
780 2769 863 2818 Geni„

59 2833 102 2878 lib.
113 2829 149 2891 113
159 2843 212 2890 cop.
222 2831 262 2889 96,
275 2841 298 2878 ct
308 2833 350 2880 lin.
361 2835 403 2892 iv,
414 2845 467 2891 cap.
479 2832 520 2887 11;
528 2839 552 2878 et
563 2845 603 2892 qu.
613 2831 638 2892 8,
649 2831 678 2879 lle
687 2834 766 2892 verit,
780 2837 826 2878 att.
836 2831 859 2886 o;

60 2901 83 2940 et
95 2896 122 2940 in
135 2894 177 2941 lib.
192 2895 227 2940 De
241 2897 330 2954 cousin,
344 2898 399 2943 leot.
413 2893 452 2942 l3.
502 2944 510 2964 ι

95 2963 127 3028 [2]
143 2967 301 3026 conigitmex
310 2963 355 3014 lib.
368 2971 379 3014 Ι
390 2969 507 3029 Melania,
519 2984 571 3030 cap.
587 2969 613 3031 l,
626 2969 666 3015 ubl
684 2968 862 3015 ‹licunturclrca

59 3029 273 3090 uingnlfflumuri
284 3028 320 3103 (el
327 3031 490 3105 colmanum).
513 3032 514 3035 ’
