1992 3342
215 267 248 306 ns
264 267 411 308 sunsrrrrrra
426 269 573 310 aneatorum
588 259 720 308 mauturii.
819 261 865 308 'tlt

63 349 88 398 in
103 346 197 398 materia
214 346 378 412 spiritualium,
391 347 451 398 sicut
469 347 541 398 torma
556 345 690 410 quantitatis
708 350 744 398 est
756 347 866 412 impressa

62 419 225 484 corporalium.

93 493 140 544 Sed
153 491 227 556 primo
237 494 330 554 aspectu
343 493 438 556 apparet
454 502 505 553 essq
517 487 657 551 impossibile
671 502 741 540 urnam
755 503 805 542 esse
816 505 865 544 rua·

62 565 144 614 teriam
161 561 314 627 spiritualium
334 565 357 612 et
378 560 537 625 corporalium.
553 561 604 610 lion
623 561 686 612 enim
704 565 740 612 est
757 562 866 626 possibile

61 636 124 699 qndd
138 636 211 688 turma
220 633 344 699 spiritualis
352 637 376 686 et
386 633 510 699 corporalis
520 631 643 696 recipiatur
650 633 676 683 in
686 647 733 684 una
740 638 805 698 parte
815 648 865 684 rna·

63 707 139 768 terim,
154 707 207 770 quia
222 707 256 756 sic
269 719 314 756 una
330 709 354 755 et
368 706 447 756 eadem
462 719 498 756 res
518 716 613 757 numero
630 708 690 755 esset
704 705 827 770 corporalis
843 711 867 758 et

61 777 201 843 spiritualis;
215 777 274 828 unde
294 777 430 840 relinquitur
446 775 506 840 quod
524 775 569 824 alia
589 789 642 839 pars
659 777 760 828 materiae
774 778 805 844 sit
815 792 867 842 quar

62 850 145 915 recipit
157 850 256 901 formam
268 850 409 914 corporalem
419 887 426 909 ,
436 853 460 900 et
472 848 518 898 alia
530 861 581 912 qum
595 846 675 911 recipit
688 845 784 900 sormam
796 851 865 916 spiri-

63 923 155 974 rualem.
172 922 289 975 Materiam
306 925 382 972 autem
397 919 467 972 diuidi
482 920 508 970 in
524 921 601 983 partes
617 931 663 969 non
681 920 806 984 contingit.
820 921 866 974 nisi

62 993 187 1044 secumdum
195 993 258 1058 qudd
268 993 401 1057 intelligitur
409 993 452 1044 sub
461 991 602 1055 quantitate3
614 1005 659 1054 qua
668 992 755 1042 remota
764 997 866 1044 remanet

61 1064 190 1126 surbstantia
209 1064 369 1127 indivisibibs,
381 1068 406 1114 ut
423 1063 505 1114 dicitur
520 1063 546 1112 in
559 1063 578 1113 l.
597 1062 671 1128 Phys.
683 1062 728 1127 (t).
745 1063 866 1128 sicigitur

61 1136 198 1200 relinquitur
214 1135 274 1199 qubd
290 1135 383 1186 materia
406 1134 557 1199 spiritualium
572 1132 602 1183 sit
619 1134 746 1184 substantia
764 1135 866 1200 subjecta

61 1208 193 1272 quantitati,
204 1209 264 1272 quod
275 1212 311 1258 est
326 1207 474 1272 impossibile.
487 1205 630 1270 Impossibile
640 1209 677 1257 est
685 1220 739 1270 erqo
748 1207 810 1270 qudd
818 1223 864 1261 una

61 1280 91 1330 sit
102 1278 200 1330 materia
213 1279 364 1344 corporalium
376 1283 400 1328 et
410 1276 569 1341 spiritualium.
580 1277 626 1327 Sed
635 1278 709 1328 adbuc
717 1276 812 1328 ultcdirs
824 1278 865 1330 inr—

60 1351 170 1416 possibile
179 1347 585 1414 estquddsubstantiaintelleetualis
592 1348 675 1400 habeat
684 1350 865 1414 qualemcunque

61 1422 188 1472 rnateriam.
201 1421 308 1484 Operatio
323 1421 384 1473 enim
398 1421 520 1485 cujuslibet
534 1421 567 1470 rei
580 1424 616 1471 est
629 1420 753 1471 secundum
772 1423 864 1473 modum

61 1493 195 1544 substantie
213 1493 273 1557 ejus.
293 1493 436 1556 intettiqere
450 1497 526 1542 autern
545 1495 581 1542 est
592 1491 694 1556 operatio
712 1492 803 1557 penitus
820 1494 866 1543 im·

62 1563 187 1616 materialis
203 1581 210 1626 ;
226 1563 286 1630 quod
296 1578 325 1616 er
336 1565 388 1628 ejus
398 1565 487 1629 objecto
500 1567 607 1628 apparet,
620 1564 687 1626 'aquo
696 1568 761 1614 actus
771 1564 867 1627 quilibet

60 1637 143 1702 recipit
153 1635 253 1702 speeiem
261 1640 285 1686 et
296 1634 416 1686 rationem.
425 1634 465 1686 Sic
474 1635 537 1686 eninr
543 1632 867 1699 unumquodqueintelligitur

60 1709 206 1772 inquantum
220 1707 233 1758 d
246 1707 341 1759 materia
360 1707 513 1766 abstrahitur·‚
524 1707 577 1771 quia
587 1707 665 1760 dorma
674 1707 698 1756 in
711 1707 805 1760 materia
813 1712 866 1758 sunt

61 1779 216 1831 individuales
232 1780 326 1842 torma,
339 1792 394 1843 quus
407 1779 534 1832 intellectus
552 1793 599 1830 non
617 1780 767 1845 apprehendit
784 1793 866 1832 secuu-

60 1852 115 1904 dirm
130 1851 191 1917 qudd
205 1850 335 1915 hujusmodi
349 1870 356 1898 a
369 1852 429 1901 unde
443 1851 578 1915 relinquitur
590 1851 650 1915 qubd
662 1852 789 1902 substantia
799 1853 866 1905 intel·

59 1924 165 1978 lectualis
179 1925 214 1974 est
228 1922 321 1974 omnino
340 1921 505 1973 immaterialis.
515 1924 566 1973 Non
579 1927 615 1974 cst
624 1925 700 1973 autem
712 1923 864 1975 necessarium

60 1997 121 2062 quod
140 2009 167 2046 ea
185 2010 237 2060 quar
254 1993 424 2058 distinguuntur
440 1993 566 2045 secundum
584 1993 739 2056 intellectum,
754 1994 801 2044 sint
820 1996 866 2048 dis

68 2069 141 2120 tincta
155 2068 179 2118 in
198 2068 280 2130 rebusq
300 2066 354 2131 quia
369 2066 497 2116 intellectus
511 2080 557 2118 nun
571 2065 721 2130 apprehendit
737 2079 774 2116 res
785 2081 866 2118 secun·

63 2141 119 2192 dim
140 2139 234 2190 modum
247 2152 337 2202 rerum,
350 2138 389 2190 sed
409 2137 532 2188 secundum
551 2139 641 2189 mudum
659 2151 734 2188 suurn.
752 2139 816 2190 Unde
830 2155 866 2193 res

67 2213 213 2272 materiales,
225 2225 276 2276 quaa
294 2214 348 2261 sunt
362 2210 421 2261 inira
443 2210 582 2264 intellectum
600 2213 716 2272 nostrum,
732 2210 864 2276 simpliciori

66 2287 135 2338 modo
145 2283 231 2335 suntin
242 2281 361 2334 intellectu
372 2286 450 2332 nostro
459 2281 527 2346 quim
539 2281 585 2332 sint
594 2281 618 2330 in
627 2281 717 2346 seipsis.
728 2283 865 2337 Substantia

62 2363 142 2408 autem
150 2353 259 2418 angelica
268 2357 394 2418 suutsupra
401 2352 541 2405 intellectum
551 2356 661 2416 nostrum
669 2353 729 2404 unde
735 2352 864 2408 intedeetus

64 2431 199 2480 nosternon
211 2428 288 2490 potest
301 2425 412 2488 attingere
424 2425 452 2475 ad
462 2425 677 2489 apprehendendum
689 2439 729 2476 eas
737 2427 864 2478 seeundum

66 2501 128 2566 qubd
141 2502 196 2549 sunt
212 2497 237 2548 in
247 2498 345 2562 seipsis,
361 2498 400 2557 sed
416 2511 456 2562 per
470 2492 561 2546 modum
574 2510 654 2560 suum,
666 2497 789 2548 secundini
805 2499 867 2563 qudd

65 2571 217 2637 apprehendit
229 2583 267 2621 res
283 2569 427 2632 compositas.
445 2569 474 2618 Et
489 2567 522 2618 sic
538 2567 605 2618 etiam
619 2569 768 2633 apprehendit
778 2573 862 2637 herrm,
981 2620 982 2659 1

66 2647 93 2694 ut
106 2643 191 2694 dictum
207 2644 242 2692 est
257 2643 311 2705 (qu.
326 2644 348 2702 t,
364 2644 406 2690 art.
423 2644 447 2700 t,
462 2640 490 2690 ad
503 2639 540 2704 l).
979 2676 981 2759 ι

93 2795 128 2862 (t)
147 2800 193 2848 libi
208 2797 316 2844 nimirum
326 2802 382 2844 text.
394 2795 423 2844 15
439 2799 489 2846 rsa·
503 2797 637 2845 sabama
652 2803 862 2858 mesquitam,

60 2863 109 2910 duo
122 2868 145 2908 et
160 2876 211 2907 oon
227 2873 307 2906 amum
321 2861 430 2918 estquod
448 2865 480 2908 ert
497 2858 563 2922 (quia
580 2864 698 2919 quantitas
712 2867 749 2909 est
768 2862 828 2908 aliud
848 2862 863 2907 d

59 2921 219 2986 substantia);
234 2925 258 2969 aa·
270 2922 327 2968 nard
339 2923 474 2970 substantio
489 2925 567 2970 cotom
579 2927 612 2973 att
626 2922 706 2998 (ainau
719 2922 794 2996 μόνον)
807 2937 859 2971 mc·

59 2997 218 3055 quitudtrmm
231 2995 328 3043 truttam
341 2997 400 3042 tuuc
414 2995 520 3043 tubabit.

5 3195 147 3271 ld&
