1992 3342
128 263 173 310 adt
327 273 386 312 rara
402 276 423 322 ι,
440 273 534 317 onear.
550 275 612 320 un,
628 275 686 312 aar.
703 277 729 314 v.

129 354 204 400 mutua
222 349 322 414 corporis
338 349 362 399 in
379 350 475 400 instanti
491 363 543 400 esua
558 355 649 414 posset,
666 350 726 401 sicut
745 353 851 416 operatio
868 355 930 406 intel·-

128 420 201 472 lectula
214 420 383 482 etroluutatis,
393 420 499 485 imprimo
513 421 665 472 instantiora
677 424 836 486 generationis
848 430 931 476 motum

127 492 246 543 baberent.
255 493 279 544 Si
291 506 344 556 ergo
353 493 447 555 angelus
456 507 496 557 per
505 507 576 542 uuum
587 497 673 543 motum
684 508 732 545 suae
744 495 928 548 uoluntatisbea·

129 562 251 614 titudiuem
261 563 358 624 meruit,
369 563 393 613 iu
403 563 476 628 primo
487 565 584 614 instanti
595 579 642 615 sua
652 565 776 616 creationis
785 570 925 619 mernitbea

128 633 263 692 titudinema
278 635 298 684 si
308 648 362 699 ergo
372 649 450 686 eornm
463 635 581 686 beatitudo
597 648 644 686 non
658 637 799 701 retardatur,
818 641 895 689 statim
905 641 927 688 in
991 652 993 662 ¹

126 705 201 768 primo
216 707 310 756 instanti
326 708 417 756 fuerunt
429 707 499 758 beati.
991 770 992 773 Ἴ

159 783 181 827 d.
192 779 310 842 fretalem,
318 779 380 829 iuter
389 777 483 848 multbm
493 776 697 844 dsnunaopoaat
704 793 755 830 esee
763 783 836 832 multa
844 784 927 834 media.
991 776 993 803 *

127 847 172 898 Sed
190 853 260 899 statum
277 849 426 900 beatitudiuis
441 852 571 914 augelorum
588 850 685 902 multirm
699 852 798 903 dictati
812 858 873 904 statu
889 869 928 904 na·

127 923 183 970 lura
193 933 280 984 eorum,
290 921 389 972 medium
399 926 474 972 autem
482 923 542 972 inter
549 926 671 987 utrumqne
682 927 718 973 est
727 925 845 976 meritum.
858 927 928 990 (ipor-

126 988 170 1040 tuit
188 989 258 1053 igitur
277 993 338 1055 qudd
359 1005 401 1058 per
420 994 490 1044 multa
510 993 590 1044 merita
607 994 700 1057 angelus
718 996 747 1044 ad
762 996 927 1048 beatitudinem

125 1061 264 1124 perveniret.

158 1133 200 1182 sed
214 1137 308 1184 contra:
323 1134 398 1184 anima
413 1135 514 1186 hominia
527 1141 550 1186 et
562 1136 657 1198 augelus
669 1134 775 1186 similiter
786 1139 817 1188 ad
829 1139 927 1189 beatitu-

126 1201 202 1254 dinem
213 1205 353 1270 ordinantur,
359 1207 419 1257 uude
428 1206 656 1270 sanctispromittitur
661 1207 927 1272 equalitasangelomm.

53 1335 62 1344 ⁶
126 1273 170 1324 Sed
182 1275 278 1325 animai
289 1289 381 1340 corpora
393 1281 510 1342 separata,
525 1277 546 1327 si
556 1278 638 1327 babeat
649 1277 755 1327 meritum
766 1279 927 1344 beatitudinis,

126 1345 203 1396 atatim
222 1347 385 1398 beatitudinem
404 1349 563 1413 consequitur,
577 1348 622 1398 uisi
641 1349 701 1399 abud
721 1349 752 1399 sii
774 1350 928 1414 impedimen

126 1421 174 1467 tum
193 1433 199 1467 :
215 1430 269 1481 ergo
280 1419 329 1483 pari
347 1419 433 1470 ratione
449 1423 472 1472 ct
486 1421 587 1482 augelus.
601 1421 644 1470 Sed
663 1419 738 1469 statim
751 1420 775 1470 iu
789 1422 867 1485 primo
878 1427 930 1473 actu

127 1488 241 1540 obeuntia
254 1491 334 1540 babuit
357 1492 461 1542 meritum
477 1491 624 1541 beatitudiuis
638 1507 644 1540 τ
660 1505 714 1554 ergo
734 1491 786 1541 edm
801 1493 827 1542 iu
841 1507 872 1544 eo
885 1509 931 1545 non

125 1564 184 1611 esset
198 1561 286 1626 aliquod
300 1562 504 1626 impedimentum,
516 1563 593 1613 statim
604 1563 631 1612 ad
642 1563 809 1613 beatitudinem
822 1567 931 1630 peruenit

127 1645 167 1694 per
182 1633 255 1682 nolum
269 1647 340 1683 unum
355 1637 430 1684 actum
449 1633 600 1684 meritorium.

159 1702 319 1767 (coucuusro.
329 1705 467 1768 —fugelus
481 1709 532 1768 post
545 1704 643 1768 primum
656 1703 773 1754 charitatis
784 1708 862 1754 actum
877 1707 930 1758 bea-

126 1771 245 1824 titudiuem
258 1779 393 1825 consecutus
402 1775 458 1838 est.)

158 1845 292 1908 Respondeo
312 1845 447 1908 dicendum,
470 1845 532 1909 qnod
551 1846 644 1909 angelus
661 1849 714 1908 pust
732 1845 833 1909 primum
852 1852 928 1897 adum

126 1915 256 1980 charitatis,
268 1930 311 1981 quo
326 1917 489 1968 beatitudiuem
504 1918 596 1978 meruit,
606 1917 681 1967 atatim
691 1912 775 1968 beatus
786 1917 841 1968 fnit.
855 1920 928 1982 Cujus

126 1987 184 2038 ratio
194 1989 298 2053 est,quia
307 1989 585 2052 gratiaperllcituaturam
594 1987 718 2038 secuudim
724 1983 817 2038 modum
827 1993 926 2052 naturae,

127 2059 186 2109 sicut
199 2063 222 2109 ct
234 2059 308 2111 omnis
317 2060 426 2124 perfectio
438 2059 547 2123 recipitur
558 2059 583 2110 iu
593 2058 728 2124 perfectibili
738 2060 866 2110 secundum
881 2075 929 2111 mo

127 2131 179 2181 dum
200 2131 259 2194 ejus.
273 2133 313 2182 Est
330 2136 404 2181 autem
423 2131 602 2194 improprium
618 2135 705 2180 nature
722 2131 853 2192 angelicae,
869 2131 930 2196 qudd

126 2202 251 2252 naturalem
260 2203 423 2266 perfectionem
433 2216 478 2252 non
488 2216 530 2266 per
540 2202 667 2253 discursum
675 2202 791 2265 acquirat,
801 2204 844 2254 sed
851 2205 929 2254 statim

127 2285 168 2334 per
181 2277 284 2322 naturam
295 2274 389 2336 lrabeat,
400 2273 458 2323 sicut
468 2274 536 2337 euprln
545 2278 661 2324 ostensum
669 2275 706 2322 est
715 2272 747 2335 (f)
760 2289 766 2322 ε
780 2274 842 2324 sicut
852 2279 929 2324 numm
978 2283 985 2293 ⁴

127 2357 157 2393 ex
169 2357 210 2394 sua
219 2349 300 2395 natura
311 2347 405 2407 augelus
417 2345 484 2395 babet
498 2345 599 2395 ordinem
614 2345 642 2394 ad
655 2344 820 2408 perfectionem
836 2349 928 2396 natura-

127 2415 184 2478 lem,
197 2416 229 2465 ita
240 2429 268 2466 ex
280 2417 360 2466 mento
369 2417 437 2466 babet
447 2416 586 2466 ordinemad
596 2415 704 2479 gloriam,
712 2420 736 2465 et
744 2417 777 2465 ita
785 2417 866 2467 statim
876 2421 930 2481 post

127 2487 232 2536 meritum
251 2487 274 2536 in
294 2488 374 2552 angelo
387 2487 431 2554 fuit
447 2488 565 2538 beatitudo
576 2491 704 2538 consecuta
723 2486 832 2536 lforitum
852 2496 930 2538 aurem

126 2557 274 2608 beatitudiuis
286 2571 332 2610 non
345 2559 418 2609 sollum
433 2559 458 2608 in
473 2559 568 2621 angelo,
580 2559 620 2608 aed
639 2557 708 2607 etiam
719 2559 744 2607 in
756 2559 868 2621 bomine,
879 2573 929 2610 esse

126 2633 201 2692 potest
208 2643 249 2692 per
258 2630 348 2680 unicum
356 2635 439 2693 actum,
451 2629 504 2692 quia
513 2631 614 2693 quoibet
622 2633 674 2679 actu
682 2629 794 2679 charitate
804 2630 928 2680 informato

126 2701 194 2748 humo
220 2700 381 2751 beatitudinem
404 2705 512 2750 meretur.
530 2701 596 2750 Unde
614 2699 749 2762 relinquitur
767 2700 831 2763 quod
851 2702 929 2750 statim

126 2774 177 2830 post
190 2781 260 2818 nuum
272 2775 346 2818 actum
361 2771 469 2820 charitato
482 2772 627 2820 informatum
638 2771 732 2833 augelus
747 2771 832 2820 beatus
844 2771 897 2821 fnit.

126 2909 195 3014 mu}
204 2914 260 2956 Turn
271 2913 294 2954 fn
307 2913 349 2957 buc
363 2915 413 2970 ipsa
433 2921 526 2975 quast,
537 2921 585 2986 art.
598 2912 626 2974 l,
640 2921 688 2960 tum
699 2928 740 2972 qu.
755 2914 786 2958 58
797 2949 803 2973 ,
815 2922 862 2961 art-
876 2915 892 2960 ³
906 2921 930 2959 et
