1992 3342
209 213 240 251 nu
254 211 439 254 summumst
453 211 601 256 mmm
614 211 655 252 ln:
664 212 733 250 noua
821 202 869 252 ἰιι

62 290 142 342 nullus
151 290 215 342 luens
223 292 260 341 eal
268 289 308 354 qui
319 302 365 343 uun
376 289 407 340 sit
415 289 497 353 plenus
507 289 609 340 sensibili
617 292 752 354 munerant
760 291 867 354 pmbalur

61 362 86 413 in
102 363 142 414 ill.
161 362 260 426 elysio.
275 362 350 424 (leni.
362 366 391 411 58
400 360 419 426 l.
431 361 490 426 Engo
505 360 576 413 mullb
588 361 662 426 magis
671 363 716 412 duo
725 362 801 426 angeli
811 377 867 427 pus

65 438 121 486 sunl
132 448 184 486 esse
198 435 223 484 iu
232 435 313 486 undem
328 434 388 484 leue.

98 512 122 562 3.
140 505 263 568 aretum
272 506 348 560 anima
357 509 393 559 ιιι
401 506 426 556 in
435 507 536 570 qnalibet
545 510 609 572 paule
620 508 732 572 mineris,
743 508 868 560 secundnm

64 578 221 644 liuguslinmn
237 579 339 640 (libbi
353 578 385 628 de
403 577 487 632 Tria..
503 591 554 642 cup.
569 577 611 642 6).
624 579 669 629 Sed
685 580 800 630 demones
816 579 870 632 lieet

65 663 115 703 non
127 649 250 702 illabantur
263 649 391 711 mambae,
406 649 529 712 illabuntur
547 652 624 700 iumen
636 650 750 702 interdum
761 651 869 717 ⁴carponi-

65 721 127 782 bus;
143 723 167 772 ei
179 719 214 772 sin
224 721 300 772 anima
314 723 338 772 el
351 720 441 772 demun
449 725 507 772 sunt
516 721 543 770 in
555 722 635 772 endem
645 723 704 774 loca,
718 724 779 787 nugo
791 723 869 774 eadem

66 794 158 846 talione
168 807 310 858 quaeeunque
324 791 374 844 alia
387 792 519 858 spirituales
531 794 673 849 substantia.

99 866 147 918 Sed
160 869 255 918 ababa:
271 865 321 916 dua
334 864 418 927 animae
432 879 478 916 nen
488 868 541 921 sunt
554 865 578 916 in
591 866 670 917 eadem
683 879 778 934 magona
793 883 801 919 ι
814 882 869 936 engo

65 939 115 1004 puri
133 937 221 988 ratione
236 938 309 1001 neque'
326 939 370 988 duo
384 937 458 1001 angeli
471 937 496 986 in
509 937 589 988 eodem
599 938 657 988 lom.

102 1011 263 1074 (Concuusuo.
275 1036 306 1046 —
315 1008 372 1060 Cium
384 1009 459 1073 angeli
467 1007 513 1061 sinl
523 1009 547 1058 in
556 1009 605 1059 ineu
614 1008 738 1060 secundina
748 1024 813 1061 suam
822 1012 869 1062 vir-

68 1085 140 1134 lulenn
150 1081 319 1144 conlinganlem
329 1081 404 1131 lunum
412 1094 453 1145 per
460 1081 551 1131 mudum
561 1081 699 1132 continentis
707 1083 817 1147 perlecti,
827 1083 871 1134 im·

68 1153 179 1218 passibile
194 1156 229 1202 ιιι
241 1152 318 1216 plures
335 1153 427 1216 angelus
441 1165 492 1204 ease
502 1153 528 1202 in
538 1154 618 1205 eudem
631 1153 695 1216 laen,
706 1154 746 1204 sed
760 1167 820 1205 unns
831 1167 872 1205 un·

70 1223 174 1289 galuam
190 1237 235 1275 nna
248 1223 337 1274 lanlbuu
351 1224 401 1275 luno
416 1227 459 1274 esi
466 1223 474 1288 )

99 1297 237 1362 Respondea
252 1295 387 1360 dicendum,
403 1295 462 1362 quabd
477 1296 522 1348 duo
532 1295 612 1367 angeli
633 1308 678 1346 nnn
699 1299 752 1346 sunt
765 1268 854 1348 simul
847 1314 871 1350 m

71 1369 153 1420 eudem
165 1367 226 1418 locb.
237 1369 265 1418 Et
280 1368 336 1419 talio
349 1368 419 1432 hujus
433 1371 467 1418 est
474 1367 545 1432 ,quia
556 1367 696 1432 impossibile
705 1370 742 1418 est
752 1368 812 1449 qnbd
821 1371 871 1422 dua

71 1453 147 1492 eausa
162 1439 280 1504 eomplelae
299 1435 345 1489 sini
358 1438 568 1496 immediatennius
584 1442 607 1490 et
624 1437 728 1504 ejusdem
742 1439 795 1490 rei
790 1479 796 1490 .
811 1443 871 1506 quod

70 1511 134 1576 patet
146 1510 172 1560 in
186 1511 249 1562 omni
263 1523 345 1575 genere
358 1523 489 1574 causarum3
502 1524 548 1560 nna
562 1511 623 1561 enim
634 1513 669 1561 est
682 1511 754 1561 forma
768 1512 872 1575 proxima

72 1584 143 1633 nnius
157 1581 205 1644 rei,
220 1585 243 1632 et
254 1595 324 1633 unum
338 1585 373 1634 esl
386 1581 515 1648 proximum
527 1595 622 1634 mouens
632 1579 705 1644 ‚licat
714 1582 803 1646 possint
820 1597 872 1634 esse

71 1655 149 1720 plnres
160 1657 259 1705 melones
270 1653 357 1706 ramuli.
366 1655 414 1704 Nee
421 1655 490 1706 habel
497 1653 630 1704 instantiam
636 1655 664 1704 de
671 1653 774 1718 pluribus
782 1657 873 1706 imben-

72 1727 132 1778 llbus
141 1739 224 1776 nauem
233 1746 240 1784 3
250 1726 303 1788 quia
311 1725 388 1776 nullus
400 1737 476 1776 aarum
485 1728 521 1776 esl
528 1727 641 1790 perlectus
650 1724 873 1790 mulor,el1mvinlns

71 1797 251 1862 uniuscnjusque
261 1797 291 1848 sil
304 1797 446 1866 insullluiens
457 1797 485 1847 nd
499 1799 649 1861 mouendum
660 1799 700 1848 sed
711 1810 790 1853 omnes
805 1798 873 1849 simul

73 1873 129 1920 sunl
118 1870 188 1920 linco
197 1869 266 1920 unius
277 1869 379 1934 melonis,
390 1869 414 1918 in
425 1872 534 1932 quuanlnm
546 1882 625 1920 omnes
636 1868 732 1920 viniules
741 1881 820 1920 eorum
833 1882 873 1934 ag-

65 1939 193 2005 gregantur
207 1942 234 1991 ad
247 1953 318 1990 unum
334 1945 419 1990 molum
432 1939 568 1990 faciendum.
584 1940 648 1990 Unde
662 1937 714 1989 ebm
735 1940 828 2003 angelus
840 1940 873 1990 di-

72 2017 198 2063 maturasse
210 2013 235 2062 iu
245 2012 294 2063 luen
307 2013 400 2078 perlue
410 2011 467 2076 qubd
477 2011 610 2076 virtusejus
621 2009 749 2060 immediati
761 2011 875 2076 contingit

72 2085 149 2135 locum
163 2097 205 2148 pen
219 2083 312 2134 modum
325 2083 463 2134 coutinenlis
476 2077 571 2148 gieuieeli
591 2084 630 2145 lul
643 2082 728 2132 dietum
741 2080 812 2149 esi),
826 2096 873 2133 non

74 2149 152 2220 polest
164 2169 215 2206 esse
226 2153 272 2206 nisi
283 2169 343 2205 nnus
353 2155 465 2220 angelns'
459 2169 483 2204 un
497 2168 544 2206 uno
557 2154 616 2206 loen.

101 2229 135 2278 ld
147 2228 247 2292 primum
260 2227 451 2292 engolismum,
464 2226 524 2290 qubd
534 2228 611 2292 plures
623 2226 715 2290 angeles
727 2239 778 2276 essa
789 2225 814 2276 ιιι
829 2239 874 2277 nuo

74 2301 135 2364 luco,
148 2311 195 2350 neu
204 2299 325 2363 impeditur
331 2302 421 2364 prepter
429 2297 584 2364 impletionem
592 2296 645 2361 loci,
655 2294 695 2350 'sed
704 2300 798 2364 propiet
805 2297 874 2349 aliam

75 2382 179 2435 eausam,
191 2373 218 2420 ul
227 2369 311 2422 dicium
327 2373 370 2421 est.

4 2441 5 2462 l
107 2444 140 2494 Ad
156 2440 279 2493 seeundum
292 2442 428 2506 dicendum,
441 2441 501 2506 qubd
510 2439 605 2506 angelus
615 2442 638 2490 el
649 2453 730 2504 corpus
741 2440 874 2491 nuneodem

75 2512 143 2566 modu
156 2518 211 2565 snni
224 2514 249 2563 iu
262 2514 311 2564 leco
328 2530 333 2564 :
349 2515 409 2564 unde
424 2514 481 2564 nulio
495 2527 541 2564 nen
555 2512 665 2576 sequitur,

106 2588 142 2638 bd
150 2586 243 2636 lentium
257 2586 384 2649 dicendum,
397 2584 455 2649 qubd
467 2599 511 2636 nen
521 2585 588 2635 eliam
597 2585 716 2635 lamanai
727 2583 802 2634 anima
814 2597 876 2635 nom·

74 2662 184 2726 parantur
202 2659 230 2708 ull
251 2671 332 2722 corpus
353 2655 476 2714 senundium
492 2656 594 2707 eamdem
611 2654 767 2707 habitudinem
782 2668 874 2717 causae3

77 2729 130 2782 cium
144 2729 220 2780 anima
233 2727 263 2780 sil
276 2727 357 2791 imma,
368 2740 415 2780 neu
428 2729 505 2778 aulem
518 2727 626 2778 demon:
640 2727 700 2778 uude
711 2726 767 2778 ralia
780 2739 827 2779 nun
835 2737 876 2776 aa·

78 2800 164 2866 quiluu.
