1992 3342
395 220 428 257 11
442 218 552 256 mem·
826 210 869 256 521

77 300 142 355 tris,
160 297 214 362 quia
232 296 309 361 imago
322 296 421 348 refertur
434 295 565 347 immediati
579 294 645 346 adid
660 295 727 361 cujus
741 298 776 347 ost
788 296 873 360 imago,

75 372 172 437 Spiritus
185 374 276 421 sauctus
295 373 372 421 auiam
385 369 483 419 refertur
495 368 525 419 ud
536 369 625 419 Patrem
635 382 677 432 per
689 368 785 432 Filium3
798 382 873 433 nequo

75 444 145 494 etiam
163 445 199 493 est
213 443 300 507 imoyo
311 443 400 492 Putris
412 443 437 490 ei
447 440 527 504 Filii,
547 439 600 503 quia
616 439 648 489 siu
662 442 723 491 esset
735 454 780 491 uua
799 441 874 509 imago

75 517 188 578 duorum,
204 513 265 580 quod
276 514 367 565 videtur
375 512 515 579 impossibile
527 528 533 562 ε
546 513 606 563 uude
615 513 738 581 requiritur
751 512 811 579 qudd
824 514 875 581 Sui·

75 588 134 638 ritus
146 591 237 637 saucius
254 587 394 638 nullomodo
408 585 437 636 sit
452 586 548 651 imuqo.
562 584 606 637 Sed
621 586 665 636 hoo
678 584 734 635 nihii
747 591 782 637 ost
801 602 806 635 :
822 586 875 651 quia

74 662 146 721 Pater
154 663 177 710 et
188 658 258 708 iilius
268 661 401 709 suutuuum
416 656 555 721 principium
565 656 663 721 Spiritus
676 657 762 721 saneti,
773 662 798 711 ut
814 657 875 709 iufri

75 730 164 783 dicetur
175 730 225 797 (qu.
242 734 281 794 to,
296 733 340 780 art.
352 729 392 798 i)·;
407 730 467 780 uude
478 728 537 779 uidit
548 728 653 794 prohihet
665 727 698 779 sio
708 728 781 780 Patris
790 731 873 783 attilii

73 803 82 868 t
87 804 112 853 iu
129 806 241 880 quantum
254 805 307 852 suut
324 801 408 864 uuum)
426 814 476 852 esso
496 814 566 851 uuam
582 799 719 867 imaginem,
736 800 789 851 cim
802 801 871 861 etiam

72 876 142 925 homo
152 874 222 924 totius
239 872 355 932 Trinitatis
364 871 394 922 sit
405 886 451 923 uua
461 872 545 937 imago.

104 945 132 997 Et
144 944 197 998 ideo
217 944 284 996 aliter
297 944 419 995 dicendum
432 948 484 1007 est,
496 942 556 1009 quod
576 941 635 994 sicut
654 942 749 1009 Spiritus
766 949 873 1011 mucius,

74 1018 179 1085 quamuis
192 1017 233 1068 sud
245 1016 390 1082 prooessiouo
405 1016 503 1081 accipiat
516 1020 620 1067 naturam
633 1016 706 1065 Patris
719 1016 792 1081 (siout
803 1022 826 1069 et
838 1018 876 1069 Fi·

73 1092 148 1154 iius),
159 1103 206 1140 uou
220 1093 298 1140 tamen
310 1088 395 1140 dicitur
406 1092 494 1153 notus;
508 1087 541 1137 iia
553 1086 608 1139 licet
620 1086 717 1153 accipiat
729 1088 829 1153 speciem
840 1088 876 1139 si-

75 1162 152 1214 milem
169 1162 255 1224 Patris,
264 1171 310 1211 nou
323 1160 404 1212 dicitur
414 1161 516 1224 imuqo;
528 1158 582 1223 quia
592 1155 662 1210 Filius
673 1158 775 1223 procedit
787 1164 813 1209 ut
824 1172 876 1211 ver-

74 1236 139 1297 bum,
150 1234 180 1284 de
194 1233 261 1297 cujus
271 1232 361 1283 ratione
370 1233 405 1282 est
416 1223 541 1281 similitudo
552 1229 638 1294 speciei
648 1231 676 1280 ad
685 1228 710 1281 id
720 1229 733 1279 i
744 1244 788 1295 quo
797 1246 877 1297 prooe-

73 1307 116 1370 dit;
125 1320 173 1357 uou
184 1310 262 1357 autem
270 1307 298 1355 de
308 1304 396 1355 ratione
408 1302 501 1367 amoris,
510 1304 613 1368 quamvis
620 1305 665 1354 hoo
673 1304 795 1355 coureuiat
806 1305 877 1356 amori

74 1378 114 1443 qui
128 1383 165 1429 est
176 1377 275 1443 Spiritus
287 1380 388 1439 sanutus,
399 1376 426 1426 iu
438 1379 550 1440 quantum
560 1378 595 1426 ost
605 1388 667 1426 umor
678 1375 776 1426 divinus.

108 1451 141 1501 dd
148 1450 248 1515 primum
257 1462 313 1511 orgo
321 1447 453 1509 dicendum,
461 1446 523 1512 qudd
531 1449 681 1499 damascenus
689 1450 713 1499 et
722 1446 761 1498 alii
772 1448 878 1499 ductores

75 1525 205 1573 Graecorum
217 1518 368 1572 communiter
378 1522 474 1570 utuntur
485 1518 578 1571 nomine
591 1520 714 1584 imaginis
723 1533 764 1585 pro
775 1518 878 1585 perfecta

76 1594 237 1647 similitudine.

104 1669 140 1721 rid
153 1667 282 1734 secuudum
297 1656 430 1727 dioeudum,
446 1664 508 1731 qudd
521 1664 575 1717 liott
588 1664 686 1730 Spiritus
698 1670 790 1717 saueius
803 1664 834 1715 sit
846 1665 877 1715 si-

73 1740 139 1798 milis
155 1739 220 1789 Patri
235 1742 260 1790 et
272 1737 344 1802 Filio,
356 1752 404 1790 uou
412 1740 492 1789 tamem
503 1736 605 1803 sequitur
619 1736 679 1803 qudd
690 1738 721 1791 sit
732 1740 827 1803 tureyo,
841 1752 877 1807 ra·

72 1813 137 1865 tiouo
150 1812 202 1877 iam
216 1810 286 1861 diotd

104 1886 139 1937 dd
155 1883 252 1936 tertium
273 1882 409 1947 dicendum,
428 1882 489 1947 quod
504 1882 578 1946 imago
596 1882 694 1948 alicujus
714 1882 836 1948 dupliciter
852 1884 877 1935 iu

71 1961 151 2024 atiquo
165 1957 284 2009 iuvenitur
297 1972 302 2005 ι
313 1970 359 2009 uuo
373 1957 440 2009 modo
447 1955 491 2019 ,iu
501 1969 527 2007 ru
536 1956 639 2021 ejusdem
652 1960 739 2011 nutura
753 1955 877 2007 secuuddm

72 2031 175 2096 speeiem
184 2068 193 2093 ,
203 2032 230 2080 ui
243 2029 318 2092 imago
327 2029 398 2092 Regis
408 2028 525 2080 iuvenitur
535 2028 560 2077 iu
571 2028 618 2079 filio
632 2038 687 2090 suo,;
699 2027 744 2078 alio
757 2026 839 2090 ruodo,
853 2026 878 2079 iu

73 2117 99 2153 re
115 2101 215 2153 alterius
235 2103 335 2163 maturae,
349 2099 407 2152 siout
425 2099 502 2163 imago
517 2100 586 2163 Regis
602 2099 718 2151 iuvenitur
736 2097 762 2149 iu
774 2096 876 2151 daumio.

74 2174 152 2225 Primo
166 2176 246 2223 autem
260 2173 328 2221 modo
338 2170 452 2223 Filiusest
466 2172 553 2235 imooo
566 2172 670 2234 Potriu;
687 2170 786 2221 morundo
800 2172 876 2223 autom

73 2246 143 2298 modo
163 2244 246 2296 dieitur
259 2244 328 2295 homo
343 2244 431 2308 imuqo
445 2244 503 2293 Dei.
524 2244 554 2295 Et
569 2242 621 2296 ideo
637 2243 666 2293 ad
679 2242 843 2305 designandum
853 2242 879 2293 iu

74 2318 169 2369 homme
186 2314 386 2380 imperfectionem
405 2314 526 2386 imaginis,
547 2316 615 2367 domo
637 2329 684 2367 uou
703 2314 776 2366 solim
797 2314 879 2367 uiuitur

76 2391 176 2455 inrogo,
194 2389 235 2440 sed
252 2387 325 2439 etad
342 2389 492 2452 imuqioem,
507 2400 548 2451 per
562 2388 622 2452 quod
637 2390 714 2443 motus
726 2387 817 2451 quidam
829 2391 881 2439 teu·

76 2462 153 2513 denda
163 2461 190 2514 iu
204 2459 372 2525 pomedioueru
386 2460 534 2523 designatum
546 2459 586 2511 sed
600 2458 671 2511 Filius
687 2459 728 2509 dei
739 2473 786 2511 nou
797 2459 881 2513 dicitu

76 2546 127 2585 esse
136 2532 173 2583 ud
186 2532 343 2597 imoqinem,
359 2531 413 2597 quia
423 2535 459 2582 est
467 2530 571 2595 perfecta
584 2530 657 2583 Patris
670 2530 754 2595 imago.
