1992 3342
332 248 364 283 ne
380 247 422 282 our
440 248 598 283 nunnmrnrn.
825 240 868 285 119

58 342 122 389 riom,
146 338 196 375 non
212 325 286 374 solnm
300 327 337 375 est
351 335 407 386 ens,
426 324 466 373 sed
487 323 569 373 vivens
589 337 594 371 :
614 324 636 372 et
649 322 723 385 ipsum
746 323 824 373 viuere
847 338 870 374 se

56 398 158 447 extendit
172 395 345 459 quodammodo
357 395 386 443 ad
398 395 568 456 operationem,
582 406 628 443 non
642 396 717 443 autem
738 406 802 457 esse;
819 409 871 459 pro-

57 471 127 520 tensio
142 472 221 518 autem
235 466 367 515 durationis
375 466 468 514 ridetur
478 464 566 515 attendi
576 465 700 515 seeundum
711 467 869 529 operationem

59 541 130 602 inagis
143 553 212 602 quarn
231 537 361 587 seeundum
380 550 431 585 esse
452 552 457 584 :
475 536 536 585 unde
555 540 578 584 et
600 540 690 599 tempus
711 540 745 587 est
762 551 871 587 numerus

62 615 135 661 motus
145 610 188 673 (1).
356 652 360 654 a

95 682 128 731 dd
139 681 232 730 tertium
246 679 385 741 dicendum,
396 679 457 741 quod
470 678 586 727 eternitas
597 678 677 727 dicitur
688 683 749 742 tota,
762 693 808 729 non
817 680 869 744 qnia

61 753 129 801 hahet
142 755 220 815 partes
228 788 236 813 ,
252 750 294 799 sed
307 750 333 797 in
350 752 463 813 quantum
476 749 534 798 nihil
547 748 570 799 ei
582 750 653 799 deest.

89 824 123 873 Ad
140 827 248 887 quartum
270 821 411 884 dicendum,
431 819 491 884 quod
514 821 572 870 sient
592 822 652 871 Dens
670 821 721 871 eim
743 822 773 872 sit
795 823 871 872 inoor·

59 910 157 958 ponens,
173 894 309 945 nominibus
325 907 405 943 rerum
426 892 576 955 corporalium
595 893 748 957 metaphorice
761 895 786 943 in
800 894 871 957 sorio

58 964 114 1015 toris
127 964 277 1025 nominatur,
292 964 326 1013 sio
339 964 457 1013 aeternitas
473 966 522 1013 tota
541 963 608 1011 simul
624 964 723 1015 existens
740 964 870 1015 nominibus

60 1035 225 1098 temporalibus
238 1034 376 1083 successivis
386 1033 430 1098 (2).

91 1107 126 1154 nd
137 1106 244 1168 qrrintunr
256 1104 397 1167 dioendum,
414 1103 475 1168 qnod
487 1104 512 1153 in
532 1108 635 1168 tempore
655 1109 689 1159 est
707 1108 751 1156 dno
766 1108 870 1157 conside·
923 1142 926 1153 .

61 1190 128 1239 rore,
145 1177 232 1227 seilicet
246 1177 327 1239 ipsum
338 1180 445 1238 tempus,
459 1176 519 1238 quod
531 1180 565 1225 est
581 1176 731 1227 successivum
748 1194 754 1239 ;
770 1181 794 1226 et
810 1191 870 1228 nuno
896 1210 898 1217 ,

59 1245 182 1310 temporis,
198 1249 262 1311 quod
283 1250 319 1296 est
336 1246 507 1309 imperfectum.
527 1246 586 1295 Dicit
604 1260 658 1308 ergo
678 1250 726 1297 tota
743 1247 825 1310 simul,
842 1250 870 1297 ad
892 1238 934 1314 ‚tf
994 1284 995 1319 3

60 1319 224 1398 removendum
232 1323 342 1379 tempns3
357 1320 382 1366 et
393 1317 511 1380 perfecta,
524 1317 553 1366 ad
564 1317 729 1366 excludendum
743 1331 803 1366 nunc
813 1322 871 1367 tem·
889 1330 894 1367 :¹

60 1402 130 1508 Ἣ
141 1463 232 1509 sextum
247 1458 387 1520 dicendum,
400 1457 460 1522 qood
471 1458 528 1507 illud
546 1459 606 1521 qnod
619 1458 755 1521 possidetur,
775 1457 869 1509 firmiter

64 1531 91 1575 et
105 1529 177 1591 quiete
194 1531 307 1580 habetur.
328 1528 362 1577 nd
383 1528 545 1590 designandam
559 1542 613 1591 ergo
626 1528 833 1579 immutabilitatem
847 1535 869 1581 et
902 1564 910 1579 .

62 1598 239 1652 indeficientiam
251 1599 406 1661 aternitatis,
418 1612 472 1649 usos
483 1600 624 1649 est-nomine
638 1600 793 1663 possessionis.

371 1742 527 1823 narlootds
543 1744 572 1792 11.

309 1857 398 1901 Utrdm
407 1856 472 1900 Deus
481 1857 513 1901 ait
522 1860 629 1903 murone.

92 1980 126 2027 dd
138 1978 267 2028 meandum
281 1974 316 2024 sio
328 1973 461 2037 proceditur
469 1972 511 2037 (3).
528 1974 621 2023 Videtur
638 1974 771 2039 quddiiens
784 1988 829 2023 non
843 1975 873 2025 sit

55 2055 167 2099 aternus.
182 2047 248 2097 Nihil
260 2047 325 2096 enim
336 2045 423 2093 factum
438 2048 512 2106 potest
523 2044 567 2093 diei
584 2044 611 2097 de
624 2047 680 2096 Deo.
695 2046 740 2095 Sed
754 2045 869 2095 aeternitas

55 2126 92 2170 est
106 2118 195 2183 aliquid
214 2118 304 2167 fastum
318 2131 323 2164 :
337 2114 393 2165 dicit
406 2114 468 2163 enim
479 2116 571 2165 Boetius
585 2115 645 2177 quod
659 2129 719 2163 nune
730 2116 803 2167 tineos
815 2116 869 2167 facit

55 2196 160 2254 ternpus,
177 2202 240 2239 nuno
256 2192 322 2238 stans
335 2185 391 2235 facit
405 2186 567 2250 eternitatem
583 2189 606 2236 et
624 2186 762 2249 Augustinus
773 2188 826 2237 dioit
845 2189 870 2237 in

54 2262 96 2310 titi.
119 2267 159 2311 83.
178 2260 352 2323 questionum,
368 2256 429 2320 quod
439 2258 498 2306 [teus
515 2260 549 2307 est
561 2259 638 2309 auctor
657 2258 797 2309 eternitatis.
811 2262 869 2323 Ergo

55 2334 117 2382 oens
129 2347 177 2382 non
195 2335 231 2382 est
245 2334 356 2381 aeternus.
593 2382 594 2387 ,

84 2411 113 2454 2.
131 2406 266 2465 Praeterea,
288 2402 350 2465 quod
374 2403 479 2451 estante
497 2400 647 2451 aeternitatem
665 2404 756 2464 etpost
780 2406 870 2453 aeterni-

85 2556 121 2618 (1)
137 2561 167 2603 Ut
177 2560 228 2614 J'am
246 2556 445 2611 e11V,Ptyaio.
465 2554 590 2601 indicatum
607 2562 642 2601 est
656 2560 724 2613 paulo
739 2566 805 2611 ante;
827 2560 868 2603 sed

48 2620 204 2665 eonsirictids
218 2626 245 2663 ut
260 2616 299 2661 irio
310 2617 352 2662 tib.
368 2616 422 2661 lde
435 2615 515 2678 Goelo,
529 2623 585 2661 tent.
599 2616 638 2663 99.

85 2690 121 2750 (2)
134 2693 161 2734 ln
172 2696 290 2745 quantum
301 2698 387 2743 nempe
397 2687 474 2732 omnia
482 2688 646 2743 complectitur
655 2692 768 2748 tempora,
781 2697 806 2734 ut
818 2692 867 2746 ipse

50 2758 75 2799 5.
91 2753 197 2799 Thomas
208 2753 233 2796 in
245 2749 406 2806 supradictum
417 2751 493 2793 iocum
510 2750 586 2808 addit,
599 2750 653 2795 ieet.
671 2752 695 2795 t.

87 2821 122 2882 (3)
136 2825 168 2867 Ite
178 2823 215 2866 his
226 2820 334 2866 etiamid
350 2822 381 2877 11,
401 2820 480 2869 Seot„
494 2820 547 2863 dist.
569 2819 597 2876 Ξ,
619 2827 700 2875 qnaest.
715 2819 738 2877 1,
750 2825 793 2863 art.
808 2818 830 2870 t;
845 2825 868 2861 et

51 2887 129 2930 cm.
145 2885 225 2933 deut„
235 2883 280 2927 tio.
291 2884 312 2939 1,
324 2894 377 2937 sap.
389 2881 431 2934 15;
447 2888 470 2926 ot
479 2894 519 2937 qu.
531 2881 554 2938 3,
568 2881 595 2925 de
611 2888 709 2937 potent,
726 2885 768 2925 art.
780 2878 820 2929 17,
838 2878 867 2920 ad

48 2949 97 3001 ὥς
115 2953 142 2991 et
158 2947 260 3003 Opiter„
272 2946 319 3000 111,
331 2956 384 2999 cap.
395 2944 419 3001 5,
432 2943 457 3001 d,
469 2944 483 2986 '1
495 2949 519 2987 ot
534 2942 557 2986 8.
570 2986 571 2991 ,
