1992 3342
122 212 168 259 ms
324 220 385 256 orus
403 218 424 267 1,
438 216 529 263 oursss.
545 217 603 265 rur,
619 217 673 253 uus.
689 216 732 253 ru.

119 298 227 349 seruam
238 293 471 345 incommunicabilem
483 297 506 343 et
519 293 557 355 (ut
567 292 600 342 sio
608 293 676 343 liceat
686 290 762 355 loqui)
772 291 924 355 singularem.

153 368 186 418 sd
207 366 330 416 seeundum
343 365 476 426 dicendum,
498 363 558 428 qutd
577 366 621 414 huo
639 377 735 426 nomeu,
759 366 872 424 Bonum,
892 364 929 411 est

122 437 247 502 principale
258 448 342 485 nomeu
353 436 402 497 Dei,
414 436 439 484 iu
450 439 560 498 quantum
573 438 608 485 est
621 448 703 497 ceusu,
718 448 764 485 uon
777 437 856 487 tumeo
871 434 929 483 sim-

122 509 226 571 pliciter3
239 520 292 555 uam
305 520 357 555 esse
369 505 487 567 obsolute,
502 506 682 569 praeiutetligitur
697 520 782 557 pauso.

153 578 188 627 rid
204 577 298 627 tertium
317 575 451 638 dicendum,
473 576 535 640 quod
556 590 602 628 nou
621 581 655 627 est
674 578 842 638 necessarium,
865 574 930 639 quod

122 647 199 697 omnio
209 646 302 697 uomiue
315 646 392 696 diviua
404 646 529 710 importent
538 648 694 699 habitudinem
703 649 731 698 ad
741 650 875 710 eruiturus,
888 644 931 695 ssd

122 717 205 767 suffieit
215 716 275 781 quod
287 717 434 780 imponantur
443 718 471 767 uh
484 719 599 782 aliquibus
609 719 789 783 perfectionibus
799 718 932 781 proseden-

123 787 184 838 tibus
195 787 209 838 ι
222 790 268 839 Deo
282 787 308 837 iu
320 791 453 839 creaturus:
468 788 529 840 iuter
542 804 598 854 quus
608 790 681 855 prima
693 795 728 841 est
739 791 815 853 ipsum
830 804 902 849 esse,
919 786 932 833 'a

124 873 169 922 ouo
181 861 277 909 sumitur
291 862 333 910 imo
345 873 429 911 nomeu
436 896 444 922 ,
459 862 507 923 (tui
520 868 564 911 est.

417 1004 574 1054 sumemus
586 1004 636 1053 1111.

154 1117 239 1161 Utrum
251 1118 422 1173 propositiones
431 1118 579 1175 affirmativo
587 1118 789 1174 posuiostsormori
802 1118 831 1162 de
841 1118 906 1163 Duo.
984 1131 985 1141 ¹

157 1230 189 1279 td
200 1229 318 1279 duodecim
332 1230 365 1279 sic
377 1228 505 1293 proceditur
519 1228 561 1295 (1).
579 1228 674 1279 Videtur
687 1229 747 1293 quod
760 1230 937 1293 propositiones

127 1302 268 1351 affirmative
276 1314 322 1350 uou
329 1301 417 1365 possint
425 1300 518 1351 formari
526 1301 553 1350 de
565 1302 620 1351 Deo.
632 1299 758 1351 Diuiteuim
765 1301 894 1365 Dionysius
903 1304 935 1365 11,

126 1385 177 1437 cup.
194 1374 301 1423 coelestis
310 1369 520 1435 Hieraromuoo
532 1388 545 1418 u
559 1372 727 1434 negationesdo
737 1374 783 1422 Deo
793 1376 847 1423 sunt
857 1388 935 1435 verae,

127 1444 290 1495 affirmationes
302 1446 378 1493 eutem
392 1443 550 1506 iummpuotae.
568 1459 582 1488 o

156 1520 178 1564 2.
193 1518 315 1578 pretereo,
327 1514 419 1563 Boetius
434 1514 488 1563 dicit
502 1514 526 1563 iu
536 1514 577 1564 ιιι.
591 1516 621 1563 de
636 1514 736 1572 Triott„
751 1512 813 1577 quod
828 1532 843 1563 ι(
855 1518 936 1566 iorum

124 1587 220 1650 simplex
237 1586 364 1648 subjectum
380 1596 429 1634 esso
443 1597 490 1633 nou
509 1587 597 1648 potsst;
618 1599 632 1631 u
648 1584 689 1634 sod
702 1586 761 1634 Deus
775 1584 877 1635 maxime
898 1590 937 1637 est
991 1645 992 1658 ἵ

124 1659 197 1707 torma
209 1656 321 1718 simplex,
336 1658 362 1703 ot
379 1668 446 1717 supra
462 1658 578 1705 ostensum
590 1659 642 1705 est:
659 1668 713 1718 ergo
724 1669 770 1705 uou
787 1660 938 1720 potestesse

125 1727 262 1789 subjeetum.
274 1726 319 1774 Sed
328 1737 395 1773 omne
411 1724 481 1787 iilud,
494 1726 523 1776 do
536 1740 581 1789 quo
595 1726 719 1789 propositio
732 1727 868 1777 affirmativo
885 1730 939 1780 for-

124 1801 207 1859 matur,
222 1796 331 1859 arripitur
344 1799 370 1843 ιιι
388 1795 517 1858 subjectum
531 1812 535 1845 :
548 1810 603 1859 ergo
616 1800 644 1847 ue
661 1799 707 1847 Deo
725 1798 852 1861 propositio
867 1801 939 1851 affir-

125 1867 211 1917 mativa
222 1867 315 1918 formari
328 1879 374 1916 uou
385 1871 468 1929 potest.

156 1942 179 1987 s.
199 1940 313 1989 Praeterea
321 1975 329 2001 ,
344 1938 418 1988 omnis
430 1939 561 1988 intellectus
576 1938 705 2000 intelligens
718 1953 766 1989 rom
780 1940 848 1991 aliter
862 1942 938 2005 quium

125 2011 170 2074 sit,
180 2013 215 2060 est
224 2010 309 2060 falsus:
323 2011 362 2059 sod
375 2010 434 2059 Deus
442 2009 512 2060 habet
522 2022 574 2058 osse
584 2010 667 2071 rusque
679 2010 741 2059 omui
752 2012 938 2077 compositione,

124 2086 150 2130 ut
166 2096 234 2145 supra
248 2083 367 2145 probatum
380 2084 415 2131 est
428 2081 470 2145 (t).
483 2080 539 2130 Cum
553 2079 622 2141 igitur
635 2081 709 2129 ommis
722 2081 855 2137 intellectus
869 2085 940 2135 aitis-

125 2153 223 2202 matisus
231 2152 345 2214 intelligat
354 2151 440 2215 aliquid
453 2164 505 2200 oum
519 2150 691 2214 oompositiuuo‚
701 2152 791 2201 videtur
802 2156 865 2217 quod
879 2170 939 2220 pro-

124 2222 207 2285 positio
216 2223 352 2272 affirmativa
360 2222 414 2272 vore
422 2224 451 2271 do
463 2225 511 2272 Deo
525 2222 617 2271 formari
631 2234 676 2272 non
689 2224 768 2286 possit.

155 2294 200 2343 Sed
212 2297 290 2342 eontra
303 2297 352 2355 est,
365 2292 427 2355 quod
444 2293 498 2342 tidei
512 2306 557 2342 nou
570 2294 647 2342 subest
660 2292 743 2342 fulsum
754 2293 805 2359 (3);
822 2299 864 2347 sed
878 2313 940 2363 pro-

159 2419 189 2480 (11
208 2424 240 2466 lio
259 2422 294 2466 uis
311 2423 382 2467 etium
398 2426 422 2481 1,
441 2424 519 2474 Soet„
542 2423 594 2471 dist.
609 2425 637 2480 1,
652 2432 734 2482 quaest.
751 2424 777 2483 1,
795 2433 841 2471 art.
859 2428 888 2481 ις
911 2440 944 2476 et

127 2483 195 2528 Goot.
211 2483 291 2533 Geor..
305 2484 376 2542 111ι.1,
391 2497 444 2541 usp.
459 2485 498 2540 :ss
510 2500 634 2545 rursusque
643 2489 684 2533 tib.
698 2492 717 2546 1,
728 2488 806 2537 Sunt„
818 2489 874 2535 dist.
891 2493 937 2551 ᾗ,

126 2551 170 2590 urt.
186 2546 209 2600 2,
223 2545 252 2589 ud
263 2544 284 2598 1;
300 2551 323 2590 et
337 2547 390 2591 dist.
404 2546 446 2604 31,
463 2561 502 2605 qu.
518 2550 541 2609 3,
555 2557 598 2595 art.
612 2550 639 2609 1,
652 2552 674 2595 iu
686 2560 760 2607 eorp.;
772 2556 795 2595 ot
810 2558 896 2608 quaest.
909 2556 938 2613 7,

125 2607 267 2662 deputent,
284 2613 327 2651 art.
346 2607 369 2667 5,
383 2609 411 2654 ud
428 2608 449 2654 1.

158 2667 189 2729 (2)
205 2669 316 2714 Nimirum
331 2677 412 2725 quest.
429 2671 451 2728 3,
468 2679 512 2717 sut.
524 2672 548 2730 ’1,
563 2674 622 2717 sicut
633 2680 656 2719 ot
666 2675 726 2731 quud
741 2674 862 2732 sitsormo
875 2679 942 2722 sim-

123 2730 183 2787 plex
201 2731 277 2787 quatis
289 2731 434 2777 indicebatur
447 2735 515 2789 puuio
533 2740 595 2780 onte.

160 2790 190 2853 131
206 2794 254 2838 Neo
265 2794 361 2839 subesse
371 2797 464 2840 omniuo
479 2803 571 2855 potest,
585 2799 654 2843 otium
668 2812 709 2856 per
724 2796 941 2847 extraordinarium

127 2861 151 2898 ot
169 2857 300 2901 ahsolutum
313 2859 354 2903 liei
368 2859 508 2919 potentium,
526 2866 551 2904 ut
564 2860 592 2916 Ξ,
605 2861 629 2920 i,
642 2872 681 2917 qu.
700 2862 723 2920 1,
739 2864 782 2905 ort.
795 2858 819 2918 3,
834 2872 865 2907 ex
880 2876 943 2920 pro-

23 2899 25 2932 ³¹
125 2916 188 2963 tesso
213 2919 317 2974 uioetun
340 2920 392 2965 uum
413 2921 493 2967 tuliore
509 2924 544 2969 uei
561 2924 609 2969 tutti
627 2927 699 2971 Deum
717 2928 846 2983 oporteret,
871 2930 939 2983 quod
