<?xml version="1.0" encoding="UTF-8"?>
<!DOCTYPE html PUBLIC "-//W3C//DTD XHTML 1.0 Transitional//EN"
    "http://www.w3.org/TR/xhtml1/DTD/xhtml1-transitional.dtd">
<html xmlns="http://www.w3.org/1999/xhtml" xml:lang="en" lang="en">
 <head>
  <title>
</title>
<meta http-equiv="Content-Type" content="text/html;charset=utf-8" />
  <meta name='ocr-system' content='tesseract 3.04.00' />
  <meta name='ocr-capabilities' content='ocr_page ocr_carea ocr_par ocr_line ocrx_word'/>
</head>
<body>
  <div class='ocr_page' id='page_1' title='image "./summatheologica04nicogoog_0177.png"; bbox 0 0 1992 3342; ppageno 0'>
   <div class='ocr_carea' id='block_1_1' title="bbox 123 240 718 295">
    <p class='ocr_par' dir='ltr' id='par_1_1' title="bbox 123 240 718 295">
     <span class='ocr_line' id='line_1_1' title="bbox 123 240 718 295; baseline -0.015 -7"><span class='ocrx_word' id='word_1_1' title='bbox 123 240 168 288; x_wconf 75' lang='lat' dir='ltr'>let</span> <span class='ocrx_word' id='word_1_2' title='bbox 325 248 384 285; x_wconf 78' lang='lat' dir='ltr'>nias</span> <span class='ocrx_word' id='word_1_3' title='bbox 402 248 425 295; x_wconf 84' lang='lat' dir='ltr'>t,</span> <span class='ocrx_word' id='word_1_4' title='bbox 443 246 534 291; x_wconf 76' lang='lat' dir='ltr'>oumsu.</span> <span class='ocrx_word' id='word_1_5' title='bbox 553 244 597 294; x_wconf 85' lang='lat' dir='ltr'>xu,</span> <span class='ocrx_word' id='word_1_6' title='bbox 612 244 666 281; x_wconf 81' lang='lat' dir='ltr'>unu.</span> <span class='ocrx_word' id='word_1_7' title='bbox 685 244 718 280; x_wconf 83' lang='lat' dir='ltr'>ui.</span> 
     </span>
    </p>
   </div>
   <div class='ocr_carea' id='block_1_2' title="bbox 123 318 930 884">
    <p class='ocr_par' dir='ltr' id='par_1_2' title="bbox 123 318 929 587">
     <span class='ocr_line' id='line_1_2' title="bbox 123 318 927 388; baseline -0.004 -11"><span class='ocrx_word' id='word_1_8' title='bbox 123 327 197 388; x_wconf 79' lang='lat' dir='ltr'>gimns</span> <span class='ocrx_word' id='word_1_9' title='bbox 214 326 239 375; x_wconf 91' lang='lat' dir='ltr'>in</span> <span class='ocrx_word' id='word_1_10' title='bbox 257 326 367 387; x_wconf 82' lang='lat' dir='ltr'>quantum</span> <span class='ocrx_word' id='word_1_11' title='bbox 386 335 433 372; x_wconf 87' lang='lat' dir='ltr'>una</span> <span class='ocrx_word' id='word_1_12' title='bbox 451 322 528 385; x_wconf 82' lang='lat' dir='ltr'>speeie</span> <span class='ocrx_word' id='word_1_13' title='bbox 548 320 709 383; x_wconf 73' lang='lat' dir='ltr'>intelligimus,</span> <span class='ocrx_word' id='word_1_14' title='bbox 729 318 769 370; x_wconf 86' lang='lat' dir='ltr'>sed</span> <span class='ocrx_word' id='word_1_15' title='bbox 789 320 860 372; x_wconf 86' lang='lat' dir='ltr'>multa</span> <span class='ocrx_word' id='word_1_16' title='bbox 880 337 927 374; x_wconf 85' lang='lat' dir='ltr'>una</span> 
     </span>
     <span class='ocr_line' id='line_1_3' title="bbox 123 390 929 459; baseline -0.005 -12"><span class='ocrx_word' id='word_1_17' title='bbox 123 398 198 459; x_wconf 85' lang='lat' dir='ltr'>specie</span> <span class='ocrx_word' id='word_1_18' title='bbox 214 396 343 456; x_wconf 83' lang='lat' dir='ltr'>intellecta,</span> <span class='ocrx_word' id='word_1_19' title='bbox 357 393 424 443; x_wconf 87' lang='lat' dir='ltr'>simul</span> <span class='ocrx_word' id='word_1_20' title='bbox 439 392 598 455; x_wconf 82' lang='lat' dir='ltr'>intelliguntur</span> <span class='ocrx_word' id='word_1_21' title='bbox 611 407 617 440; x_wconf 76' lang='grc' dir='ltr'>ι</span> <span class='ocrx_word' id='word_1_22' title='bbox 630 392 687 441; x_wconf 91' lang='lat' dir='ltr'>siout</span> <span class='ocrx_word' id='word_1_23' title='bbox 698 390 724 441; x_wconf 89' lang='lat' dir='ltr'>in</span> <span class='ocrx_word' id='word_1_24' title='bbox 739 392 815 454; x_wconf 87' lang='lat' dir='ltr'>specie</span> <span class='ocrx_word' id='word_1_25' title='bbox 827 394 929 443; x_wconf 86' lang='lat' dir='ltr'>hominis</span> 
     </span>
     <span class='ocr_line' id='line_1_4' title="bbox 123 458 927 529; baseline 0 -14"><span class='ocrx_word' id='word_1_26' title='bbox 123 466 271 529; x_wconf 69' lang='lat' dir='ltr'>intelligimus</span> <span class='ocrx_word' id='word_1_27' title='bbox 285 463 372 516; x_wconf 82' lang='lat' dir='ltr'>animal</span> <span class='ocrx_word' id='word_1_28' title='bbox 385 467 409 515; x_wconf 86' lang='lat' dir='ltr'>et</span> <span class='ocrx_word' id='word_1_29' title='bbox 423 464 550 527; x_wconf 78' lang='lat' dir='ltr'>rationale,</span> <span class='ocrx_word' id='word_1_30' title='bbox 561 468 585 513; x_wconf 86' lang='lat' dir='ltr'>et</span> <span class='ocrx_word' id='word_1_31' title='bbox 594 462 619 513; x_wconf 90' lang='lat' dir='ltr'>in</span> <span class='ocrx_word' id='word_1_32' title='bbox 634 462 710 525; x_wconf 84' lang='lat' dir='ltr'>specie</span> <span class='ocrx_word' id='word_1_33' title='bbox 723 462 803 512; x_wconf 87' lang='lat' dir='ltr'>domus</span> <span class='ocrx_word' id='word_1_34' title='bbox 814 458 927 527; x_wconf 72' lang='lat' dir='ltr'>panicium</span> 
     </span>
     <span class='ocr_line' id='line_1_5' title="bbox 123 540 255 587; baseline -0.008 0"><span class='ocrx_word' id='word_1_35' title='bbox 123 541 147 587; x_wconf 83' lang='lat' dir='ltr'>ei</span> <span class='ocrx_word' id='word_1_36' title='bbox 160 540 255 587; x_wconf 84' lang='lat' dir='ltr'>tectum.</span> 
     </span>
    </p>

    <p class='ocr_par' dir='ltr' id='par_1_3' title="bbox 123 600 930 884">
     <span class='ocr_line' id='line_1_6' title="bbox 155 600 929 675; baseline -0.001 -18"><span class='ocrx_word' id='word_1_37' title='bbox 155 608 189 657; x_wconf 73' lang='lat' dir='ltr'>ild</span> <span class='ocrx_word' id='word_1_38' title='bbox 207 607 332 657; x_wconf 73' lang='lat' dir='ltr'>meandum</span> <span class='ocrx_word' id='word_1_39' title='bbox 344 606 478 669; x_wconf 84' lang='lat' dir='ltr'>dicendum,</span> <span class='ocrx_word' id='word_1_40' title='bbox 497 604 558 675; x_wconf 63' lang='lat' dir='ltr'>quod</span> <span class='ocrx_word' id='word_1_41' title='bbox 578 600 669 667; x_wconf 78' lang='lat' dir='ltr'>angeli,</span> <span class='ocrx_word' id='word_1_42' title='bbox 683 607 794 667; x_wconf 71' lang='lat' dir='ltr'>munium</span> <span class='ocrx_word' id='word_1_43' title='bbox 806 605 836 655; x_wconf 85' lang='lat' dir='ltr'>al</span> <span class='ocrx_word' id='word_1_44' title='bbox 849 604 929 667; x_wconf 85' lang='lat' dir='ltr'>cogni·</span> 
     </span>
     <span class='ocr_line' id='line_1_7' title="bbox 123 676 929 740; baseline 0.001 -12"><span class='ocrx_word' id='word_1_45' title='bbox 123 680 210 729; x_wconf 88' lang='lat' dir='ltr'>tionem</span> <span class='ocrx_word' id='word_1_46' title='bbox 218 679 354 740; x_wconf 82' lang='lat' dir='ltr'>naturalem,</span> <span class='ocrx_word' id='word_1_47' title='bbox 366 690 411 740; x_wconf 82' lang='lat' dir='ltr'>qua</span> <span class='ocrx_word' id='word_1_48' title='bbox 422 680 562 739; x_wconf 85' lang='lat' dir='ltr'>cognoscunt</span> <span class='ocrx_word' id='word_1_49' title='bbox 574 688 663 738; x_wconf 80' lang='lat' dir='ltr'>uesper</span> <span class='ocrx_word' id='word_1_50' title='bbox 679 676 766 739; x_wconf 83' lang='lat' dir='ltr'>species</span> <span class='ocrx_word' id='word_1_51' title='bbox 779 676 882 727; x_wconf 82' lang='lat' dir='ltr'>diuersas</span> <span class='ocrx_word' id='word_1_52' title='bbox 895 679 929 729; x_wconf 86' lang='lat' dir='ltr'>eis</span> 
     </span>
     <span class='ocr_line' id='line_1_8' title="bbox 123 747 930 813; baseline -0.001 -13"><span class='ocrx_word' id='word_1_53' title='bbox 123 751 220 813; x_wconf 84' lang='lat' dir='ltr'>inditas,</span> <span class='ocrx_word' id='word_1_54' title='bbox 232 763 279 800; x_wconf 93' lang='lat' dir='ltr'>non</span> <span class='ocrx_word' id='word_1_55' title='bbox 291 748 358 799; x_wconf 86' lang='lat' dir='ltr'>simul</span> <span class='ocrx_word' id='word_1_56' title='bbox 370 749 446 798; x_wconf 88' lang='lat' dir='ltr'>onmia</span> <span class='ocrx_word' id='word_1_57' title='bbox 458 750 606 811; x_wconf 84' lang='lat' dir='ltr'>cognoscunt.</span> <span class='ocrx_word' id='word_1_58' title='bbox 619 748 648 797; x_wconf 85' lang='lat' dir='ltr'>Et</span> <span class='ocrx_word' id='word_1_59' title='bbox 663 747 695 797; x_wconf 85' lang='lat' dir='ltr'>sio</span> <span class='ocrx_word' id='word_1_60' title='bbox 710 750 832 797; x_wconf 82' lang='lat' dir='ltr'>moventur</span> <span class='ocrx_word' id='word_1_61' title='bbox 847 762 930 799; x_wconf 86' lang='lat' dir='ltr'>secuu-</span> 
     </span>
     <span class='ocr_line' id='line_1_9' title="bbox 125 818 929 884; baseline 0 -13"><span class='ocrx_word' id='word_1_62' title='bbox 125 823 178 871; x_wconf 87' lang='lat' dir='ltr'>dum</span> <span class='ocrx_word' id='word_1_63' title='bbox 187 820 363 884; x_wconf 74' lang='lat' dir='ltr'>intelligentiam</span> <span class='ocrx_word' id='word_1_64' title='bbox 373 833 415 884; x_wconf 82' lang='lat' dir='ltr'>per</span> <span class='ocrx_word' id='word_1_65' title='bbox 424 824 515 883; x_wconf 84' lang='lat' dir='ltr'>tempus</span> <span class='ocrx_word' id='word_1_66' title='bbox 522 836 529 883; x_wconf 78' lang='lat'>3</span> <span class='ocrx_word' id='word_1_67' title='bbox 537 819 577 869; x_wconf 86' lang='lat' dir='ltr'>sed</span> <span class='ocrx_word' id='word_1_68' title='bbox 587 819 711 869; x_wconf 87' lang='lat' dir='ltr'>secundum</span> <span class='ocrx_word' id='word_1_69' title='bbox 725 818 786 882; x_wconf 86' lang='lat' dir='ltr'>quod</span> <span class='ocrx_word' id='word_1_70' title='bbox 800 818 880 872; x_wconf 82' lang='lat' dir='ltr'>uident</span> <span class='ocrx_word' id='word_1_71' title='bbox 891 834 929 871; x_wconf 87' lang='lat' dir='ltr'>res</span> 
     </span>
    </p>
   </div>
   <div class='ocr_carea' id='block_1_3' title="bbox 125 890 452 955">
    <p class='ocr_par' dir='ltr' id='par_1_4' title="bbox 125 890 452 955">
     <span class='ocr_line' id='line_1_10' title="bbox 125 890 452 955; baseline -0.003 -13"><span class='ocrx_word' id='word_1_72' title='bbox 125 893 150 942; x_wconf 90' lang='lat' dir='ltr'>in</span> <span class='ocrx_word' id='word_1_73' title='bbox 162 894 223 955; x_wconf 83' lang='lat' dir='ltr'>lieo,</span> <span class='ocrx_word' id='word_1_74' title='bbox 234 891 301 941; x_wconf 90' lang='lat' dir='ltr'>simul</span> <span class='ocrx_word' id='word_1_75' title='bbox 312 904 351 941; x_wconf 85' lang='lat' dir='ltr'>eas</span> <span class='ocrx_word' id='word_1_76' title='bbox 363 890 452 941; x_wconf 80' lang='lat' dir='ltr'>vident.</span> 
     </span>
    </p>
   </div>
   <div class='ocr_carea' id='block_1_4' title="bbox 129 1034 928 1222">
    <p class='ocr_par' dir='ltr' id='par_1_5' title="bbox 129 1034 928 1222">
     <span class='ocr_line' id='line_1_11' title="bbox 324 1034 632 1092; baseline -0.006 -2"><span class='ocrx_word' id='word_1_77' title='bbox 324 1074 333 1090; x_wconf 86' lang='lat'><strong>.</strong></span> <span class='ocrx_word' id='word_1_78' title='bbox 420 1038 577 1092; x_wconf 76' lang='lat' dir='ltr'>seutellulis</span> <span class='ocrx_word' id='word_1_79' title='bbox 592 1034 632 1089; x_wconf 87' lang='lat' dir='ltr'>XI.</span> 
     </span>
     <span class='ocr_line' id='line_1_12' title="bbox 129 1164 928 1222; baseline 0.004 -13"><span class='ocrx_word' id='word_1_80' title='bbox 129 1166 214 1210; x_wconf 83' lang='lat' dir='ltr'>Utrism</span> <span class='ocrx_word' id='word_1_81' title='bbox 223 1165 312 1222; x_wconf 78' lang='lat' dir='ltr'>aliquis</span> <span class='ocrx_word' id='word_1_82' title='bbox 320 1166 348 1209; x_wconf 83' lang='lat' dir='ltr'>tu</span> <span class='ocrx_word' id='word_1_83' title='bbox 359 1165 404 1210; x_wconf 78' lang='lat' dir='ltr'>leuc</span> <span class='ocrx_word' id='word_1_84' title='bbox 412 1164 463 1209; x_wconf 79' lang='lat' dir='ltr'>otto</span> <span class='ocrx_word' id='word_1_85' title='bbox 471 1165 544 1221; x_wconf 83' lang='lat' dir='ltr'>possit</span> <span class='ocrx_word' id='word_1_86' title='bbox 553 1164 633 1209; x_wconf 78' lang='lat' dir='ltr'>uidere</span> <span class='ocrx_word' id='word_1_87' title='bbox 646 1164 722 1208; x_wconf 85' lang='lat' dir='ltr'>Deum</span> <span class='ocrx_word' id='word_1_88' title='bbox 737 1176 779 1220; x_wconf 77' lang='lat' dir='ltr'>per</span> <span class='ocrx_word' id='word_1_89' title='bbox 793 1167 928 1212; x_wconf 74' lang='lat' dir='ltr'>coactitium.</span> 
     </span>
    </p>
   </div>
   <div class='ocr_carea' id='block_1_5' title="bbox 127 1287 935 2135">
    <p class='ocr_par' dir='ltr' id='par_1_6' title="bbox 127 1287 933 1781">
     <span class='ocr_line' id='line_1_13' title="bbox 158 1287 929 1355; baseline 0 -14"><span class='ocrx_word' id='word_1_90' title='bbox 158 1293 193 1342; x_wconf 82' lang='lat' dir='ltr'>ld</span> <span class='ocrx_word' id='word_1_91' title='bbox 208 1292 353 1343; x_wconf 87' lang='lat' dir='ltr'>undecimum</span> <span class='ocrx_word' id='word_1_92' title='bbox 370 1292 403 1341; x_wconf 87' lang='lat' dir='ltr'>sic</span> <span class='ocrx_word' id='word_1_93' title='bbox 415 1290 548 1355; x_wconf 82' lang='lat' dir='ltr'>proceditnn</span> <span class='ocrx_word' id='word_1_94' title='bbox 562 1288 604 1355; x_wconf 84' lang='lat' dir='ltr'>(l).</span> <span class='ocrx_word' id='word_1_95' title='bbox 624 1289 717 1340; x_wconf 86' lang='lat' dir='ltr'>Videtur</span> <span class='ocrx_word' id='word_1_96' title='bbox 732 1287 792 1352; x_wconf 81' lang='lat' dir='ltr'>quod</span> <span class='ocrx_word' id='word_1_97' title='bbox 807 1290 890 1354; x_wconf 84' lang='lat' dir='ltr'>aliquis</span> <span class='ocrx_word' id='word_1_98' title='bbox 905 1292 929 1341; x_wconf 88' lang='lat' dir='ltr'>in</span> 
     </span>
     <span class='ocr_line' id='line_1_14' title="bbox 127 1360 928 1427; baseline 0.001 -16"><span class='ocrx_word' id='word_1_99' title='bbox 127 1363 170 1412; x_wconf 86' lang='lat' dir='ltr'>hac</span> <span class='ocrx_word' id='word_1_100' title='bbox 184 1361 232 1413; x_wconf 86' lang='lat' dir='ltr'>uita</span> <span class='ocrx_word' id='word_1_101' title='bbox 243 1362 314 1427; x_wconf 84' lang='lat' dir='ltr'>possit</span> <span class='ocrx_word' id='word_1_102' title='bbox 326 1364 398 1413; x_wconf 86' lang='lat' dir='ltr'>lleum</span> <span class='ocrx_word' id='word_1_103' title='bbox 409 1376 450 1426; x_wconf 85' lang='lat' dir='ltr'>per</span> <span class='ocrx_word' id='word_1_104' title='bbox 463 1360 585 1411; x_wconf 86' lang='lat' dir='ltr'>essentiam</span> <span class='ocrx_word' id='word_1_105' title='bbox 602 1360 689 1410; x_wconf 85' lang='lat' dir='ltr'>videre.</span> <span class='ocrx_word' id='word_1_106' title='bbox 702 1360 759 1410; x_wconf 82' lang='lat' dir='ltr'>Dicit</span> <span class='ocrx_word' id='word_1_107' title='bbox 770 1361 832 1409; x_wconf 89' lang='lat' dir='ltr'>enim</span> <span class='ocrx_word' id='word_1_108' title='bbox 844 1362 928 1425; x_wconf 83' lang='lat' dir='ltr'>Jacob,</span> 
     </span>
     <span class='ocr_line' id='line_1_15' title="bbox 128 1431 930 1485; baseline 0 -2"><span class='ocrx_word' id='word_1_109' title='bbox 128 1434 188 1483; x_wconf 86' lang='lat' dir='ltr'>Gen.</span> <span class='ocrx_word' id='word_1_110' title='bbox 201 1436 301 1485; x_wconf 83' lang='lat' dir='ltr'>llllllll:</span> <span class='ocrx_word' id='word_1_111' title='bbox 315 1451 330 1482; x_wconf 68' lang='grc' dir='ltr'>(ι</span> <span class='ocrx_word' id='word_1_112' title='bbox 338 1434 391 1483; x_wconf 83' lang='lat' dir='ltr'>viui</span> <span class='ocrx_word' id='word_1_113' title='bbox 403 1435 475 1483; x_wconf 85' lang='lat' dir='ltr'>llenm</span> <span class='ocrx_word' id='word_1_114' title='bbox 484 1432 543 1483; x_wconf 77' lang='lat' dir='ltr'>facie</span> <span class='ocrx_word' id='word_1_115' title='bbox 554 1432 583 1482; x_wconf 87' lang='lat' dir='ltr'>ad</span> <span class='ocrx_word' id='word_1_116' title='bbox 596 1431 685 1481; x_wconf 81' lang='lat' dir='ltr'>faciem.</span> <span class='ocrx_word' id='word_1_117' title='bbox 702 1447 715 1477; x_wconf 80' lang='lat' dir='ltr'>n</span> <span class='ocrx_word' id='word_1_118' title='bbox 729 1432 774 1481; x_wconf 85' lang='lat' dir='ltr'>Sed</span> <span class='ocrx_word' id='word_1_119' title='bbox 782 1431 860 1481; x_wconf 79' lang='lat' dir='ltr'>viuere</span> <span class='ocrx_word' id='word_1_120' title='bbox 872 1432 930 1483; x_wconf 83' lang='lat' dir='ltr'>secie</span> 
     </span>
     <span class='ocr_line' id='line_1_16' title="bbox 127 1502 931 1568; baseline 0.001 -15"><span class='ocrx_word' id='word_1_121' title='bbox 127 1505 156 1554; x_wconf 88' lang='lat' dir='ltr'>ad</span> <span class='ocrx_word' id='word_1_122' title='bbox 172 1505 254 1555; x_wconf 81' lang='lat' dir='ltr'>laniem</span> <span class='ocrx_word' id='word_1_123' title='bbox 269 1508 304 1556; x_wconf 87' lang='lat' dir='ltr'>esi</span> <span class='ocrx_word' id='word_1_124' title='bbox 320 1504 399 1555; x_wconf 79' lang='lat' dir='ltr'>nidere</span> <span class='ocrx_word' id='word_1_125' title='bbox 415 1518 456 1568; x_wconf 83' lang='lat' dir='ltr'>per</span> <span class='ocrx_word' id='word_1_126' title='bbox 470 1504 604 1567; x_wconf 81' lang='lat' dir='ltr'>essentiam3</span> <span class='ocrx_word' id='word_1_127' title='bbox 619 1507 645 1553; x_wconf 90' lang='lat' dir='ltr'>ut</span> <span class='ocrx_word' id='word_1_128' title='bbox 658 1506 722 1566; x_wconf 83' lang='lat' dir='ltr'>patet</span> <span class='ocrx_word' id='word_1_129' title='bbox 737 1516 780 1566; x_wconf 84' lang='lat' dir='ltr'>per</span> <span class='ocrx_word' id='word_1_130' title='bbox 793 1502 849 1552; x_wconf 90' lang='lat' dir='ltr'>illud</span> <span class='ocrx_word' id='word_1_131' title='bbox 871 1504 931 1567; x_wconf 86' lang='lat' dir='ltr'>quod</span> 
     </span>
     <span class='ocr_line' id='line_1_17' title="bbox 128 1574 932 1638; baseline 0.002 -15"><span class='ocrx_word' id='word_1_132' title='bbox 128 1575 219 1637; x_wconf 84' lang='lat' dir='ltr'>dicitnr,</span> <span class='ocrx_word' id='word_1_133' title='bbox 235 1576 253 1624; x_wconf 92' lang='lat' dir='ltr'>l.</span> <span class='ocrx_word' id='word_1_134' title='bbox 275 1578 333 1625; x_wconf 82' lang='lat' dir='ltr'>Cor.</span> <span class='ocrx_word' id='word_1_135' title='bbox 352 1576 404 1625; x_wconf 88' lang='lat' dir='ltr'>lllll</span> <span class='ocrx_word' id='word_1_136' title='bbox 417 1591 422 1623; x_wconf 93' lang='lat'>:</span> <span class='ocrx_word' id='word_1_137' title='bbox 437 1593 451 1623; x_wconf 86' lang='lat' dir='ltr'>n</span> <span class='ocrx_word' id='word_1_138' title='bbox 469 1576 578 1625; x_wconf 87' lang='lat' dir='ltr'>Videmus</span> <span class='ocrx_word' id='word_1_139' title='bbox 597 1588 657 1623; x_wconf 88' lang='lat' dir='ltr'>nunc</span> <span class='ocrx_word' id='word_1_140' title='bbox 672 1588 713 1638; x_wconf 85' lang='lat' dir='ltr'>per</span> <span class='ocrx_word' id='word_1_141' title='bbox 727 1574 845 1638; x_wconf 83' lang='lat' dir='ltr'>speculum</span> <span class='ocrx_word' id='word_1_142' title='bbox 862 1579 886 1624; x_wconf 87' lang='lat' dir='ltr'>et</span> <span class='ocrx_word' id='word_1_143' title='bbox 906 1574 932 1625; x_wconf 89' lang='lat' dir='ltr'>in</span> 
     </span>
     <span class='ocr_line' id='line_1_18' title="bbox 128 1644 933 1709; baseline 0.002 -15"><span class='ocrx_word' id='word_1_144' title='bbox 128 1646 262 1707; x_wconf 73' lang='lat' dir='ltr'>aenigmate,</span> <span class='ocrx_word' id='word_1_145' title='bbox 280 1649 335 1695; x_wconf 87' lang='lat' dir='ltr'>tunc</span> <span class='ocrx_word' id='word_1_146' title='bbox 350 1650 427 1695; x_wconf 88' lang='lat' dir='ltr'>antem</span> <span class='ocrx_word' id='word_1_147' title='bbox 440 1646 498 1696; x_wconf 80' lang='lat' dir='ltr'>faeie</span> <span class='ocrx_word' id='word_1_148' title='bbox 518 1648 547 1697; x_wconf 84' lang='lat' dir='ltr'>ad</span> <span class='ocrx_word' id='word_1_149' title='bbox 566 1646 656 1695; x_wconf 86' lang='lat' dir='ltr'>laniem.</span> <span class='ocrx_word' id='word_1_150' title='bbox 672 1662 686 1693; x_wconf 81' lang='lat' dir='ltr'>n</span> <span class='ocrx_word' id='word_1_151' title='bbox 701 1647 760 1709; x_wconf 81' lang='lat' dir='ltr'>Engo</span> <span class='ocrx_word' id='word_1_152' title='bbox 775 1646 835 1694; x_wconf 84' lang='lat' dir='ltr'>Deus</span> <span class='ocrx_word' id='word_1_153' title='bbox 848 1644 872 1693; x_wconf 91' lang='lat' dir='ltr'>in</span> <span class='ocrx_word' id='word_1_154' title='bbox 887 1647 933 1696; x_wconf 84' lang='lat' dir='ltr'>hnc</span> 
     </span>
     <span class='ocr_line' id='line_1_19' title="bbox 128 1716 550 1781; baseline 0.012 -19"><span class='ocrx_word' id='word_1_155' title='bbox 128 1716 176 1766; x_wconf 80' lang='lat' dir='ltr'>vita</span> <span class='ocrx_word' id='word_1_156' title='bbox 189 1729 231 1779; x_wconf 87' lang='lat' dir='ltr'>per</span> <span class='ocrx_word' id='word_1_157' title='bbox 244 1716 366 1767; x_wconf 85' lang='lat' dir='ltr'>essentiam</span> <span class='ocrx_word' id='word_1_158' title='bbox 377 1716 453 1767; x_wconf 86' lang='lat' dir='ltr'>videri</span> <span class='ocrx_word' id='word_1_159' title='bbox 466 1721 550 1781; x_wconf 85' lang='lat' dir='ltr'>potest.</span> 
     </span>
    </p>

    <p class='ocr_par' dir='ltr' id='par_1_7' title="bbox 129 1786 935 2135">
     <span class='ocr_line' id='line_1_20' title="bbox 159 1786 933 1852; baseline 0.005 -17"><span class='ocrx_word' id='word_1_160' title='bbox 159 1791 184 1835; x_wconf 80' lang='lat'>2.</span> <span class='ocrx_word' id='word_1_161' title='bbox 199 1788 321 1849; x_wconf 75' lang='lat' dir='ltr'>praterea,</span> <span class='ocrx_word' id='word_1_162' title='bbox 332 1789 440 1838; x_wconf 80' lang='lat' dir='ltr'>Numer.</span> <span class='ocrx_word' id='word_1_163' title='bbox 452 1789 504 1851; x_wconf 88' lang='lat' dir='ltr'>llll,</span> <span class='ocrx_word' id='word_1_164' title='bbox 518 1786 573 1838; x_wconf 87' lang='lat' dir='ltr'>dicit</span> <span class='ocrx_word' id='word_1_165' title='bbox 584 1788 691 1839; x_wconf 80' lang='lat' dir='ltr'>Dominus</span> <span class='ocrx_word' id='word_1_166' title='bbox 702 1788 730 1838; x_wconf 88' lang='lat' dir='ltr'>de</span> <span class='ocrx_word' id='word_1_167' title='bbox 743 1788 820 1852; x_wconf 77' lang='lat' dir='ltr'>Moyse</span> <span class='ocrx_word' id='word_1_168' title='bbox 834 1803 839 1837; x_wconf 89' lang='lat'>:</span> <span class='ocrx_word' id='word_1_169' title='bbox 856 1804 870 1835; x_wconf 81' lang='lat' dir='ltr'>n</span> <span class='ocrx_word' id='word_1_170' title='bbox 887 1791 933 1839; x_wconf 86' lang='lat' dir='ltr'>Ore</span> 
     </span>
     <span class='ocr_line' id='line_1_21' title="bbox 129 1857 933 1925; baseline 0.005 -19"><span class='ocrx_word' id='word_1_171' title='bbox 129 1857 158 1906; x_wconf 89' lang='lat' dir='ltr'>ad</span> <span class='ocrx_word' id='word_1_172' title='bbox 167 1871 193 1907; x_wconf 90' lang='lat' dir='ltr'>os</span> <span class='ocrx_word' id='word_1_173' title='bbox 205 1858 285 1922; x_wconf 88' lang='lat' dir='ltr'>loquor</span> <span class='ocrx_word' id='word_1_174' title='bbox 298 1858 320 1908; x_wconf 88' lang='lat' dir='ltr'>ei</span> <span class='ocrx_word' id='word_1_175' title='bbox 330 1858 373 1923; x_wconf 73' lang='lat' dir='ltr'>(l).</span> <span class='ocrx_word' id='word_1_176' title='bbox 385 1875 399 1905; x_wconf 84' lang='lat' dir='ltr'>n</span> <span class='ocrx_word' id='word_1_177' title='bbox 408 1860 454 1909; x_wconf 85' lang='lat' dir='ltr'>Sed</span> <span class='ocrx_word' id='word_1_178' title='bbox 470 1859 509 1923; x_wconf 88' lang='lat' dir='ltr'>qui</span> <span class='ocrx_word' id='word_1_179' title='bbox 523 1873 562 1910; x_wconf 85' lang='lat' dir='ltr'>ore</span> <span class='ocrx_word' id='word_1_180' title='bbox 576 1860 605 1910; x_wconf 88' lang='lat' dir='ltr'>ad</span> <span class='ocrx_word' id='word_1_181' title='bbox 618 1873 643 1911; x_wconf 86' lang='lat' dir='ltr'>os</span> <span class='ocrx_word' id='word_1_182' title='bbox 657 1860 827 1923; x_wconf 73' lang='lat' dir='ltr'>inquilinum,</span> <span class='ocrx_word' id='word_1_183' title='bbox 840 1861 933 1925; x_wconf 81' lang='lat' dir='ltr'>pelam,</span> 
     </span>
     <span class='ocr_line' id='line_1_22' title="bbox 130 1928 934 1994; baseline 0.005 -17"><span class='ocrx_word' id='word_1_184' title='bbox 130 1942 175 1977; x_wconf 89' lang='lat' dir='ltr'>non</span> <span class='ocrx_word' id='word_1_185' title='bbox 186 1942 228 1993; x_wconf 84' lang='lat' dir='ltr'>pen</span> <span class='ocrx_word' id='word_1_186' title='bbox 241 1928 362 1993; x_wconf 70' lang='lat' dir='ltr'>aenigmata</span> <span class='ocrx_word' id='word_1_187' title='bbox 374 1933 398 1980; x_wconf 86' lang='lat' dir='ltr'>at</span> <span class='ocrx_word' id='word_1_188' title='bbox 415 1930 513 1994; x_wconf 80' lang='lat' dir='ltr'>figuras,</span> <span class='ocrx_word' id='word_1_189' title='bbox 529 1930 591 1981; x_wconf 84' lang='lat' dir='ltr'>uidet</span> <span class='ocrx_word' id='word_1_190' title='bbox 602 1933 686 1993; x_wconf 80' lang='lat' dir='ltr'>lleum3</span> <span class='ocrx_word' id='word_1_191' title='bbox 702 1932 743 1981; x_wconf 88' lang='lat' dir='ltr'>sed</span> <span class='ocrx_word' id='word_1_192' title='bbox 752 1932 797 1981; x_wconf 89' lang='lat' dir='ltr'>hoc</span> <span class='ocrx_word' id='word_1_193' title='bbox 808 1934 844 1981; x_wconf 88' lang='lat' dir='ltr'>est</span> <span class='ocrx_word' id='word_1_194' title='bbox 854 1929 934 1981; x_wconf 82' lang='lat' dir='ltr'>uidere</span> 
     </span>
     <span class='ocr_line' id='line_1_23' title="bbox 130 2000 935 2066; baseline 0.005 -17"><span class='ocrx_word' id='word_1_195' title='bbox 130 2000 201 2051; x_wconf 83' lang='lat' dir='ltr'>ileum</span> <span class='ocrx_word' id='word_1_196' title='bbox 211 2014 253 2066; x_wconf 84' lang='lat' dir='ltr'>pen</span> <span class='ocrx_word' id='word_1_197' title='bbox 264 2002 387 2051; x_wconf 83' lang='lat' dir='ltr'>essentiam</span> <span class='ocrx_word' id='word_1_198' title='bbox 402 2018 408 2051; x_wconf 91' lang='lat'>:</span> <span class='ocrx_word' id='word_1_199' title='bbox 426 2015 480 2065; x_wconf 82' lang='lat' dir='ltr'>engo</span> <span class='ocrx_word' id='word_1_200' title='bbox 495 2000 577 2065; x_wconf 82' lang='lat' dir='ltr'>aliquis</span> <span class='ocrx_word' id='word_1_201' title='bbox 596 2002 620 2051; x_wconf 92' lang='lat' dir='ltr'>in</span> <span class='ocrx_word' id='word_1_202' title='bbox 633 2004 694 2052; x_wconf 85' lang='lat' dir='ltr'>statu</span> <span class='ocrx_word' id='word_1_203' title='bbox 709 2001 778 2064; x_wconf 81' lang='lat' dir='ltr'>liujus</span> <span class='ocrx_word' id='word_1_204' title='bbox 790 2001 843 2051; x_wconf 82' lang='lat' dir='ltr'>vitae</span> <span class='ocrx_word' id='word_1_205' title='bbox 857 2004 935 2065; x_wconf 81' lang='lat' dir='ltr'>potest</span> 
     </span>
     <span class='ocr_line' id='line_1_24' title="bbox 130 2072 485 2135; baseline 0.006 -15"><span class='ocrx_word' id='word_1_206' title='bbox 130 2072 202 2121; x_wconf 87' lang='lat' dir='ltr'>ileum</span> <span class='ocrx_word' id='word_1_207' title='bbox 213 2085 254 2135; x_wconf 87' lang='lat' dir='ltr'>per</span> <span class='ocrx_word' id='word_1_208' title='bbox 265 2073 388 2123; x_wconf 85' lang='lat' dir='ltr'>essentiam</span> <span class='ocrx_word' id='word_1_209' title='bbox 399 2072 485 2123; x_wconf 74' lang='lat' dir='ltr'>udaie.</span> 
     </span>
    </p>
   </div>
   <div class='ocr_carea' id='block_1_6' title="bbox 131 2142 991 2350">
    <p class='ocr_par' dir='ltr' id='par_1_8' title="bbox 131 2142 991 2350">
     <span class='ocr_line' id='line_1_25' title="bbox 163 2142 880 2207; baseline 0.006 -18"><span class='ocrx_word' id='word_1_210' title='bbox 163 2146 185 2190; x_wconf 82' lang='lat'>3.</span> <span class='ocrx_word' id='word_1_211' title='bbox 200 2144 326 2207; x_wconf 83' lang='lat' dir='ltr'>Pratenea,</span> <span class='ocrx_word' id='word_1_212' title='bbox 346 2144 402 2193; x_wconf 88' lang='lat' dir='ltr'>illud</span> <span class='ocrx_word' id='word_1_213' title='bbox 414 2143 441 2192; x_wconf 89' lang='lat' dir='ltr'>in</span> <span class='ocrx_word' id='word_1_214' title='bbox 457 2156 503 2207; x_wconf 86' lang='lat' dir='ltr'>quo</span> <span class='ocrx_word' id='word_1_215' title='bbox 523 2142 566 2193; x_wconf 85' lang='lat' dir='ltr'>alie</span> <span class='ocrx_word' id='word_1_216' title='bbox 583 2144 658 2193; x_wconf 88' lang='lat' dir='ltr'>omnia</span> <span class='ocrx_word' id='word_1_217' title='bbox 672 2143 841 2207; x_wconf 80' lang='lat' dir='ltr'>cognoscimus,</span> <span class='ocrx_word' id='word_1_218' title='bbox 870 2149 880 2193; x_wconf 94' lang='lat' dir='ltr'>t</span> 
     </span>
     <span class='ocr_line' id='line_1_26' title="bbox 131 2158 991 2336; baseline 0.003 -74"><span class='ocrx_word' id='word_1_219' title='bbox 131 2213 191 2277; x_wconf 85' lang='lat' dir='ltr'>quod</span> <span class='ocrx_word' id='word_1_220' title='bbox 210 2214 238 2263; x_wconf 87' lang='lat' dir='ltr'>de</span> <span class='ocrx_word' id='word_1_221' title='bbox 255 2216 305 2264; x_wconf 89' lang='lat' dir='ltr'>aliis</span> <span class='ocrx_word' id='word_1_222' title='bbox 324 2215 448 2265; x_wconf 86' lang='lat' dir='ltr'>&#39;udicamus</span> <span class='ocrx_word' id='word_1_223' title='bbox 481 2228 494 2265; x_wconf 89' lang='lat' dir='ltr'>e</span> <span class='ocrx_word' id='word_1_224' title='bbox 529 2214 594 2265; x_wconf 86' lang='lat' dir='ltr'>nobis</span> <span class='ocrx_word' id='word_1_225' title='bbox 607 2214 732 2336; x_wconf 57' lang='lat' dir='ltr'>sessffistilffl</span> <span class='ocrx_word' id='word_1_226' title='bbox 743 2158 936 2283; x_wconf 47' lang='lat' dir='ltr'>wigii&amp;</span> <span class='ocrx_word' id='word_1_227' title='bbox 990 2252 991 2265; x_wconf 33' lang='lat' dir='ltr'>i</span> 
     </span>
     <span class='ocr_line' id='line_1_27' title="bbox 131 2268 991 2350; baseline 0.005 -16"><span class='ocrx_word' id='word_1_228' title='bbox 131 2274 207 2334; x_wconf 73' lang='lat' dir='ltr'>affinia</span> <span class='ocrx_word' id='word_1_229' title='bbox 222 2275 398 2335; x_wconf 78' lang='lat' dir='ltr'>eiiamnuncm</span> <span class='ocrx_word' id='word_1_230' title='bbox 415 2268 642 2350; x_wconf 56' lang='lat' dir='ltr'>bionogno&#39;scumum</span> <span class='ocrx_word' id='word_1_231' title='bbox 679 2286 781 2336; x_wconf 83' lang='lat' dir='ltr'>citonim</span> <span class='ocrx_word' id='word_1_232' title='bbox 793 2288 938 2349; x_wconf 74' lang='lat' dir='ltr'>Augustinus</span> <span class='ocrx_word' id='word_1_233' title='bbox 989 2274 991 2343; x_wconf 73' lang='lat' dir='ltr'>i</span> 
     </span>
    </p>
   </div>
   <div class='ocr_carea' id='block_1_7' title="bbox 130 2355 940 2644">
    <p class='ocr_par' dir='ltr' id='par_1_9' title="bbox 130 2355 940 2565">
     <span class='ocr_line' id='line_1_28' title="bbox 131 2355 939 2423; baseline 0.007 -20"><span class='ocrx_word' id='word_1_234' title='bbox 131 2355 264 2405; x_wconf 82' lang='lat' dir='ltr'>duodecino</span> <span class='ocrx_word' id='word_1_235' title='bbox 286 2357 392 2420; x_wconf 70' lang='lat' dir='ltr'>confess.</span> <span class='ocrx_word' id='word_1_236' title='bbox 408 2374 417 2407; x_wconf 91' lang='lat'>.·</span> <span class='ocrx_word' id='word_1_237' title='bbox 434 2374 449 2405; x_wconf 84' lang='lat' dir='ltr'>u</span> <span class='ocrx_word' id='word_1_238' title='bbox 462 2357 487 2408; x_wconf 89' lang='lat' dir='ltr'>sl</span> <span class='ocrx_word' id='word_1_239' title='bbox 502 2359 568 2408; x_wconf 81' lang='lat' dir='ltr'>ambo</span> <span class='ocrx_word' id='word_1_240' title='bbox 585 2358 688 2408; x_wconf 83' lang='lat' dir='ltr'>videmus</span> <span class='ocrx_word' id='word_1_241' title='bbox 706 2370 786 2410; x_wconf 85' lang='lat' dir='ltr'>verum</span> <span class='ocrx_word' id='word_1_242' title='bbox 805 2372 856 2409; x_wconf 76' lang='lat' dir='ltr'>esse</span> <span class='ocrx_word' id='word_1_243' title='bbox 875 2360 939 2423; x_wconf 73' lang='lat' dir='ltr'>q&#39;uod</span> 
     </span>
     <span class='ocr_line' id='line_1_29' title="bbox 131 2426 940 2495; baseline 0.007 -20"><span class='ocrx_word' id='word_1_244' title='bbox 131 2426 201 2489; x_wconf 74' lang='lat' dir='ltr'>elicis,</span> <span class='ocrx_word' id='word_1_245' title='bbox 218 2430 242 2476; x_wconf 88' lang='lat' dir='ltr'>et</span> <span class='ocrx_word' id='word_1_246' title='bbox 258 2427 326 2477; x_wconf 85' lang='lat' dir='ltr'>ambo</span> <span class='ocrx_word' id='word_1_247' title='bbox 344 2428 449 2479; x_wconf 83' lang='lat' dir='ltr'>uidemus</span> <span class='ocrx_word' id='word_1_248' title='bbox 469 2443 551 2479; x_wconf 83' lang='lat' dir='ltr'>uenum</span> <span class='ocrx_word' id='word_1_249' title='bbox 570 2430 698 2495; x_wconf 84' lang='lat' dir='ltr'>essequod</span> <span class='ocrx_word' id='word_1_250' title='bbox 718 2430 781 2492; x_wconf 79' lang='lat' dir='ltr'>um,</span> <span class='ocrx_word' id='word_1_251' title='bbox 800 2430 840 2479; x_wconf 86' lang='lat' dir='ltr'>uhi</span> <span class='ocrx_word' id='word_1_252' title='bbox 859 2444 940 2495; x_wconf 78' lang='lat' dir='ltr'>qumso</span> 
     </span>
     <span class='ocr_line' id='line_1_30' title="bbox 130 2496 939 2565; baseline 0.007 -20"><span class='ocrx_word' id='word_1_253' title='bbox 130 2496 187 2547; x_wconf 83' lang='lat' dir='ltr'>illud</span> <span class='ocrx_word' id='word_1_254' title='bbox 197 2496 316 2547; x_wconf 79' lang='lat' dir='ltr'>videmus?</span> <span class='ocrx_word' id='word_1_255' title='bbox 330 2499 377 2548; x_wconf 87' lang='lat' dir='ltr'>Neo</span> <span class='ocrx_word' id='word_1_256' title='bbox 390 2512 433 2562; x_wconf 88' lang='lat' dir='ltr'>ego</span> <span class='ocrx_word' id='word_1_257' title='bbox 443 2500 468 2549; x_wconf 89' lang='lat' dir='ltr'>iu</span> <span class='ocrx_word' id='word_1_258' title='bbox 478 2503 512 2563; x_wconf 85' lang='lat' dir='ltr'>te,</span> <span class='ocrx_word' id='word_1_259' title='bbox 527 2514 569 2550; x_wconf 87' lang='lat' dir='ltr'>noo</span> <span class='ocrx_word' id='word_1_260' title='bbox 581 2503 607 2550; x_wconf 89' lang='lat' dir='ltr'>tu</span> <span class='ocrx_word' id='word_1_261' title='bbox 615 2500 640 2550; x_wconf 91' lang='lat' dir='ltr'>in</span> <span class='ocrx_word' id='word_1_262' title='bbox 649 2512 697 2563; x_wconf 85' lang='lat' dir='ltr'>me,</span> <span class='ocrx_word' id='word_1_263' title='bbox 709 2500 749 2549; x_wconf 89' lang='lat' dir='ltr'>sed</span> <span class='ocrx_word' id='word_1_264' title='bbox 759 2501 827 2551; x_wconf 84' lang='lat' dir='ltr'>ambo</span> <span class='ocrx_word' id='word_1_265' title='bbox 836 2500 863 2550; x_wconf 91' lang='lat' dir='ltr'>in</span> <span class='ocrx_word' id='word_1_266' title='bbox 875 2502 939 2565; x_wconf 84' lang='lat' dir='ltr'>ipsa,</span> 
     </span>
    </p>

    <p class='ocr_par' dir='ltr' id='par_1_10' title="bbox 206 2570 940 2644">
     <span class='ocr_line' id='line_1_31' title="bbox 206 2570 940 2644; baseline 0 -21"><span class='ocrx_word' id='word_1_267' title='bbox 206 2617 213 2628; x_wconf 39' lang='lat'><em>2</em></span> <span class='ocrx_word' id='word_1_268' title='bbox 240 2602 253 2623; x_wconf 59' lang='lat'>„1</span> <span class='ocrx_word' id='word_1_269' title='bbox 276 2587 302 2621; x_wconf 77' lang='lat' dir='ltr'>u·</span> <span class='ocrx_word' id='word_1_270' title='bbox 314 2589 317 2610; x_wconf 80' lang='lat'>¹</span> <span class='ocrx_word' id='word_1_271' title='bbox 338 2588 385 2633; x_wconf 45' lang='lat' dir='ltr'>&#39;Q&#39;</span> <span class='ocrx_word' id='word_1_272' title='bbox 396 2589 421 2637; x_wconf 29' lang='lat' dir='ltr'>*ts</span> <span class='ocrx_word' id='word_1_273' title='bbox 436 2605 445 2644; x_wconf 70' lang='lat' dir='ltr'>J</span> <span class='ocrx_word' id='word_1_274' title='bbox 476 2575 511 2622; x_wconf 86' lang='lat' dir='ltr'>esi</span> <span class='ocrx_word' id='word_1_275' title='bbox 517 2610 525 2635; x_wconf 89' lang='lat'><em>,</em></span> <span class='ocrx_word' id='word_1_276' title='bbox 536 2571 716 2637; x_wconf 75' lang='lat' dir='ltr'>incommutabili</span> <span class='ocrx_word' id='word_1_277' title='bbox 728 2570 835 2623; x_wconf 81' lang='lat' dir='ltr'>veritate.</span> <span class='ocrx_word' id='word_1_278' title='bbox 847 2588 862 2618; x_wconf 85' lang='lat' dir='ltr'>n</span> <span class='ocrx_word' id='word_1_279' title='bbox 872 2572 940 2622; x_wconf 83' lang='lat' dir='ltr'>idem</span> 
     </span>
    </p>
   </div>
   <div class='ocr_carea' id='block_1_8' title="bbox 133 2658 991 2869">
    <p class='ocr_par' dir='ltr' id='par_1_11' title="bbox 133 2651 991 2869">
     <span class='ocr_line' id='line_1_32' title="bbox 166 2658 991 2749; baseline 0.007 -18"><span class='ocrx_word' id='word_1_280' title='bbox 166 2684 197 2745; x_wconf 71' lang='lat' dir='ltr'>(ll</span> <span class='ocrx_word' id='word_1_281' title='bbox 206 2689 239 2732; x_wconf 82' lang='lat' dir='ltr'>ue</span> <span class='ocrx_word' id='word_1_282' title='bbox 249 2688 286 2734; x_wconf 84' lang='lat' dir='ltr'>lnls</span> <span class='ocrx_word' id='word_1_283' title='bbox 295 2690 365 2734; x_wconf 83' lang='lat' dir='ltr'>etiam</span> <span class='ocrx_word' id='word_1_284' title='bbox 375 2691 417 2748; x_wconf 79' lang='lat' dir='ltr'>lv,</span> <span class='ocrx_word' id='word_1_285' title='bbox 426 2658 566 2739; x_wconf 39' lang='lat' dir='ltr'>Saotidist.</span> <span class='ocrx_word' id='word_1_286' title='bbox 575 2688 606 2734; x_wconf 85' lang='lat' dir='ltr'>t9</span> <span class='ocrx_word' id='word_1_287' title='bbox 642 2690 698 2749; x_wconf 63' lang='lat' dir='ltr'>ui,</span> <span class='ocrx_word' id='word_1_288' title='bbox 712 2696 756 2735; x_wconf 82' lang='lat' dir='ltr'>art.</span> <span class='ocrx_word' id='word_1_289' title='bbox 771 2690 794 2743; x_wconf 77' lang='lat'>⁷3</span> <span class='ocrx_word' id='word_1_290' title='bbox 806 2696 831 2735; x_wconf 87' lang='lat' dir='ltr'>et</span> <span class='ocrx_word' id='word_1_291' title='bbox 841 2703 884 2747; x_wconf 84' lang='lat' dir='ltr'>qn.</span> <span class='ocrx_word' id='word_1_292' title='bbox 897 2690 940 2743; x_wconf 75' lang='lat'>1⁰,</span> <span class='ocrx_word' id='word_1_293' title='bbox 990 2700 991 2719; x_wconf 76' lang='lat'><em>³</em></span> 
     </span>
     <span class='ocr_line' id='line_1_33' title="bbox 133 2749 942 2869; baseline 0.007 -75"><span class='ocrx_word' id='word_1_294' title='bbox 133 2749 359 2869; x_wconf 42' lang='lat' dir='ltr'>agvgnictabarklh</span> <span class='ocrx_word' id='word_1_295' title='bbox 371 2757 395 2796; x_wconf 88' lang='lat' dir='ltr'>et</span> <span class='ocrx_word' id='word_1_296' title='bbox 403 2752 491 2809; x_wconf 72' lang='lat' dir='ltr'>Queat.</span> <span class='ocrx_word' id='word_1_297' title='bbox 505 2751 527 2810; x_wconf 87' lang='lat'>1,</span> <span class='ocrx_word' id='word_1_298' title='bbox 540 2762 579 2811; x_wconf 82' lang='lat' dir='ltr'>qu.</span> <span class='ocrx_word' id='word_1_299' title='bbox 592 2750 615 2811; x_wconf 82' lang='lat'>1,</span> <span class='ocrx_word' id='word_1_300' title='bbox 627 2758 671 2803; x_wconf 80' lang='lat' dir='ltr'>art.</span> <span class='ocrx_word' id='word_1_301' title='bbox 681 2751 704 2805; x_wconf 84' lang='lat'>1;</span> <span class='ocrx_word' id='word_1_302' title='bbox 713 2758 737 2797; x_wconf 84' lang='lat' dir='ltr'>et</span> <span class='ocrx_word' id='word_1_303' title='bbox 749 2750 841 2797; x_wconf 76' lang='lat' dir='ltr'>Contra</span> <span class='ocrx_word' id='word_1_304' title='bbox 854 2754 942 2804; x_wconf 76' lang='lat' dir='ltr'>Gaul..</span> 
     </span>
    </p>
   </div>
   <div class='ocr_carea' id='block_1_9' title="bbox 134 2881 939 3013">
    <p class='ocr_par' dir='ltr' id='par_1_12' title="bbox 134 2881 939 3013">
     <span class='ocr_line' id='line_1_34' title="bbox 168 2881 939 2955; baseline 0.008 -20"><span class='ocrx_word' id='word_1_305' title='bbox 168 2886 199 2950; x_wconf 61' lang='grc' dir='ltr'>(ἢ)</span> <span class='ocrx_word' id='word_1_306' title='bbox 209 2891 254 2936; x_wconf 79' lang='lat' dir='ltr'>Vel</span> <span class='ocrx_word' id='word_1_307' title='bbox 265 2892 389 2937; x_wconf 84' lang='lat' dir='ltr'>secundum</span> <span class='ocrx_word' id='word_1_308' title='bbox 398 2890 445 2936; x_wconf 75' lang='lat' dir='ltr'>to:</span> <span class='ocrx_word' id='word_1_309' title='bbox 458 2892 505 2937; x_wconf 83' lang='lat' dir='ltr'>Ore</span> <span class='ocrx_word' id='word_1_310' title='bbox 516 2892 547 2937; x_wconf 81' lang='lat' dir='ltr'>od</span> <span class='ocrx_word' id='word_1_311' title='bbox 557 2904 582 2937; x_wconf 78' lang='lat' dir='ltr'>oe</span> <span class='ocrx_word' id='word_1_312' title='bbox 593 2894 680 2951; x_wconf 80' lang='lat' dir='ltr'>loquer</span> <span class='ocrx_word' id='word_1_313' title='bbox 689 2894 712 2937; x_wconf 80' lang='lat' dir='ltr'>ei</span> <span class='ocrx_word' id='word_1_314' title='bbox 727 2881 842 2954; x_wconf 74' lang='grc' dir='ltr'>(λαλὴσω</span> <span class='ocrx_word' id='word_1_315' title='bbox 852 2883 863 2955; x_wconf 93' lang='grc'>)</span> <span class='ocrx_word' id='word_1_316' title='bbox 875 2900 898 2941; x_wconf 86' lang='lat' dir='ltr'>et</span> <span class='ocrx_word' id='word_1_317' title='bbox 912 2899 939 2941; x_wconf 78' lang='lat' dir='ltr'>iu</span> 
     </span>
     <span class='ocr_line' id='line_1_35' title="bbox 134 2954 852 3013; baseline 0.008 -20"><span class='ocrx_word' id='word_1_318' title='bbox 134 2954 212 3007; x_wconf 77' lang='lat' dir='ltr'>specie</span> <span class='ocrx_word' id='word_1_319' title='bbox 224 2966 275 2999; x_wconf 76' lang='lat' dir='ltr'>ooo</span> <span class='ocrx_word' id='word_1_320' title='bbox 285 2966 332 3013; x_wconf 80' lang='lat' dir='ltr'>pst·</span> <span class='ocrx_word' id='word_1_321' title='bbox 349 2954 490 3010; x_wconf 64' lang='lat' dir='ltr'>molummis,-</span> <span class='ocrx_word' id='word_1_322' title='bbox 503 2958 524 2999; x_wconf 86' lang='lat' dir='ltr'>et</span> <span class='ocrx_word' id='word_1_323' title='bbox 539 2956 645 3012; x_wconf 75' lang='lat' dir='ltr'>gloriam</span> <span class='ocrx_word' id='word_1_324' title='bbox 659 2956 759 3000; x_wconf 71' lang='lat' dir='ltr'>Domine*</span> <span class='ocrx_word' id='word_1_325' title='bbox 778 2955 852 3000; x_wconf 77' lang='lat' dir='ltr'>nidis.</span> 
     </span>
    </p>
   </div>
   <div class='ocr_carea' id='block_1_10' title="bbox 0 0 1013 3342">
    <p class='ocr_par' dir='ltr' id='par_1_13' title="bbox 0 0 1013 3342">
     <span class='ocr_line' id='line_1_36' title="bbox 0 0 1013 3342; baseline 0 0"><span class='ocrx_word' id='word_1_326' title='bbox 0 0 1013 3342; x_wconf 95' lang='lat' dir='ltr'> </span> 
     </span>
    </p>
   </div>
  </div>
 </body>
</html>
