1992 3342
176 226 207 263 nu
222 227 381 265 racenssrcrrn
395 228 569 267 commeneus
584 230 600 267 a
616 228 677 280 nuo,
694 230 747 268 erc.
811 222 857 269 eta

66 301 214 354 similitudine
224 304 319 368 speciei,
333 308 359 353 ut
369 305 437 355 homo
450 305 542 367 genitus
554 304 640 355 bomiri
653 306 780 371 generanti,
792 308 858 357 attin-

66 379 123 437 gunt
132 386 209 424 tamen
219 376 246 425 ad
257 374 308 437 ejus
320 374 489 425 similiusdinem
507 374 628 427 secundun
639 377 858 441 representationem

66 446 163 496 rationis
175 446 297 496 intellectae
308 445 321 495 1
333 447 379 495 llee
389 449 415 495 ut
425 447 505 496 domus
516 460 566 510 que
582 450 617 498 eet
629 447 654 497 in
666 450 769 511 materia,
778 448 855 499 domui

67 530 118 580 que
132 520 167 566 est
180 516 204 565 in
216 521 291 567 mente
304 516 406 567 artiticis.

98 588 132 637 nd
146 589 270 637 secundum
284 588 416 651 dicendum,
426 588 486 652 qubd
503 590 530 640 de
541 589 627 639 ratione
643 589 743 640 bominis
752 592 787 640 est
800 589 860 653 quod

68 659 98 708 sit
110 658 134 708 in
145 658 253 722 materia,
265 663 288 709 et
303 659 336 708 sic
351 672 397 709 non
407 663 482 723 potest
495 660 594 709 inueniri
611 661 678 710 homo
692 660 741 711 sine
757 661 857 711 maceda.

67 728 132 781 Licet
144 729 214 793 igituir
223 730 261 779 lric
273 732 340 781 homo
353 730 383 780 sit
394 744 434 795 per
446 731 642 795 participationem
654 732 753 795 speciei,
764 745 810 783 non
823 735 860 781 ta-

67 804 205 865 menputest
214 801 291 852 reduci
303 802 330 851 ad
340 802 425 865 aliquid
435 803 536 853 existens
549 816 590 866 per
599 816 637 865 se,
647 802 671 851 in
684 804 761 853 eadem
773 802 858 866 specie,

68 874 107 923 sed
120 874 147 923 ad
163 872 262 936 speciem
272 872 504 936 superexcedentem,
514 873 574 923 sicut
588 877 641 923 sunt
651 874 782 924 substantie
794 886 860 937 sepa-

67 948 130 995 rate.
141 945 172 993 Er
182 944 260 994 eadem
274 944 331 994 ratio
346 948 383 994 est
395 946 424 995 de
437 945 486 995 aliis
501 944 654 996 sensibilibus.

96 1018 132 1067 ild
149 1015 241 1066 tertium
257 1015 391 1079 dicendum,
405 1015 463 1079 qudd
476 1015 529 1066 licbt
542 1016 648 1080 quelibet
660 1016 752 1067 scientia
765 1021 787 1067 et
798 1017 860 1067 diiii·

67 1086 124 1137 nitio
138 1086 169 1138 sit
180 1084 252 1137 solium
266 1088 366 1148 eutium,
382 1101 428 1137 non
445 1090 522 1137 mmen
534 1091 623 1151 oportet
639 1086 697 1151 qndd
713 1100 749 1137 res
765 1089 862 1139 eundem

68 1160 159 1209 modurn
170 1158 268 1208 habeant
279 1157 306 1207 in
317 1159 424 1222 essendo,
438 1173 507 1223 quem
519 1158 647 1211 intellectus
660 1159 728 1209 lrabet
738 1159 764 1209 in
777 1158 861 1209 intelli-

66 1230 140 1293 gendo
152 1247 159 1277 ι
172 1243 216 1280 nos
225 1229 285 1279 euim
296 1243 336 1293 per
350 1228 456 1279 ιίιιιιιιιιι
468 1230 593 1285 intellectis
611 1229 698 1291 agentis
712 1228 862 1279 abstrahimus

67 1302 156 1365 species
170 1302 310 1351 universales
319 1300 334 1350 a
343 1301 516 1364 particularibus
530 1300 710 1363 conditionibus,
730 1303 863 1351 nontamen

67 1376 155 1437 oportet
168 1372 228 1436 qubd
241 1371 378 1423 universalia
385 1376 467 1437 preter
477 1371 620 1437 particularia
631 1371 768 1433 subsistant,
777 1374 803 1419 ut
812 1384 863 1433 par·

67 1443 195 1495 ticularium
207 1444 350 1507 exemplaria
398 1455 400 1458 ·

99 1516 133 1566 nd
142 1515 381 1579 quartumdcendum,
391 1516 453 1579 qubd
460 1514 519 1565 sicud
528 1514 582 1565 dicit
593 1514 822 1578 Dionysius(l),cap.
831 1514 861 1563 11

67 1591 105 1639 De
119 1588 175 1638 diu.
192 1589 279 1647 Nom„
294 1603 341 1652 per
350 1603 376 1637 re
390 1590 471 1638 uitam
488 1593 513 1639 et
524 1603 570 1653 per
582 1603 607 1637 se
620 1588 773 1651 cupientium
788 1599 865 1649 quau·

68 1662 142 1723 doque
155 1659 257 1710 nominat
271 1660 346 1723 ipsum
357 1660 431 1718 Deum
442 1697 450 1723 ‚
461 1661 596 1723 quandoque
609 1659 707 1709 uirtutes
721 1658 780 1721 ipsis
792 1656 862 1706 rebus

68 1732 145 1795 datas,
162 1744 210 1783 non
219 1735 295 1781 autem
308 1732 417 1794 qmsdam
427 1732 638 1795 indumentorum,
651 1730 710 1781 sicud
720 1726 809 1791 antiqui
821 1740 863 1791 po-

69 1806 172 1854 suerunt.

356 1891 515 1942 sandonus
531 1891 569 1941 lv.

223 2015 308 2060 Uimina
316 2017 382 2061 Deus
389 2015 422 2060 eit
430 2016 593 2072 cuurafiuulr’r
601 2016 716 2061 omnium.

101 2144 136 2194 nd
150 2146 254 2206 quartum
273 2142 308 2192 sic
318 2142 448 2206 proceditur
457 2141 502 2206 (ι).
518 2141 611 2193 Videtur
623 2140 683 2204 qubd
700 2142 761 2191 Deus
774 2153 819 2191 non
835 2140 865 2190 sit

69 2229 141 2267 cansa
154 2214 229 2263 dualis
241 2213 350 2264 omnium.
365 2216 437 2277 Agere
452 2213 514 2263 enim
525 2217 615 2277 propter
630 2212 697 2261 linem
709 2211 798 2261 uidetur
811 2224 864 2261 csse

70 2286 169 2351 alicujus
184 2284 311 2348 indigentis
325 2285 377 2336 line.
396 2286 442 2335 Sed
455 2287 518 2336 Deus
535 2285 596 2335 nullo
611 2287 647 2335 est
663 2282 768 2346 indigens
787 2297 794 2333 ε
812 2294 865 2345 ergo

70 2372 118 2409 uon
133 2357 243 2420 competit
254 2356 353 2418 elegere
366 2360 458 2420 propter
469 2356 546 2407 tinem.

102 2432 127 2478 ι.
141 2429 272 2491 Praeterea,
284 2427 338 2477 finis
351 2427 516 2491 generationis,
528 2431 551 2477 et
559 2426 631 2477 forma
640 2426 740 2489 generati
753 2428 777 2475 et
785 2438 863 2490 agene,

71 2514 117 2551 non
130 2499 236 2549 incidunt
248 2498 273 2549 in
287 2498 346 2549 idem
359 2512 465 2563 numero,
476 2502 502 2547 ut
515 2498 597 2548 dicitur
608 2496 634 2548 in
646 2498 674 2548 11.
689 2496 798 2562 ripeta,
813 2497 868 2561 quia

105 2624 137 2688 (1)
153 2626 305 2683 Respondeas
316 2626 338 2671 ei
352 2626 391 2684 qui
404 2626 432 2671 de
445 2626 485 2671 illa
499 2626 632 2683 loquutione
646 2624 778 2684 dubitabat,
790 2632 814 2670 et
828 2636 869 2670 cu-

71 2689 286 2813 gieobvaitdzqeirgztrui
298 2689 412 2745 quomodo
426 2700 478 2733 eam
491 2686 586 2745 intelligi
598 2688 689 2744 proprie
699 2693 828 2749 oporteret,
840 2692 867 2733 ut

105 2820 138 2884 (1)
153 2825 186 2869 lle
197 2823 234 2867 luis
248 2822 318 2868 etiarn
329 2822 405 2877 intrd,
421 2827 504 2877 quest.
517 2818 560 2880 65,
575 2826 619 2865 urt.
632 2820 660 2873 ὴ
673 2827 697 2865 ιι
708 2826 788 2875 quest.
805 2818 864 2877 103,

72 2890 117 2931 ιιι.
129 2886 158 2940 ²3
173 2891 200 2930 ut
215 2886 282 2940 etll,
293 2881 371 2933 seritu
384 2885 449 2942 dist,
465 2883 496 2944 1,
512 2889 594 2941 quest.
608 2883 637 2942 2,
648 2888 692 2927 art.
711 2882 739 2936 23
755 2889 779 2927 et
796 2880 865 2927 Curat.

16 2991 17 2994 ,
73 2949 156 2999 Geel..
164 2947 263 3006 libili,
274 2958 326 3005 cap.
340 2947 370 2993 17
379 2952 403 2992 ιι
414 2946 453 2993 18.
