1992 3342
113 243 157 290 tlt
316 255 376 289 raus
391 254 416 301 r,
434 254 524 297 oumsr.
545 254 585 303 rx,
603 254 656 291 aur.
675 256 701 291 11.

112 329 203 391 labilis,
224 328 298 377 omnis
321 332 398 376 autem
421 332 525 377 creatura
545 329 621 393 aliquo
644 330 711 379 modo
731 334 766 380 est
784 328 911 381 mutabilis.
992 328 993 387 r

112 400 232 449 Sciendum
246 402 281 447 est
292 399 367 461 euim,
381 397 443 460 quhd
458 400 566 449 mortabile
581 402 656 463 polest
672 400 757 463 aliquid
774 400 819 449 diei
837 401 914 464 dupb·
992 406 993 467 l

112 471 168 521 citer
182 486 188 518 :
204 482 250 519 uuo
264 470 330 519 modo
341 470 534 532 perpotentiam,
552 484 603 532 quae
616 470 704 533 inipso
718 474 766 533 esl;
783 471 828 521 alio
844 472 914 521 modo

112 539 296 602 perpotentiam,
309 553 359 601 quar
371 539 396 587 in
409 540 481 590 altero
493 545 535 590 est.
547 543 631 590 Omnes
642 541 703 590 onim
715 546 837 602 creaturae,
847 545 915 591 ante·

112 624 181 673 quam
195 614 285 671 essent,
298 622 344 658 nou
354 614 420 659 eraut
429 610 548 673 possibiles
557 624 606 661 esse
621 624 662 674 per
673 611 772 674 aliquam
783 611 916 674 potentiam
992 607 993 669 Ῐ

112 686 225 744 creatam,
242 681 295 730 mm
311 683 398 731 nullum
414 688 515 732 creatum
535 682 565 733 sit
584 687 710 746 aeternnm,
724 684 763 733 sed
781 696 823 746 per
842 684 917 733 solam

112 752 237 815 petenham
250 752 363 816 dianam,
377 753 403 802 in
416 757 527 816 quantum
541 756 601 803 lleus
608 759 697 816 poterat
710 768 749 803 eas
758 754 783 802 in
794 766 844 803 esse
860 766 917 817 pro-

112 824 203 872 ducere.
215 823 278 873 Sicut
286 827 363 873 autem
370 837 401 872 ex
412 825 528 873 voluntale
542 824 583 873 llei
593 824 707 887 dependet
717 823 778 887 qudd
786 823 854 873 resin
862 837 917 875 esse
992 846 993 863 2

112 894 230 957 producit,
249 893 283 942 ita
298 908 328 945 ex
346 895 463 943 uoluntate
481 894 533 956 ejus
552 894 667 957 dependet
682 894 743 957 quod
764 908 801 944 res
816 894 841 943 in
862 907 917 945 esse

112 968 244 1026 conseruat3
255 964 371 1013 nonenim
383 964 449 1013 aliter
459 976 499 1013 eas
510 964 534 1012 in
545 978 593 1013 esse
605 970 733 1028 conseruat,
743 964 811 1028 quam
822 979 919 1029 semper

112 1036 146 1085 eis
155 1048 205 1085 esse
216 1035 290 1084 dando
300 1051 305 1082 ε
316 1035 376 1084 unde
390 1034 411 1083 si
425 1048 490 1084 suam
504 1034 616 1085 actionem
626 1036 660 1085 eis
671 1037 821 1098 protraheret,
834 1037 916 1087 omnia

111 1106 137 1153 in
147 1106 244 1155 nibilum
257 1105 430 1167 redigerentur,
444 1109 470 1153 ut
482 1108 546 1167 patet
558 1119 601 1168 per
615 1107 765 1168 luqushnum
771 1144 779 1169 ,
789 1107 833 1168 IV,
845 1120 919 1169 super
992 1098 993 1105 ’

114 1178 199 1227 Genea.
213 1177 242 1227 ad
254 1178 355 1226 litteram
367 1176 409 1240 (l).
426 1177 490 1226 Sicut
506 1177 575 1239 igitur
591 1178 617 1226 in
631 1180 732 1240 potentia
748 1178 856 1227 creatoris
870 1178 919 1229 luit
992 1178 993 1235 ζ

114 1251 139 1297 ut
158 1263 195 1299 res
213 1253 302 1310 essent,
322 1252 445 1310 antequam
466 1252 542 1297 essent
558 1248 583 1297 iu
605 1248 699 1311 seipsis,
718 1250 749 1297 ita
767 1249 918 1311 inpotentia
992 1244 993 1291 i

113 1324 227 1373 &catomo
236 1328 280 1385 est,
294 1321 413 1387 postquam
424 1325 476 1370 sunt
485 1321 510 1369 in
519 1322 612 1385 seipsis,
621 1326 647 1371 ut
660 1336 706 1372 non
718 1324 770 1372 sint.
783 1322 822 1371 Sic
834 1322 920 1388 igitur,
992 1334 993 1377 l

114 1408 155 1456 per
165 1395 290 1457 potentiam
304 1407 355 1457 que
370 1396 405 1442 est
415 1392 440 1441 in
450 1394 537 1455 altero,
554 1393 640 1442 scilicet
654 1394 679 1442 in
694 1396 757 1455 lleo,
773 1396 826 1442 sunt
839 1396 919 1445 muta-
992 1378 993 1439 Ϊ

114 1465 184 1528 biles,
196 1466 222 1515 iu
231 1469 340 1528 quantum
350 1463 440 1525 abipso
453 1476 483 1511 ex
492 1462 564 1512 nihilo
575 1466 697 1525 potuerunt
710 1462 804 1526 produci
813 1462 839 1511 in
853 1478 918 1528 esse,

115 1540 138 1585 et
148 1537 177 1585 de
190 1549 241 1585 esse
250 1538 345 1598 possunt
354 1534 433 1582 reduci
444 1534 470 1583 in
484 1547 530 1583 non
541 1546 600 1583 esse.

145 1608 170 1656 Si
183 1611 259 1655 autem
279 1606 365 1655 dicatur
383 1605 469 1667 aliquid
486 1604 595 1655 mutabile
615 1618 658 1667 per
677 1606 803 1667 potentiam
821 1606 920 1673 inipso

115 1678 264 1738 existentem,
272 1676 306 1725 sic
312 1676 382 1725 etiam
391 1676 543 1739 aliquomodo
553 1676 626 1726 omnis
633 1678 735 1725 creatura
746 1680 781 1726 est
790 1678 918 1729 mutabilis.

115 1751 155 1799 Est
166 1748 227 1797 enim
239 1747 263 1795 iu
280 1751 383 1797 creatura
402 1748 486 1811 duplex
501 1748 617 1811 potentia,
636 1746 722 1797 scilicet
735 1749 809 1797 activa
823 1752 848 1798 et
865 1764 921 1812 pas·

116 1820 177 1880 siva3
193 1818 242 1867 deo
259 1822 335 1867 autem
350 1818 478 1881 potentiam
502 1818 630 1881 passivam,
644 1819 767 1867 secundum
788 1830 857 1881 quam
876 1822 921 1869 ali·

115 1890 169 1953 quid
177 1890 266 1952 assequi
277 1894 352 1953 potest
361 1902 423 1939 suam
437 1887 616 1951 perfectionem,
627 1890 664 1937 vel
679 1889 704 1937 iu
720 1888 828 1951 essendo,
843 1892 883 1939 vel
894 1892 920 1941 in

114 1959 273 2022 consequendo
285 1959 363 2008 linem.
378 1958 403 2006 Si
413 1958 483 2019 igitur
495 1957 624 2005 attendatur
639 1956 776 2006 mutabilitas
789 1957 823 2005 rei
834 1970 922 2010 secun-

115 2030 168 2079 dum
192 2029 318 2092 potentiam
335 2030 365 2079 ad
383 2040 445 2090 esse,
465 2027 498 2076 sie
515 2040 562 2077 non
578 2026 603 2075 in
625 2028 729 2076 omnibus
751 2027 863 2078 creaturis
884 2034 922 2081 est

114 2099 266 2161 mutabilitas,
282 2100 359 2149 sedin
373 2099 418 2147 illis
432 2097 518 2161 solum,
535 2098 560 2147 in
574 2098 655 2161 quibus
668 2096 724 2147 illud
741 2098 801 2160 quod
815 2100 851 2147 est
865 2112 921 2161 pos-

114 2168 179 2219 sibile
194 2170 227 2234 (ε)
240 2170 264 2218 iu
276 2171 322 2231 eis,
336 2173 412 2231 potest
428 2172 488 2220 stare
503 2182 553 2218 eum
567 2182 613 2217 non
627 2181 684 2219 esse.
704 2168 766 2218 Unde
779 2168 804 2217 in
816 2172 923 2232 corpori-

115 2242 158 2291 bus
171 2240 316 2291 inierioribus
327 2243 361 2289 est
372 2238 510 2288 mutabilitas
526 2242 549 2287 et
565 2238 687 2288 secundum
700 2252 750 2287 esse
767 2238 923 2291 substantiale

117 2312 178 2376 (quia
189 2311 282 2362 materia
294 2324 373 2367 eorum
380 2312 514 2378 potestesse
525 2324 576 2359 cum
585 2310 711 2373 privatione
725 2310 802 2359 formo
810 2312 922 2362 substan-

149 2433 180 2495 (l)
193 2438 281 2489 Nempe
295 2446 347 2489 cap.
366 2433 410 2492 12,
429 2434 489 2490 quam
503 2433 598 2479 inlerihs
612 2447 639 2479 ex
651 2434 755 2489 professo
768 2433 923 2482 referendum

116 2504 152 2542 est
166 2505 247 2553 quaest.
261 2494 315 2551 105,
329 2501 371 2540 art.
384 2495 407 2550 1,
420 2498 460 2540 ubi
472 2497 542 2541 etiam
557 2498 579 2540 S.
592 2496 691 2540 Thomas
706 2496 734 2540 ad
749 2494 764 2537 d
779 2496 803 2540 id
816 2499 925 2553 explicat

116 2560 178 2614 quod
189 2556 227 2602 bio
241 2557 316 2603 obiter
326 2558 382 2601 dicit
394 2575 400 2601 ι
413 2560 483 2603 rebus
496 2558 509 2602 d
521 2562 568 2603 lleo
578 2558 626 2602 dari
641 2570 733 2613 semper
744 2569 805 2606 crae,
816 2568 866 2603 uon
878 2572 924 2616 per

116 2622 312 2665 continuationem
326 2620 425 2665 aotioms
436 2633 482 2676 qua
493 2620 591 2676 primum
605 2631 651 2663 esse
662 2619 733 2664 dedit.

150 2689 180 2750 (h)
194 2692 270 2735 idest
285 2693 429 2747 potentiale,-
444 2690 577 2747 accipiendo
588 2690 718 2745 possibile,
732 2700 779 2733 non
792 2694 864 2743 prout
877 2702 925 2748 op..

118 2754 209 2808 ponitur
222 2752 371 2812 impossibili,
386 2752 428 2800 sed
440 2759 508 2809 prout
523 2752 619 2809 actuali,
632 2757 658 2795 nt
672 2764 700 2795 ex
711 2750 825 2806 adjunctis
837 2757 922 2806 patete

118 2815 154 2857 uel
166 2821 234 2870 prout
243 2814 358 2872 possibile
378 2816 438 2859 idem
457 2814 572 2867 estquod
589 2814 737 2869 contingens.
755 2816 779 2857 et
792 2815 925 2867 opponitur

119 2878 248 2920 necessario
272 2890 311 2921 seu
331 2890 372 2933 per
390 2876 552 2920 necessilatem
571 2876 691 2933 existenti,
711 2875 814 2929 adeoque
834 2874 926 2919 immu-

119 2938 196 2994 tabili,
210 2946 255 2982 eto.
