1992 3342
341 182 373 215 nn
388 181 496 218 smmum
511 185 559 219 nar.
804 178 848 223 ule

50 261 138 311 cmnqne
158 248 290 299 intellectus
302 250 412 313 intelligit
425 266 474 303 rem
489 267 539 303 esse
558 255 623 305 aliter
637 255 705 336 quim
718 257 760 319 sit,
780 258 849 309 falsus

46 323 80 368 est
89 335 105 366 n
118 320 167 370 Sed
180 322 225 369 lroc
239 334 287 370 non
300 322 371 371 hahet
382 322 474 372 locum
467 338 492 374 ιιι
505 326 639 401 proposito:
654 328 707 390 quia
718 327 849 381 intellectus

45 396 116 442 noster
124 392 231 441 formans
242 393 424 456 propositionem
434 394 462 445 de
476 397 532 458 ileo,
543 410 590 447 non
583 388 653 447 dicit
665 411 716 447 eum
728 413 777 450 esse
788 414 849 450 com·

44 473 76 520 pos
78 462 149 524 itum,
162 464 204 512 sed
213 463 349 525 simplicem.
366 465 391 513 Si
404 465 459 515 vend
468 480 497 516 ex
506 468 591 529 parte'
585 483 609 518 ιιι
609 469 741 533 telligentis,
754 472 786 521 sic
795 486 848 535 pro-

44 534 120 591 positio
139 534 199 584 ialsa
217 537 262 584 est
279 534 343 585 llius
355 539 391 586 est
409 535 469 585 enim
482 538 564 587 modus
576 539 728 590 intellectus
722 555 747 589 ιιι
763 542 847 593 intelli-

44 606 127 668 nendo,
153 618 226 669 quam
247 604 282 655 rei
303 605 329 654 in
353 609 458 659 essendo
481 608 624 660 llanilestnm
646 614 680 661 est
702 612 763 661 enim
787 614 847 677 quod

43 672 169 725 intellectus
187 680 269 727 noster
285 690 323 726 res
340 679 470 729 materiales
482 680 543 730 infra
561 694 585 731 se
604 682 727 733 existentes
739 686 848 747 intelligit

43 746 240 799 immaterialiter.
252 762 300 798 non
313 748 375 812 quod
388 750 502 831 intelligat
512 766 551 802 eas
564 766 613 803 esse
622 753 796 819 immateriales,
807 758 847 806 sed

45 817 109 867 treet
121 820 219 869 modum
233 819 432 869 immaterialem
426 836 451 870 ιιι
467 822 624 903 intelligendo.
637 827 665 875 Et
678 826 781 877 similiter
794 826 846 876 clm

43 888 148 953 iutelligit
158 890 275 955 simplicia
286 906 337 955 quae
351 896 405 942 sunt
419 907 487 957 supra
501 908 539 958 se,
554 895 577 944 in
578 896 659 959 telligit
679 911 706 947 ea
723 899 847 948 secundum

44 962 131 1009 modum
140 976 223 1025 suurn,
236 962 325 1013 scilicet
314 963 477 1027 tcompositt,
489 978 536 1015 non
543 970 620 1018 tamen
628 968 660 1018 rta
667 969 728 1032 quod
735 970 846 1031 intelligat

45 1042 69 1077 ea
82 1044 131 1081 esre
141 1034 277 1097 composita.
293 1035 323 1083 Et
334 1034 368 1084 sic
380 1036 511 1086 intellectus
524 1042 600 1089 noster
614 1051 659 1089 non
671 1044 705 1090 est
719 1040 787 1091 lalsus
801 1040 847 1089 ιοι-

46 1114 111 1151 mans
122 1105 310 1167 compositionem
324 1106 353 1155 de
370 1107 425 1157 lteo.

320 1300 468 1369 OUAESTIO
481 1304 554 1367 XIV.

117 1444 152 1490 Dc
165 1444 274 1489 scientio
287 1443 349 1492 Dei,
363 1446 393 1487 tu
409 1445 530 1489 nondecim
546 1446 664 1490 articulos
681 1446 770 1491 divino.

74 1594 126 1642 Post
141 1591 355 1644 considerationem
375 1605 453 1642 eonnn
469 1606 519 1655 qun
537 1594 564 1643 ad
584 1593 684 1645 divinam
696 1596 846 1647 substantiam

41 1663 168 1729 pertinent,
193 1667 270 1715 restat
290 1662 480 1713 considerandum
503 1664 530 1713 de
555 1664 590 1715 his
614 1680 663 1729 quae
685 1668 799 1729 pertinent
819 1670 847 1718 ad

42 1738 195 1798 operationem
208 1736 294 1799 ipsius.

73 1810 161 1872 Etonia
174 1806 286 1873 operatio
299 1805 406 1869 quaedam
419 1808 453 1855 est
464 1819 514 1869 quae
527 1810 603 1856 manet
613 1807 638 1856 in
651 1812 774 1871 operante,
786 1824 848 1873 quae-

41 1880 91 1927 dam
101 1881 151 1931 vero
162 1893 219 1944 quae
231 1876 338 1942 procedit
349 1876 375 1924 in
388 1876 523 1926 exteriorem
535 1876 640 1927 ellectum
650 1894 656 1940 3
666 1878 740 1941 primd
755 1892 848 1941 agemus

42 1950 69 1998 de
79 1951 171 2001 scientia
182 1953 210 2000 et
225 1948 348 1997 voluntate
369 1946 433 2011 (nam
448 1948 584 2009 intellipere
600 1949 622 1999 in
637 1948 778 2010 intelligente
798 1956 846 2013 est,

40 2027 64 2069 et
78 2024 132 2072 celte
152 2023 179 2072 in
202 2018 330 2082 volente),
352 2021 376 2068 et
393 2019 537 2081 postmodum
555 2020 583 2069 de
603 2020 705 2083 potentia
724 2022 777 2085 Ilei,
797 2035 847 2085 quae

42 2094 193 2145 consideratur
202 2096 231 2141 nt
238 2088 380 2153 principium
390 2086 529 2151 operationis
540 2089 622 2141 divino
634 2090 658 2139 in
667 2090 774 2140 ellectum
785 2097 848 2142 exte-

43 2163 116 2214 riorem
126 2161 293 2230 procedentis.

73 2236 192 2296 omrem
209 2233 365 2295 intempore,
381 2232 493 2296 quoddam
506 2236 591 2283 uivere
604 2236 638 2283 est
656 2250 661 2281 :
680 2239 731 2297 post
747 2236 848 2287 conside-

44 2309 144 2359 rationem
158 2307 252 2357 divinae
266 2303 383 2365 scientie,
404 2303 592 2353 considerandum
607 2309 641 2355 est
655 2305 682 2355 de
699 2305 745 2356 vita
761 2308 846 2359 divina.

44 2379 70 2425 Ει
81 2381 127 2443 quia
139 2377 245 2430 scientia
256 2387 365 2424 verorum
378 2376 414 2423 est
425 2373 475 2437 (l),
487 2374 530 2424 erit
540 2376 610 2427 etiam
619 2376 808 2430 considerandum
820 2382 847 2431 dc

43 2450 167 2501 veritatem
185 2447 305 2504 falsitate

65 2586 102 2659 ΙΙ)
113 2590 252 2635 insinnatur
268 2585 313 2629 lilr.
326 2583 364 2639 11,
377 2582 578 2633 decernentem.
594 2584 632 2641 ta,
645 2584 683 2629 nbi
694 2586 776 2631 dicitur
787 2588 848 2644 qudd

46 2647 93 2693 cin
103 2654 184 2697 ciem
198 2648 280 2708 possit
295 2644 454 2701 ιιιιιΙιιρΙΙοΙιοι
467 2646 580 2703 intelligi,
597 2646 680 2691 sufficit
695 2661 753 2693 unus
767 2650 848 2694 modus

48 2716 74 2750 ut
82 2724 114 2758 res
125 2716 203 2771 aliqua
217 2711 295 2768 rivet,
309 2707 400 2753 scilicet
410 2708 561 2758 intellectus,
572 2710 611 2753 oct
623 2714 807 2757 conterentem
820 2724 849 2757 ex

49 2771 89 2815 lib.
97 2776 133 2821 ΧΠ
139 2774 295 2834 ‚Metam
297 2776 355 2816 text.
373 2768 417 2827 39,
431 2772 504 2815 uelo.
520 2770 547 2827 Ι,
563 2771 603 2815 nbi
622 2770 704 2817 dicitur
717 2772 848 2818 intellectis

49 2838 289 2888 ⁰l01niovitaesse3
310 2833 411 2888 indeque
429 2833 572 2877 concluditur
590 2832 651 2889 quod
667 2835 721 2891 qula
736 2837 797 2879 Iteus
814 2840 849 2878 est

50 2895 150 2949 ⁰l>limm
162 2906 187 2946 et
198 2910 320 2946 summurn
331 2895 513 2951 intelligensnc
507 2908 531 2939 ιιι
541 2901 592 2941 οοιιι
605 2896 745 2954 intelligendi
757 2908 848 2949 semper
