1992 3342
229 210 262 256 oa
276 210 390 260 nnaorrts
405 215 431 258 nt
447 210 646 271 connumerem.
656 210 709 259 rac.
822 200 867 255 tet

100 293 125 347 t.
140 294 270 359 Preterea,
282 294 387 360 potentia
398 294 482 347 dieitm
494 296 524 345 ad
536 294 651 359 posnbile.
663 294 710 347 eea
721 292 805 347 mnam
815 307 868 358 per·

69 381 131 419 sone
146 380 193 418 non
202 368 256 417 sunt
265 368 293 421 de
303 379 399 417 numam
409 366 563 431 possibilium,
577 366 616 417 sed
628 366 655 417 de
675 379 770 417 numero
789 379 868 417 necee-

13 443 17 455 '
68 439 190 489 sariorum.
207 438 267 501 Ergo
283 442 389 503 respectu
408 441 500 490 actuum
522 437 671 493 notionatium
685 438 765 503 quihus
782 438 866 494 divine

68 524 172 574 persone
186 509 325 574 pmcednnt,
337 524 385 560 non
398 510 466 561 debet
481 510 536 575 poni
545 510 647 574 potentia
658 510 683 559 in
697 510 789 561 divinis.

101 587 127 631 3.
138 584 255 634 Praeoerea
258 619 267 644 ‚
276 581 349 632 Filios
359 582 463 646 procedit
469 586 495 632 nt
506 583 598 633 verbum
603 620 612 645 ,
621 584 683 647 qnod
698 587 732 633 est
747 584 868 648 conceptio

68 653 207 704 intellectis.
219 652 318 717 Spiritus
335 658 411 722 antem
420 658 513 705 sanctus
525 654 627 719 procedit
640 658 665 705 nt
676 668 752 719 amor,
764 655 804 719 qni
816 669 869 719 per-

67 724 128 776 tinet
139 727 168 776 ad
181 724 331 782 voluntatem.
344 726 391 776 Sed
400 725 504 791 potentia
513 726 539 775 in
550 727 596 777 Deo
606 726 687 776 dicitur
700 739 742 789 per
752 740 869 790 compara-

67 797 157 849 tionem
168 796 200 847 ad
211 796 320 860 enectus,
330 810 377 849 non
386 802 465 848 autem
476 811 518 862 per
529 797 720 862 comparationem
732 798 760 847 ad
773 799 869 849 intelli-

68 884 128 933 9ere
140 872 165 922 et
176 866 254 931 rrelle,
265 872 290 919 ut
303 865 371 936 snpra
382 868 485 919 habitum
499 872 534 919 est
547 871 613 934 (cap.
629 872 659 919 25
667 906 676 933 ,
690 872 733 921 art.
749 868 786 925 1).
810 871 869 935 Ergo

67 940 92 989 in
106 938 191 990 divinis
201 953 249 992 non
261 939 330 991 debet
343 940 390 991 dici
402 941 506 1005 potentia
514 955 555 1005 per
568 940 759 1005 comparationem
768 942 798 991 ad
806 944 872 991 actua

68 1012 207 1063 notionatee.

100 1084 148 1134 Sed
157 1087 294 1147 manarat,
306 1084 367 1149 quod
376 1084 433 1137 dicit
443 1084 581 1149 angustinus
593 1088 680 1137 contro
693 1086 869 1137 Maximinum

69 1155 205 1207 narcoticum
219 1154 270 1221 (lib.
279 1156 320 1223 tlt)
336 1156 382 1221 (1)²
392 1156 440 1209 «Si
456 1159 517 1209 Deos
529 1160 596 1211 Pater
607 1170 652 1213 non
667 1157 744 1221 potuit
757 1170 869 1220 generare

69 1226 153 1277 Filium
169 1226 214 1278 nihi
228 1227 353 1293 moralem,
367 1228 409 1278 niti
422 1233 457 1292 est
467 1227 632 1293 omnipotentia
645 1229 685 1279 Dei
700 1228 793 1282 Patria?
802 1246 816 1277 o
832 1228 871 1279 Est

68 1312 124 1363 ergo
139 1298 167 1349 in
179 1298 265 1350 divinia
276 1300 379 1364 potentin
389 1303 494 1365 respectu
507 1304 597 1352 actuum
611 1300 768 1353 notionatium.

101 1372 264 1436 (concinam.
273 1397 304 1408 —
313 1371 370 1423 Cim
381 1371 501 1426 mctvtnts
514 1372 559 1423 sint
569 1376 634 1423 actm
645 1372 782 1432 notionalee,
791 1374 872 1435 poten·

13 1465 14 1504 t
69 1441 124 1493 tiam
133 1456 226 1508 qnoque
234 1442 359 1495 initiorum
368 1447 461 1495 actuum
469 1458 555 1509 ponere
567 1448 670 1508 oportet3
681 1444 740 1494 utin
750 1446 817 1494 Patre
830 1456 870 1506 po-

69 1514 168 1565 tentimn
181 1515 307 1580 generandi
316 1516 414 1579 Filium,
427 1516 454 1567 in
465 1518 533 1573 Patre
545 1520 568 1569 at
584 1516 609 1567 in
617 1516 676 1567 Filio
690 1514 816 1580 potennam
825 1514 872 1578 spi-

69 1586 134 1637 randi
147 1585 259 1651 Spiritum
275 1585 404 1651 emtum.)

100 1658 239 1721 Respondeo
249 1656 383 1725 dicendum,
394 1658 528 1723 mmmm
538 1665 656 1724 ponuntur
670 1662 732 1711 aetus
743 1658 871 1710 nationalea

71 1728 95 1778 in
106 1728 203 1792 divinia,
215 1728 249 1779 ita
256 1742 349 1782 peraeae
357 1735 393 1781 eat
400 1731 435 1782 ibi
445 1744 531 1794 ponera
540 1732 667 1796 potentiam
675 1734 779 1795 respectu
790 1729 871 1795 hujus·

73 1801 132 1851 modi
145 1805 254 1864 actuom3
268 1800 322 1852 ciem
334 1803 438 1866 potentia
454 1802 513 1864 ninii
525 1803 587 1853 alind
600 1794 796 1866 marterteram
808 1800 873 1866 prin·

71 1871 157 1934 cipinm
164 1870 347 1937 alicujusactrta.
362 1874 426 1924 Unde
436 1873 490 1926 ctrm
502 1874 753 1937 Patremintettigamne
768 1876 794 1923 nt
804 1872 871 1936 pria-

69 1943 156 2007 cipium
179 1942 349 2007 generationis,
374 1948 399 1994 et
428 1947 520 1996 Patrem
541 1950 564 1997 et
585 1946 669 1997 Fitiom
692 1949 717 1995 ut
732 1942 871 2009 principium

68 2014 220 2077 spirationis,
236 2028 330 2067 necesse
352 2016 465 2081 estquod
485 2017 551 2069 Patri
573 2018 721 2069 attribuamus
744 2014 870 2079 potentiam

70 2087 207 2152 generanti,
218 2091 243 2137 et
253 2088 318 2139 Patri
330 2094 356 2139 et
364 2088 424 2139 Filio
436 2089 561 2155 pometiam
574 2087 685 2153 epiramli.
700 2088 758 2148 Quia
768 2086 872 2151 potentia

71 2158 198 2222 generandi
218 2159 331 2223 significat
348 2160 371 2211 id
390 2174 435 2225 quo
455 2175 569 2223 generans
581 2162 691 2225 generem
705 2172 773 2210 omne
795 2162 872 2209 autem

70 2243 185 2292 generans
195 2235 292 2294 generat
303 2230 378 2295 atiquo
390 2247 396 2281 2
411 2232 471 2283 unde
486 2232 512 2282 in
525 2232 586 2283 omni
598 2235 721 2295 generante
732 2230 822 2294 oportet
831 2243 873 2294 po·

71 2315 127 2351 nere
138 2302 265 2365 potentiam
279 2303 417 2367 generandi,
432 2307 457 2353 ct
471 2303 608 2367 inspirante
624 2301 749 2367 potentiam
761 2300 871 2365 spirandi.

101 2374 139 2423 rto
160 2374 259 2438 primum
279 2388 334 2438 ergo
350 2375 486 2439 dicendum,
503 2374 564 2441 qnod
585 2374 646 2427 sicut
666 2373 790 2427 murdim
808 2376 872 2425 actus

106 2500 138 2564 (t)
148 2506 181 2549 ot
190 2516 242 2561 cap.
255 2504 280 2562 ’1,
293 2506 362 2563 panio
376 2504 441 2552 aliter
450 2504 528 2551 ridere
541 2512 576 2551 est
591 2504 728 2563 :Quomodo
741 2500 808 2549 natet
818 2502 874 2549 rot-

73 2567 155 2612 traxe't
170 2568 245 2613 Peter
258 2568 288 2612 ἐκ
302 2568 440 2626 perterrendo
451 2569 549 2614 netem
562 2580 631 2625 parem
644 2582 695 2619 noa
707 2569 822 2625 reportem
834 2580 874 2625 pe·

71 2631 131 2674 nuit
146 2628 188 2674 reri
201 2631 340 2688 mitiorem?
350 2634 381 2683 Et
394 2631 463 2688 paulo
476 2630 551 2678 intra:
566 2629 631 2687 Quid
644 2644 759 2688 mapaoor
772 2634 805 2675 ert
816 2630 875 2687 quio

70 2704 122 2736 aron
134 2691 400 2753 subtraxitt’AaJorte
414 2694 474 2750 doec
486 2707 538 2743 ooo
549 2696 647 2751 potnit?
663 2692 707 2739 tter
720 2697 752 2740 ert
765 2694 875 2749 omnipo·

72 2755 151 2798 teretia
160 2755 207 2799 Dei
214 2757 316 2801 Patria?
323 2758 429 2801 Proreus
437 2754 468 2801 od
480 2757 546 2800 horre
557 2757 691 2801 articulum
699 2769 737 2801 rer
746 2756 875 2811 coltipitor

72 2821 101 2860 ot
113 2816 180 2863 Decea
193 2818 269 2865 Pater
289 2819 404 2878 reportem
420 2818 469 2864 riti
485 2821 587 2877 peperere
601 2820 698 2867 Filium
712 2823 754 2865 ont
767 2830 818 2863 oon
829 2830 874 2875 po-

74 2880 170 2929 tnerit,
184 2883 228 2924 aot
241 2880 351 2927 notuerit
371 2881 415 2927 :ti
428 2894 479 2929 oon
489 2883 591 2941 potuit,
604 2882 719 2941 infirmor
734 2880 871 2929 invenitor.

72 2940 102 2989 Si
115 2942 345 2998 correctorem,
358 2949 406 2993 etc.
