1992 3342
134 228 181 276 did
332 238 394 275 rurs
410 238 432 287 r,
447 236 540 283 onnes.
554 236 626 287 ων,
640 236 695 275 nur.
710 236 729 273 r.

133 317 170 366 cst
179 316 233 365 ante
244 325 336 364 omnem
349 312 517 363 multitudinem
528 324 613 377 ponere
625 312 747 363 unitatem.
760 314 789 363 m
797 312 931 365 Aristoteles

134 384 190 437 dicit
198 384 224 435 in
236 384 266 434 ΙΙ.
282 384 518 449 Hetophysicorum,
528 382 588 448 quod
598 402 612 434 u
621 384 645 435 id
655 384 716 449 quod
727 386 763 435 est
773 385 876 436 maxime
891 399 931 436 em

133 460 159 507 et
167 456 265 508 miximd
274 470 368 521 verum,
377 464 414 508 est
425 471 494 509 causa
507 456 582 507 omnis
590 458 651 507 entis
661 461 684 507 et
695 456 769 506 omnis
784 457 849 522 veri,
864 460 930 508 eicon

133 527 159 579 id
171 530 230 593 quod
243 526 339 580 maximi
352 528 451 579 calidum
463 532 499 578 est
506 565 515 591 ‚
526 532 561 579 ast
574 541 642 579 causa
655 527 728 579 omnis
741 528 875 580 caliditatis.
888 546 902 577 u

166 601 200 651 nd
210 600 310 663 nmmum
322 613 377 663 ergo
388 600 521 664 dicendum,
536 598 659 664 quodlicet
671 598 782 649 habitudo
796 601 826 649 ad
840 613 931 651 musam

134 682 181 723 nou
193 670 263 721 intret
279 671 437 721 diffinitionem
448 670 508 722 entis
520 673 579 735 qnod
596 674 629 721 est
643 673 774 733 causatum,
784 674 865 721 tamen
878 684 931 721 con-

134 741 236 805 sequitur
248 743 276 792 ad
292 756 320 792 ca
333 756 383 805 quc
397 747 451 792 sunt
461 743 491 793 dc
507 742 558 806 ejus
576 742 678 805 ratione,
695 742 749 806 quia
765 754 796 791 ex
808 744 855 793 hoo
873 744 931 807 quod

135 812 312 876 ahquidesteus
321 827 363 877 per
371 812 576 877 participationem,
589 812 690 877 sequitur
699 812 759 876 quod
774 813 805 863 sit
814 818 931 865 causatum

135 883 165 935 ab
175 883 233 947 aiio;
242 884 302 935 unde
311 884 440 949 hujusmodi
452 897 493 934 ens
502 898 547 935 non
556 888 689 949 potestesse
698 884 752 948 quin
761 884 791 934 sit
803 890 929 943 causatum,

134 952 195 1005 simut
210 968 254 1005 nec
264 956 332 1007 homo
342 956 398 1020 quin
408 954 438 1005 sit
450 955 551 1005 risibilis.
567 956 614 1005 Sed
624 956 736 1020 quidesse
754 961 876 1006 causatum
888 969 930 1006 non

136 1028 172 1077 est
189 1026 218 1076 de
227 1026 314 1078 ratione
327 1026 387 1077 entis
395 1026 541 1092 simpliciter,
552 1031 644 1092 propter
658 1028 701 1078 hoc
710 1026 831 1077 invenitur
843 1028 931 1093 aliquod

136 1108 179 1147 eus
189 1111 235 1149 non
247 1103 372 1149 causatum.

169 1168 203 1218 nd
216 1170 340 1220 secuudum
357 1170 490 1232 dicendum,
499 1169 560 1234 quod
570 1183 599 1220 cx
613 1170 657 1219 hac
668 1168 756 1219 ratione
770 1168 867 1232 quddam
881 1168 934 1219 moti

136 1238 229 1290 iuemnt
242 1241 271 1291 ad
280 1241 411 1305 ponendum
421 1241 482 1306 quod
494 1241 520 1291 id
534 1242 593 1305 quod
609 1244 644 1291 est
655 1239 823 1301 necessarium,
835 1253 885 1291 non
896 1242 935 1291 ha·

137 1308 192 1360 neat
202 1314 341 1373 causam,ut
352 1311 435 1362 dicitur
444 1312 469 1361 in
482 1316 563 1362 octavo
576 1310 675 1375 Physic.
686 1312 756 1374 (text.
768 1309 823 1375 te).
836 1312 884 1363 sed
894 1314 934 1361 hoc

137 1380 347 1432 manifesteiatsum
356 1386 451 1447 apparet
460 1382 485 1432 in
493 1382 595 1433 scientiis
603 1380 787 1433 demonstrativis
797 1418 806 1445 ‚
819 1381 936 1447 inquibus

138 1451 251 1517 principia
262 1453 389 1504 necesaria
401 1456 456 1505 sunt
467 1468 542 1521 cauom
555 1452 724 1504 conclusionum
737 1454 933 1516 necessariaiam

138 1526 164 1575 et
175 1522 228 1574 ideo
239 1523 295 1573 dicit
306 1523 438 1575 Aristotcles
449 1523 475 1574 in
486 1525 515 1576 V.
531 1524 641 1589 dietuph.
657 1525 728 1589 (text.
744 1522 793 1587 6),
811 1524 873 1589 quhd
886 1529 935 1575 sunt

138 1595 244 1659 qaedam
254 1595 384 1645 necessaria
393 1609 444 1658 qun
456 1596 542 1646 hahent
556 1608 646 1646 causum
660 1608 706 1645 suaa
719 1596 875 1646 necessitatis.
887 1598 935 1647 Nou

138 1678 193 1729 ergo
204 1668 296 1729 propter
307 1667 352 1716 hoc
363 1667 437 1717 solum
449 1666 572 1730 requiritur
585 1678 652 1717 causa
670 1680 754 1731 agens,
768 1667 823 1730 quia
842 1668 935 1719 edoctus

139 1739 216 1799 potest
223 1748 270 1786 non
278 1738 385 1800 essc3scd
394 1738 447 1801 quia
456 1737 553 1788 edoctus
563 1741 686 1799 anausoni,
698 1737 718 1787 si
726 1750 796 1787 causa
803 1752 852 1789 non
863 1744 934 1791 esset:

140 1807 190 1857 hec
206 1806 268 1856 enim
280 1808 438 1859 conditionalis
453 1814 489 1858 est
507 1820 575 1870 vera,
592 1809 642 1859 siue
661 1809 798 1859 antecodens
817 1814 842 1859 et
860 1824 937 1862 conse·

139 1890 213 1941 quens
223 1878 269 1927 sint
280 1878 413 1941 possibilia,
427 1878 476 1929 siro
487 1878 646 1943 impossibilia.

172 1948 209 1999 nd
217 1947 309 1999 tertium
318 1949 447 2011 dicendum,
456 1948 516 2013 quod
527 1950 686 2000 mathematica
698 1949 841 2013 accipiuntur
849 1957 877 2003 ut
887 1954 936 2003 ahs·

140 2021 211 2070 tracta
224 2018 348 2070 secundini
360 2020 486 2084 rationem3
502 2019 553 2071 chm
566 2024 642 2072 tamea
655 2034 701 2071 non
714 2022 761 2072 sint
774 2022 890 2074 abstracta
903 2038 937 2075 se·

141 2090 242 2141 cundum
251 2106 303 2141 esse
312 2106 322 2141 .·
331 2091 454 2154 unicuique
465 2096 539 2143 autem
555 2092 660 2157 competit
672 2092 754 2143 hahere
764 2104 859 2145 causum
868 2108 935 2159 agen·

142 2163 203 2222 tem,
217 2160 339 2211 secunddm
349 2160 410 2225 quod
421 2162 491 2212 hahet
504 2175 572 2211 erm:
584 2160 637 2213 lictt
651 2161 720 2225 igitur
730 2175 758 2213 ca
767 2176 820 2225 quae
829 2170 885 2215 sunt
893 2178 938 2215 ma·
981 2188 982 2219 ;

141 2232 278 2292 thematiea,
297 2233 394 2283 hnheam
407 2246 497 2283 causam
518 2236 636 2299 agentem,
649 2246 696 2284 nou
720 2237 796 2285 tamen
815 2237 938 2287 secundhm
981 2236 982 2251 ²

142 2302 295 2354 habitudinem
311 2316 378 2367 quam
394 2305 478 2355 hubent
497 2306 525 2355 ad
543 2318 635 2355 causam
650 2306 774 2368 agentem,
795 2308 880 2357 cadunt
899 2308 939 2359 suh

144 2373 323 2425 musiderationo
336 2376 490 2426 mathematici
505 2392 511 2426 :
526 2380 550 2427 ct
562 2376 613 2427 ideo
625 2376 650 2425 in
662 2374 766 2427 scientiis
774 2379 939 2430 mathematicis
981 2414 982 2435 2

144 2455 192 2495 uon
203 2444 366 2497 demonstratur
375 2446 459 2511 ahquid
472 2460 513 2512 per
526 2459 617 2499 causam
627 2450 740 2513 agonem.
