1992 3342
157 169 202 216 att
354 181 414 217 rans
427 179 446 230 ι,
459 181 551 224 oumsn.
567 181 623 229 arx,
639 179 694 216 nnn,
709 181 753 218 vn.

154 257 246 308 virtutis
270 253 399 320 appetitiva
415 260 450 307 est
470 256 588 306 ordinatus
604 255 632 306 ad
647 269 685 306 res
700 255 826 306 aeounotbm
847 259 904 322 qubd
919 255 936 304 io

155 328 236 394 seipsis
247 331 307 377 sont.
324 325 436 389 Quicquid
450 331 526 377 autem
541 330 616 391 potest
631 327 717 377 habero
731 327 844 378 rationem
854 332 941 379 antioot

155 404 226 457 oeni,
243 404 315 451 totum
329 403 365 450 est
379 399 507 451 virtualiter
521 401 545 450 in
556 402 617 464 Duo,
632 401 732 452 sednon
750 405 823 451 totum
838 402 940 454 existitis

154 471 382 523 resuscitatum
403 471 472 535 idoo,
494 473 555 524 bons
576 471 692 534 cognoscit
714 485 781 522 omne
798 485 894 539 vorum,
908 489 941 524 nou

155 547 232 593 antem
244 543 294 593 volt
311 555 378 593 omne
393 543 497 607 bonum,
516 543 561 594 nisi
581 543 606 593 iu
620 548 731 608 qnantum
750 545 801 594 uult
814 558 853 609 se,
868 545 895 597 iu
910 560 942 610 quo

156 613 283 664 virtualiter
297 628 365 664 omno
383 615 469 665 bonum
484 615 572 666 existit.
787 661 792 672 ,

187 685 222 736 ld
230 684 324 735 tertium
334 685 455 736 dicendum
462 723 470 749 ,
484 685 545 750 qubd
557 699 626 736 eausa
639 685 781 750 primatum
795 689 872 752 potest
884 689 943 753 inuo-

157 755 201 807 diri
214 755 228 806 t
240 770 281 806 suo
294 757 377 808 ellectu
399 771 440 822 por
454 759 568 808 detentum
581 771 653 808 oausae
669 759 790 820 seeundo,
803 761 898 822 quando
910 773 944 809 non

157 831 193 876 est
206 827 366 878 universaliter
379 829 453 891 prima
465 829 508 878 sub
518 841 543 880 so
554 839 635 878 omnes
645 841 726 878 causas
739 831 942 893 comprehendero

158 899 211 962 quia
218 898 251 948 sio
259 898 355 950 ollootus
363 900 425 950 nullo
435 900 585 963 monopotost
594 899 645 964 ojus
653 899 757 950 ordinem
768 900 876 952 eoadem.
888 904 913 952 ln
922 901 945 949 sio

157 973 193 1020 est
207 970 235 1019 ote
248 971 366 1021 uoluntate
379 972 434 1036 boi,
445 975 472 1022 ut
485 971 572 1030 dictum
586 973 631 1022 est.
874 981 878 990 “

448 1123 606 1174 nantelinus
618 1123 668 1173 vll,

337 1247 424 1292 Utrotm
433 1248 545 1292 volontas
555 1248 601 1292 Dei
610 1247 641 1292 sit
651 1245 783 1295 mutabitis.

186 1376 221 1426 Ad
230 1375 351 1440 septimum
365 1373 398 1426 sio
412 1373 543 1438 procuditur
556 1372 599 1440 (t).
616 1375 711 1424 Videtur
727 1373 788 1438 qobd
801 1375 904 1426 voluntas
916 1375 948 1424 bet

156 1447 186 1497 sit
198 1446 323 1497 mutabilis.
338 1446 398 1498 [tioit
411 1447 473 1496 enim
489 1445 613 1509 Dominus,
627 1450 694 1504 Gon„
707 1447 738 1494 vt
754 1462 760 1495 :
776 1463 790 1494 ιι
804 1447 903 1497 Poenitat
917 1460 949 1495 no*

156 1517 238 1568 iecisse
260 1518 386 1568 bominem.
401 1534 416 1563 »
437 1517 483 1567 Sed
502 1530 661 1582 quemcunque
680 1517 779 1581 pmoitet
799 1519 828 1568 do
847 1533 874 1570 oo
897 1518 949 1582 quot

157 1588 230 1651 tecit,
242 1589 312 1638 habet
331 1588 464 1639 mutabilem
480 1590 623 1639 uoluntatem
637 1603 642 1637 :
658 1601 712 1652 ergo
730 1587 790 1638 bons
804 1589 873 1640 babet
884 1593 950 1638 mulu-

158 1659 228 1708 bilom
240 1659 392 1710 voluntatem.
659 1704 666 1726 ,
730 1707 734 1714 ,

192 1734 215 1778 2.
229 1731 352 1793 Promona,
363 1731 496 1791 Ieremiae,
508 1731 589 1795 xvtn,
601 1744 631 1782 ex
643 1745 740 1796 persona
753 1731 844 1782 Domini
855 1731 934 1782 dieitur
947 1746 951 1774 :

161 1817 176 1846 a
187 1801 275 1863 loquar
289 1801 398 1852 advorsis
411 1805 505 1864 gentem
518 1806 542 1853 ot
555 1801 663 1858 adramis
678 1816 784 1866 regnum,
798 1802 962 1860 utorarlioom.1

161 1873 185 1920 ot
198 1871 328 1936 destruam,
342 1877 367 1922 ot
384 1871 514 1936 disperdam
534 1871 607 1937 illml;
624 1875 664 1924 sod
679 1872 699 1924 si
713 1874 875 1938 poeuitontiam
887 1869 962 1936 egomt

162 1942 285 2007 gonsillal
294 1945 353 1995 malo
363 1958 415 2008 suo,
424 1958 491 2007 agam
501 1947 525 1994 ot
535 1943 746 2008 egopmnitoutiam
755 1944 891 2010 supermalo
900 1941 962 2010 quoti

161 2014 263 2136 &Stant
275 2020 301 2066 ut
312 2016 412 2066 iacerem
426 2016 448 2066 ei
461 2032 466 2065 :
481 2032 495 2063 o
511 2029 565 2078 ergo
576 2017 637 2066 lleus
649 2015 719 2066 babet
732 2017 868 2068 mutabilem
880 2016 954 2066 uoluu-

194 2100 354 2221 3flll3raetoroa,
366 2157 473 2222 quioquid
483 2159 544 2208 bens
556 2156 621 2221 iacit,
635 2157 763 2208 uoluntarii
771 2158 836 2210 lacit.
846 2161 891 2211 Set
903 2159 962 2226 boun

161 2241 209 2277 non
226 2242 317 2293 sempor
338 2231 417 2280 eadem
436 2228 510 2292 faoit3
530 2243 582 2280 nam
598 2229 734 2294 quandoque
753 2231 866 2296 praeoepit
881 2231 962 2292 legatio

161 2298 287 2418 gabauan,
297 2303 433 2364 quandoque
444 2300 570 2365 prohibuit.
583 2301 642 2364 Ergo
656 2301 726 2350 babet
735 2302 872 2354 mutabilem
882 2301 959 2352 nolon-

163 2472 169 2480 ·
194 2443 217 2489 t.
232 2406 348 2493 moleret
355 2480 364 2506 ‚
382 2446 441 2495 bens
453 2458 501 2496 uon
515 2458 544 2496 ox
557 2442 695 2496 necessitate
713 2443 763 2496 uult
780 2443 843 2508 quod
857 2443 917 2506 uolt,
939 2457 960 2490 u

162 2523 230 2573 supra
244 2510 329 2562 dictum
343 2517 377 2565 ost
390 2515 447 2582 (art.
467 2513 529 2580 13);
551 2529 605 2578 ergo
623 2517 699 2579 potos
720 2515 779 2566 velle
792 2519 818 2568 et
837 2529 887 2566 nou
904 2515 962 2586 uetat

161 2580 230 2630 idem.
244 2581 290 2633 Sel
301 2597 368 2636 omne
378 2587 438 2650 quod
449 2588 519 2638 habet
531 2585 659 2652 potentiam
669 2588 698 2637 ad
708 2585 827 2652 opposita,
840 2591 876 2639 est
890 2587 962 2646 mutot

162 2653 225 2703 bile:
241 2653 300 2705 siout
312 2659 372 2721 quod
385 2662 461 2723 potest
475 2671 525 2710 osse
539 2663 563 2709 et
577 2669 623 2710 nou
637 2671 698 2723 esso,
711 2663 746 2709 est
759 2658 872 2710 mutabile
884 2647 962 2708 secur-,¹

197 2773 229 2836 (1)
244 2778 276 2820 lta
292 2777 328 2822 bis
348 2779 417 2824 otiam
431 2781 458 2834 1,
474 2778 553 2830 scot,
565 2773 619 2824 nist.
635 2748 677 2838 39]
690 2791 729 2836 qu.
744 2779 767 2839 1,
782 2787 827 2828 art.
844 2779 869 2836 1,
882 2790 932 2822 ror.
946 2791 957 2816 o

166 2841 196 2886 orl
207 2841 222 2884 3
235 2845 260 2884 et
273 2839 303 2893 ὃς
318 2845 343 2884 ot
352 2843 372 2900 1,
389 2842 459 2887 Goon.
471 2841 552 2890 Geni„
562 2842 604 2887 lib.
621 2842 644 2894 1,
657 2855 708 2900 cop.
722 2842 767 2896 δὴ
782 2851 807 2888 et
821 2844 838 2888 Ι.
851 2844 877 2900 2,
889 2854 909 2885 r.
927 2837 962 2896 ‘bil

166 2903 190 2960 b,
212 2911 236 2948 ot
246 2904 287 2947 lib.
303 2901 326 2962 3,
341 2914 363 2945 o.
378 2902 417 2963 91,
432 2911 456 2948 et
470 2903 517 2964 98,
533 2903 556 2964 su,
571 2910 593 2948 rt
606 2909 694 2960 potunt.
707 2917 730 2960 q.
743 2905 766 2964 3,
780 2911 824 2950 nrt.
841 2903 882 2962 15,
898 2903 921 2946 ’1.
