1992 3342
351 252 383 289 nn
400 250 509 288 seranna
525 252 573 289 oni.
815 246 861 293 att

55 331 130 378 notens
140 328 280 391 quantitatis
291 332 328 379 est
341 329 397 379 ordo
408 328 515 392 partium
524 330 665 391 Cognoscme
681 342 735 391 ergo
748 330 861 381 infinitum

55 398 180 447 secundnm
191 399 288 455 modum
295 398 395 462 infiniti,
407 402 444 449 est
454 411 590 461 cognoscere
602 404 689 462 partem
701 404 753 463 post
763 405 861 467 partem,

54 469 119 519 etsie
133 470 201 519 nullo
216 470 285 520 modo
301 470 415 531 contingit
432 470 537 531 cognosci
552 469 678 533 infinitum,
694 471 747 535 quie
767 476 862 536 manu-

56 555 144 605 cunque
158 540 280 605 quantitas
292 542 393 605 partinm
406 540 545 604 accipiatur,
556 554 646 605 semper
661 546 765 593 remanet
777 544 862 608 aliquid

55 616 115 662 extra
128 612 302 676 accipiendum,
316 614 377 663 Dens
392 614 471 662 autem
487 626 532 663 non
548 613 581 663 sic
601 613 718 677 cognoscit
731 614 860 677 infinitum,

54 684 89 731 rel
102 684 198 734 infinite
210 684 278 747 qnasi
293 684 450 735 enumerando
463 687 552 745 partem
568 686 618 747 post
631 688 720 747 partem
726 722 735 748 ‚
745 699 797 735 cum
809 698 861 747 coq-

57 760 132 804 nosest
145 755 227 805 omnia
239 754 309 805 sinum
317 769 364 805 non
373 753 516 817 succesmve,
525 758 551 803 nt
562 752 629 817 supr‘e
640 754 724 805 dictum
736 759 779 805 est.
797 757 861 806 Unde

56 824 111 873 nihii
122 826 233 889 prohibet
245 825 324 888 ipsum
339 837 478 888 cognoscere
490 824 587 875 infinita.

85 897 119 945 tn
134 897 264 946 secundnm
283 896 420 957 mendum,
434 893 494 959 quod
509 895 613 946 transit-io
626 896 734 960 importat
749 898 861 961 quandam

59 968 223 1017 successionem
234 968 260 1017 in
270 967 385 1031 partibus.
395 968 423 1015 Et
436 967 490 1016 inde
504 971 551 1029 est,
566 966 626 1031 qnod
641 968 755 1017 infinitum
770 968 861 1017 transiri

60 1051 106 1086 non
113 1043 197 1102 potest,
212 1053 290 1103 neque
303 1038 317 1087 a
328 1038 403 1102 finito,
417 1052 491 1101 neque
503 1039 531 1088 ab
540 1038 638 1089 infinito.
650 1040 696 1089 Sed
709 1040 738 1089 ad
750 1039 862 1090 renonem

62 1110 270 1171 comprehensionis
281 1110 367 1160 sufficit
376 1110 517 1172 adequati03
532 1109 585 1173 quia
595 1110 619 1159 id
633 1111 795 1173 comprehendi
808 1109 863 1159 dici-

63 1183 117 1241 tnr,
132 1180 195 1244 cnjus
210 1182 271 1231 nihil
292 1185 329 1231 est
348 1185 414 1230 extra
431 1181 670 1243 comprehendentem.
685 1182 749 1232 Unde
766 1195 812 1231 non
829 1185 864 1231 est

63 1254 140 1301 cont-n
149 1253 261 1303 rationem
271 1252 372 1314 infiniti,
388 1250 450 1314 quod
463 1250 667 1313 comprehendatur
677 1252 706 1300 ab
721 1251 818 1301 infinito.
834 1253 861 1301 nt

61 1323 92 1371 sic
100 1325 159 1387 quod
169 1324 194 1373 in
204 1339 229 1374 se
245 1328 281 1374 est
295 1323 423 1384 infinitum,
434 1325 509 1384 potest
520 1321 565 1371 dici
577 1321 666 1371 initum
682 1321 782 1373 scientie
802 1323 862 1386 Dei,

60 1401 166 1459 tanquam
186 1397 398 1460 comprehensum,
416 1398 558 1443 nontamen
575 1396 683 1456 tunquam
696 1393 862 1457 pertransibile.

89 1467 123 1517 td
130 1466 228 1518 tertium
242 1467 381 1529 dicendum,
395 1464 457 1531 quod
466 1464 562 1514 scientia
572 1464 612 1515 Dei
625 1468 661 1513 est
674 1478 780 1513 mensura
790 1477 865 1513 rerum

61 1555 105 1591 non
126 1540 298 1604 quantitative,
320 1552 366 1602 qna
384 1537 476 1601 quidun
494 1550 600 1586 mensura
616 1539 693 1585 carent
706 1534 809 1597 infinita,
826 1536 865 1585 sed

59 1627 101 1674 qua
113 1615 236 1664 mensurat
249 1610 374 1661 mentam
388 1613 412 1658 et
424 1608 543 1658 veritatem
559 1608 601 1657 rei.
616 1608 794 1670 Unumquodque
804 1606 865 1656 enim

60 1685 183 1734 intantum
198 1682 273 1732 habet
285 1682 314 1731 de
327 1680 425 1730 veritate
437 1694 483 1729 suae
495 1683 581 1729 naturae
588 1716 596 1742 ‚
604 1678 628 1728 in
641 1683 751 1742 qnantum
764 1676 866 1728 imitatur

59 1757 99 1805 Dei
114 1755 239 1807 scientiam
255 1754 335 1815 :sicut
348 1751 507 1811 artificiatum,
517 1751 541 1801 in
556 1754 665 1815 quantum
677 1752 799 1801 concordat
812 1750 864 1800 arti.

60 1829 115 1877 nate
125 1832 207 1879 antem
221 1825 284 1889 quod
299 1828 376 1874 essent
392 1823 468 1885 aliqua
483 1822 572 1873 infinita
585 1826 638 1873 actu
649 1824 773 1873 secundum
786 1834 866 1870 nume-

60 1914 119 1962 rum,
133 1898 192 1963 puta
205 1895 294 1945 iniiniti
305 1894 429 1956 homines3
443 1894 480 1944 vel
492 1894 617 1944 secundum
630 1894 779 1957 quantitatem
793 1890 867 1941 conti-

60 1987 140 2035 nuam,
150 1976 178 2021 ut
189 1970 212 2020 si
221 1972 285 2019 esset
291 1981 331 2018 aer
337 1966 442 2017 infinitus
450 1964 485 2030 (nt
491 1966 583 2028 quidam
590 1965 679 2027 antiqui
688 1963 807 2025 dixerunt)
818 1962 865 2025 (tp

60 2050 135 2095 tamen
151 2040 306 2093 manifestum
325 2044 360 2089 est
377 2039 437 2102 quod
454 2038 567 2087 haberent
587 2050 639 2086 erse
653 2034 829 2084 determinatum
845 2037 868 2083 et

60 2115 165 2177 initum,
181 2112 241 2177 qnia
254 2126 310 2161 esse
320 2122 400 2160 eorum
414 2111 474 2159 esset
486 2106 608 2157 limitatum
622 2106 650 2155 ad
663 2105 749 2167 aliquas
763 2103 868 2153 determi-

62 2192 123 2237 mes
143 2190 252 2237 naturas.
266 2182 332 2233 Unde
346 2178 509 2231 mensurabilia
523 2180 599 2243 essent
612 2176 736 2227 secundum
751 2174 869 2225 scientiam

61 2258 106 2306 [tei.

349 2334 506 2384 inmensus
522 2332 582 2381 iiiii.

127 2464 220 2508 Utrirm
235 2460 338 2505 scientia
351 2458 397 2503 Dei
411 2458 443 2501 rit
452 2459 594 2512 lecturorum
608 2454 802 2509 coniinqerttium.

89 2594 124 2643 Ari
135 2590 260 2642 decimum
271 2586 366 2637 tertium
375 2584 545 2649 sic-proceditur
554 2581 597 2648 (t).
604 2581 696 2631 Videtur
707 2576 766 2643 qnod
777 2576 870 2657 scientia

65 2664 101 2713 oei
109 2678 158 2715 non
171 2662 207 2712 sit
216 2660 351 2709 futurorum
361 2654 552 2717 contingentium.
563 2657 581 2704 t
594 2665 662 2703 causa
671 2650 733 2701 enim
743 2660 871 2701 necessum

93 2782 124 2843 (1)
134 2782 207 2841 Apud
224 2778 379 2826 Aristotelem
388 2776 431 2821 tib.
442 2776 485 2833 111,
493 2774 603 2831 Piryu'c„
611 2777 667 2817 tent.
678 2770 718 2828 60,
730 2769 778 2814 sive
789 2780 841 2821 cap.
848 2764 872 2808 6.

97 2854 176 2914 121119
191 2854 233 2899 his
253 2850 327 2896 etiam
341 2848 417 2907 inita,
432 2860 471 2903 qn.
487 2846 531 2904 86,
544 2851 588 2891 ert.
605 2844 656 2889 tet
670 2847 716 2887 art.
734 2838 761 2891 ἐς
778 2842 802 2881 nt
815 2842 838 2880 et
848 2836 872 2888 1,

66 2917 139 2967 Sese..
155 2918 215 2963 dist.
233 2913 279 2970 38,
298 2918 343 2957 ert.
356 2911 386 2964 ὃς
401 2916 426 2955 et
443 2909 511 2954 Ceut.
528 2908 608 2956 Geni„
625 2906 666 2950 lib.
678 2906 702 2961 i,
720 2913 772 2955 cap.
792 2896 835 2949 ⁶7³
852 2900 875 2936 ⁰²

68 2993 104 3035 qu.
117 2982 143 3037 2,
157 2981 185 3024 ‹ie
201 2977 288 3034 verit,
299 2980 343 3018 ert.
357 2972 401 3032 12,
414 2978 438 3017 et
448 2970 536 3027 Quadi.
548 2968 586 3025 ta,
600 2980 638 3023 qu.
654 2966 677 3011 3,
856 2969 859 2973 ’
