<?xml version="1.0" encoding="UTF-8"?>
<!DOCTYPE html PUBLIC "-//W3C//DTD XHTML 1.0 Transitional//EN"
    "http://www.w3.org/TR/xhtml1/DTD/xhtml1-transitional.dtd">
<html xmlns="http://www.w3.org/1999/xhtml" xml:lang="en" lang="en">
 <head>
  <title>
</title>
<meta http-equiv="Content-Type" content="text/html;charset=utf-8" />
  <meta name='ocr-system' content='tesseract 3.04.00' />
  <meta name='ocr-capabilities' content='ocr_page ocr_carea ocr_par ocr_line ocrx_word'/>
</head>
<body>
  <div class='ocr_page' id='page_1' title='image "./summatheologica04nicogoog_0569.png"; bbox 0 0 1992 3342; ppageno 0'>
   <div class='ocr_carea' id='block_1_1' title="bbox 142 193 826 260">
    <p class='ocr_par' dir='ltr' id='par_1_1' title="bbox 142 193 826 260">
     <span class='ocr_line' id='line_1_1' title="bbox 142 193 826 260; baseline -0.003 -13"><span class='ocrx_word' id='word_1_1' title='bbox 142 193 187 247; x_wconf 74' lang='lat' dir='ltr'>tot</span> <span class='ocrx_word' id='word_1_2' title='bbox 317 208 377 248; x_wconf 83' lang='lat' dir='ltr'>rrns</span> <span class='ocrx_word' id='word_1_3' title='bbox 393 206 416 257; x_wconf 88' lang='lat' dir='ltr'>r,</span> <span class='ocrx_word' id='word_1_4' title='bbox 432 204 524 256; x_wconf 74' lang='lat' dir='ltr'>onesi.</span> <span class='ocrx_word' id='word_1_5' title='bbox 541 209 627 260; x_wconf 81' lang='lat' dir='ltr'>xxxix,</span> <span class='ocrx_word' id='word_1_6' title='bbox 646 208 701 247; x_wconf 80' lang='lat' dir='ltr'>nnn.</span> <span class='ocrx_word' id='word_1_7' title='bbox 718 203 761 246; x_wconf 83' lang='lat' dir='ltr'>en.</span> <span class='ocrx_word' id='word_1_8' title='bbox 822 205 826 213; x_wconf 92' lang='lat'><em>·</em></span> 
     </span>
    </p>
   </div>
   <div class='ocr_carea' id='block_1_2' title="bbox 141 282 946 2059">
    <p class='ocr_par' dir='ltr' id='par_1_2' title="bbox 141 282 945 1057">
     <span class='ocr_line' id='line_1_2' title="bbox 173 282 942 353; baseline -0.003 -16"><span class='ocrx_word' id='word_1_9' title='bbox 173 287 307 351; x_wconf 83' lang='lat' dir='ltr'>Respondeo</span> <span class='ocrx_word' id='word_1_10' title='bbox 324 286 458 349; x_wconf 77' lang='lat' dir='ltr'>dicendum,</span> <span class='ocrx_word' id='word_1_11' title='bbox 470 286 534 353; x_wconf 79' lang='lat' dir='ltr'>quod</span> <span class='ocrx_word' id='word_1_12' title='bbox 551 286 621 349; x_wconf 76' lang='lat' dir='ltr'>(siout</span> <span class='ocrx_word' id='word_1_13' title='bbox 632 284 681 351; x_wconf 81' lang='lat' dir='ltr'>jorn</span> <span class='ocrx_word' id='word_1_14' title='bbox 702 284 790 337; x_wconf 87' lang='lat' dir='ltr'>dictum</span> <span class='ocrx_word' id='word_1_15' title='bbox 805 285 857 351; x_wconf 88' lang='grc' dir='ltr'><strong>εει)</strong></span> <span class='ocrx_word' id='word_1_16' title='bbox 865 324 873 351; x_wconf 83' lang='grc'><strong><em>,</em></strong></span> <span class='ocrx_word' id='word_1_17' title='bbox 886 282 942 335; x_wconf 78' lang='lat' dir='ltr'>lieet</span> 
     </span>
     <span class='ocr_line' id='line_1_3' title="bbox 141 356 944 423; baseline -0.002 -14"><span class='ocrx_word' id='word_1_18' title='bbox 141 358 233 409; x_wconf 82' lang='lat' dir='ltr'>nonina</span> <span class='ocrx_word' id='word_1_19' title='bbox 245 358 373 423; x_wconf 77' lang='lat' dir='ltr'>personalia</span> <span class='ocrx_word' id='word_1_20' title='bbox 385 358 422 408; x_wconf 87' lang='lat' dir='ltr'>vet</span> <span class='ocrx_word' id='word_1_21' title='bbox 436 357 561 409; x_wconf 84' lang='lat' dir='ltr'>noii&#39;onatia</span> <span class='ocrx_word' id='word_1_22' title='bbox 574 356 687 421; x_wconf 79' lang='lat' dir='ltr'>adjective</span> <span class='ocrx_word' id='word_1_23' title='bbox 697 370 744 407; x_wconf 92' lang='lat' dir='ltr'>non</span> <span class='ocrx_word' id='word_1_24' title='bbox 757 358 849 421; x_wconf 83' lang='lat' dir='ltr'><strong>possint</strong></span> <span class='ocrx_word' id='word_1_25' title='bbox 863 359 944 423; x_wconf 82' lang='lat' dir='ltr'>proedi-</span> 
     </span>
     <span class='ocr_line' id='line_1_4' title="bbox 141 429 942 495; baseline -0.004 -14"><span class='ocrx_word' id='word_1_26' title='bbox 141 431 188 481; x_wconf 85' lang='lat' dir='ltr'>enri</span> <span class='ocrx_word' id='word_1_27' title='bbox 205 432 233 481; x_wconf 85' lang='lat' dir='ltr'>de</span> <span class='ocrx_word' id='word_1_28' title='bbox 251 429 363 493; x_wconf 78' lang='lat' dir='ltr'>essentia,</span> <span class='ocrx_word' id='word_1_29' title='bbox 374 434 451 481; x_wconf 77' lang='lat' dir='ltr'>temen</span> <span class='ocrx_word' id='word_1_30' title='bbox 468 430 611 481; x_wconf 56' lang='lat' dir='ltr'>sonantior</span> <span class='ocrx_word' id='word_1_31' title='bbox 625 431 730 495; x_wconf 87' lang='lat' dir='ltr'>possunt,</span> <span class='ocrx_word' id='word_1_32' title='bbox 745 434 841 495; x_wconf 88' lang='lat' dir='ltr'>propter</span> <span class='ocrx_word' id='word_1_33' title='bbox 859 431 942 480; x_wconf 79' lang='lat' dir='ltr'>reaten</span> 
     </span>
     <span class='ocr_line' id='line_1_5' title="bbox 141 498 944 567; baseline -0.001 -14"><span class='ocrx_word' id='word_1_34' title='bbox 141 504 283 554; x_wconf 82' lang='lat' dir='ltr'>itentitotem</span> <span class='ocrx_word' id='word_1_35' title='bbox 293 503 398 554; x_wconf 78' lang='lat' dir='ltr'>essentie</span> <span class='ocrx_word' id='word_1_36' title='bbox 409 507 433 553; x_wconf 90' lang='lat' dir='ltr'>et</span> <span class='ocrx_word' id='word_1_37' title='bbox 439 516 551 567; x_wconf 82' lang='lat' dir='ltr'>persone.</span> <span class='ocrx_word' id='word_1_38' title='bbox 559 501 664 553; x_wconf 81' lang='lat' dir='ltr'>Essentia</span> <span class='ocrx_word' id='word_1_39' title='bbox 673 505 749 552; x_wconf 84' lang='lat' dir='ltr'>autern</span> <span class='ocrx_word' id='word_1_40' title='bbox 761 498 841 552; x_wconf 83' lang='lat' dir='ltr'>diuiia</span> <span class='ocrx_word' id='word_1_41' title='bbox 853 514 900 551; x_wconf 95' lang='lat' dir='ltr'>non</span> <span class='ocrx_word' id='word_1_42' title='bbox 909 516 944 553; x_wconf 88' lang='lat' dir='ltr'>so-</span> 
     </span>
     <span class='ocr_line' id='line_1_6' title="bbox 141 574 943 641; baseline -0.002 -16"><span class='ocrx_word' id='word_1_43' title='bbox 141 576 188 625; x_wconf 84' lang='lat' dir='ltr'>tinp</span> <span class='ocrx_word' id='word_1_44' title='bbox 201 575 263 625; x_wconf 87' lang='lat' dir='ltr'>idem</span> <span class='ocrx_word' id='word_1_45' title='bbox 278 579 313 625; x_wconf 86' lang='grc' dir='ltr'>εει</span> <span class='ocrx_word' id='word_1_46' title='bbox 321 575 414 625; x_wconf 76' lang='lat' dir='ltr'>realiter</span> <span class='ocrx_word' id='word_1_47' title='bbox 424 589 475 625; x_wconf 81' lang='lat' dir='ltr'>enni</span> <span class='ocrx_word' id='word_1_48' title='bbox 486 587 532 624; x_wconf 85' lang='lat' dir='ltr'>une</span> <span class='ocrx_word' id='word_1_49' title='bbox 541 585 651 641; x_wconf 82' lang='lat' dir='ltr'>persone,</span> <span class='ocrx_word' id='word_1_50' title='bbox 664 574 766 624; x_wconf 81' lang='lat' dir='ltr'>seiour&#39;n</span> <span class='ocrx_word' id='word_1_51' title='bbox 778 574 851 625; x_wconf 75' lang='lat' dir='ltr'>trihus</span> <span class='ocrx_word' id='word_1_52' title='bbox 864 592 871 624; x_wconf 77' lang='grc' dir='ltr'>ι</span> <span class='ocrx_word' id='word_1_53' title='bbox 885 576 943 624; x_wconf 84' lang='lat' dir='ltr'>unde</span> 
     </span>
     <span class='ocr_line' id='line_1_7' title="bbox 142 641 943 711; baseline -0.002 -15"><span class='ocrx_word' id='word_1_54' title='bbox 142 652 165 696; x_wconf 89' lang='grc' dir='ltr'>ει</span> <span class='ocrx_word' id='word_1_55' title='bbox 174 660 219 696; x_wconf 80' lang='lat' dir='ltr'>nna</span> <span class='ocrx_word' id='word_1_56' title='bbox 228 660 340 711; x_wconf 85' lang='lat' dir='ltr'>persona,</span> <span class='ocrx_word' id='word_1_57' title='bbox 353 641 377 697; x_wconf 80' lang='lat' dir='ltr'>&#39;et</span> <span class='ocrx_word' id='word_1_58' title='bbox 386 648 454 710; x_wconf 79' lang='lat' dir='ltr'>dne,</span> <span class='ocrx_word' id='word_1_59' title='bbox 466 648 489 696; x_wconf 89' lang='lat' dir='ltr'>et</span> <span class='ocrx_word' id='word_1_60' title='bbox 497 650 546 696; x_wconf 85' lang='lat' dir='ltr'>tres</span> <span class='ocrx_word' id='word_1_61' title='bbox 553 649 652 711; x_wconf 82' lang='lat' dir='ltr'>posenni</span> <span class='ocrx_word' id='word_1_62' title='bbox 662 646 689 695; x_wconf 83' lang='lat' dir='ltr'>tie</span> <span class='ocrx_word' id='word_1_63' title='bbox 700 644 799 696; x_wconf 77' lang='lat' dir='ltr'>essentia</span> <span class='ocrx_word' id='word_1_64' title='bbox 808 646 943 709; x_wconf 66' lang='lat' dir='ltr'>praedicari,</span> 
     </span>
     <span class='ocr_line' id='line_1_8' title="bbox 141 717 943 781; baseline -0.002 -12"><span class='ocrx_word' id='word_1_65' title='bbox 141 723 167 769; x_wconf 86' lang='lat' dir='ltr'>nt</span> <span class='ocrx_word' id='word_1_66' title='bbox 179 719 199 769; x_wconf 88' lang='lat' dir='ltr'>si</span> <span class='ocrx_word' id='word_1_67' title='bbox 207 718 324 769; x_wconf 79' lang='lat' dir='ltr'>dioennrs:</span> <span class='ocrx_word' id='word_1_68' title='bbox 341 737 355 767; x_wconf 81' lang='lat' dir='ltr'>rr</span> <span class='ocrx_word' id='word_1_69' title='bbox 370 720 475 769; x_wconf 81' lang='lat' dir='ltr'>Fssentia</span> <span class='ocrx_word' id='word_1_70' title='bbox 488 723 523 769; x_wconf 87' lang='grc' dir='ltr'>εει</span> <span class='ocrx_word' id='word_1_71' title='bbox 535 720 602 769; x_wconf 81' lang='lat' dir='ltr'>Pater</span> <span class='ocrx_word' id='word_1_72' title='bbox 613 721 637 768; x_wconf 86' lang='grc' dir='ltr'>ει</span> <span class='ocrx_word' id='word_1_73' title='bbox 648 717 718 767; x_wconf 82' lang='lat' dir='ltr'>Filius</span> <span class='ocrx_word' id='word_1_74' title='bbox 729 721 753 767; x_wconf 88' lang='grc' dir='ltr'>ει</span> <span class='ocrx_word' id='word_1_75' title='bbox 766 717 869 781; x_wconf 81' lang='lat' dir='ltr'>Spiritus</span> <span class='ocrx_word' id='word_1_76' title='bbox 880 732 943 769; x_wconf 79' lang='lat' dir='ltr'>sune-</span> 
     </span>
     <span class='ocr_line' id='line_1_9' title="bbox 142 787 945 854; baseline 0 -15"><span class='ocrx_word' id='word_1_77' title='bbox 142 795 187 840; x_wconf 87' lang='lat' dir='ltr'>tus.</span> <span class='ocrx_word' id='word_1_78' title='bbox 199 806 213 837; x_wconf 88' lang='lat' dir='ltr'>n</span> <span class='ocrx_word' id='word_1_79' title='bbox 231 792 259 839; x_wconf 85' lang='lat' dir='ltr'>Et</span> <span class='ocrx_word' id='word_1_80' title='bbox 272 789 324 852; x_wconf 83' lang='lat' dir='ltr'>qnia</span> <span class='ocrx_word' id='word_1_81' title='bbox 338 792 383 840; x_wconf 86' lang='lat' dir='ltr'>hoe</span> <span class='ocrx_word' id='word_1_82' title='bbox 393 795 486 852; x_wconf 74' lang='lat' dir='ltr'>nornen,</span> <span class='ocrx_word' id='word_1_83' title='bbox 498 790 629 852; x_wconf 39' lang='lat' dir='ltr'>Deeefper</span> <span class='ocrx_word' id='word_1_84' title='bbox 639 802 663 839; x_wconf 88' lang='lat' dir='ltr'>se</span> <span class='ocrx_word' id='word_1_85' title='bbox 675 789 746 837; x_wconf 84' lang='lat' dir='ltr'>hahet</span> <span class='ocrx_word' id='word_1_86' title='bbox 758 787 820 852; x_wconf 86' lang='lat' dir='ltr'>quod</span> <span class='ocrx_word' id='word_1_87' title='bbox 831 794 945 854; x_wconf 82' lang='lat' dir='ltr'>supponet</span> 
     </span>
     <span class='ocr_line' id='line_1_10' title="bbox 141 860 944 926; baseline 0 -15"><span class='ocrx_word' id='word_1_88' title='bbox 141 876 183 926; x_wconf 84' lang='lat' dir='ltr'>pro</span> <span class='ocrx_word' id='word_1_89' title='bbox 195 861 294 912; x_wconf 84' lang='lat' dir='ltr'>essentia</span> <span class='ocrx_word' id='word_1_90' title='bbox 306 862 348 925; x_wconf 85' lang='lat' dir='ltr'>(ut</span> <span class='ocrx_word' id='word_1_91' title='bbox 359 862 444 912; x_wconf 82' lang='lat' dir='ltr'>dietum</span> <span class='ocrx_word' id='word_1_92' title='bbox 453 861 514 925; x_wconf 78' lang='grc' dir='ltr'><strong>εει),</strong></span> <span class='ocrx_word' id='word_1_93' title='bbox 522 860 574 911; x_wconf 87' lang='lat' dir='ltr'>ideo</span> <span class='ocrx_word' id='word_1_94' title='bbox 583 860 642 911; x_wconf 84' lang='lat' dir='ltr'>sieut</span> <span class='ocrx_word' id='word_1_95' title='bbox 653 861 827 913; x_wconf 76' lang='lat' dir='ltr'>liecestrera:</span> <span class='ocrx_word' id='word_1_96' title='bbox 841 863 944 911; x_wconf 81' lang='lat' dir='ltr'>«Essen-</span> 
     </span>
     <span class='ocr_line' id='line_1_11' title="bbox 141 932 945 997; baseline -0.001 -15"><span class='ocrx_word' id='word_1_97' title='bbox 141 933 174 983; x_wconf 79' lang='lat' dir='ltr'>tie</span> <span class='ocrx_word' id='word_1_98' title='bbox 187 935 221 983; x_wconf 89' lang='lat' dir='ltr'>est</span> <span class='ocrx_word' id='word_1_99' title='bbox 233 936 281 983; x_wconf 86' lang='lat' dir='ltr'>tres</span> <span class='ocrx_word' id='word_1_100' title='bbox 290 946 391 997; x_wconf 80' lang='lat' dir='ltr'>persone</span> <span class='ocrx_word' id='word_1_101' title='bbox 402 953 409 994; x_wconf 82' lang='lat'>3</span> <span class='ocrx_word' id='word_1_102' title='bbox 421 949 434 980; x_wconf 65' lang='grc' dir='ltr'>ι)</span> <span class='ocrx_word' id='word_1_103' title='bbox 445 933 477 982; x_wconf 80' lang='lat' dir='ltr'>iia</span> <span class='ocrx_word' id='word_1_104' title='bbox 489 934 538 982; x_wconf 86' lang='lat' dir='ltr'>iraeo</span> <span class='ocrx_word' id='word_1_105' title='bbox 551 935 587 982; x_wconf 87' lang='grc' dir='ltr'>εει</span> <span class='ocrx_word' id='word_1_106' title='bbox 599 944 670 981; x_wconf 82' lang='lat' dir='ltr'>vern:</span> <span class='ocrx_word' id='word_1_107' title='bbox 688 932 771 981; x_wconf 81' lang='lat' dir='ltr'>«Deus</span> <span class='ocrx_word' id='word_1_108' title='bbox 783 934 818 981; x_wconf 89' lang='lat' dir='ltr'>est</span> <span class='ocrx_word' id='word_1_109' title='bbox 835 936 886 983; x_wconf 86' lang='lat' dir='ltr'>tres</span> <span class='ocrx_word' id='word_1_110' title='bbox 897 946 945 997; x_wconf 89' lang='lat' dir='ltr'>per-</span> 
     </span>
     <span class='ocr_line' id='line_1_12' title="bbox 142 1019 239 1057; baseline -0.031 -1"><span class='ocrx_word' id='word_1_111' title='bbox 142 1019 212 1057; x_wconf 84' lang='lat' dir='ltr'>souae.</span> <span class='ocrx_word' id='word_1_112' title='bbox 225 1023 239 1053; x_wconf 83' lang='lat' dir='ltr'>n</span> 
     </span>
    </p>

    <p class='ocr_par' dir='ltr' id='par_1_3' title="bbox 141 1074 946 1644">
     <span class='ocr_line' id='line_1_13' title="bbox 173 1074 944 1143; baseline 0 -16"><span class='ocrx_word' id='word_1_113' title='bbox 173 1077 319 1141; x_wconf 75' lang='lat' dir='ltr'>inprimunt</span> <span class='ocrx_word' id='word_1_114' title='bbox 332 1092 386 1141; x_wconf 77' lang='lat' dir='ltr'>ergo</span> <span class='ocrx_word' id='word_1_115' title='bbox 399 1077 535 1141; x_wconf 72' lang='lat' dir='ltr'>dicendum,</span> <span class='ocrx_word' id='word_1_116' title='bbox 550 1076 611 1142; x_wconf 77' lang='lat' dir='ltr'>quiid</span> <span class='ocrx_word' id='word_1_117' title='bbox 624 1076 696 1143; x_wconf 86' lang='lat' dir='ltr'>(siout</span> <span class='ocrx_word' id='word_1_118' title='bbox 711 1074 781 1140; x_wconf 70' lang='lat' dir='ltr'>supet</span> <span class='ocrx_word' id='word_1_119' title='bbox 795 1075 886 1129; x_wconf 85' lang='lat' dir='ltr'>dietum</span> <span class='ocrx_word' id='word_1_120' title='bbox 899 1078 944 1138; x_wconf 87' lang='grc' dir='ltr'><strong>εει)</strong></span> 
     </span>
     <span class='ocr_line' id='line_1_14' title="bbox 142 1149 945 1214; baseline 0 -16"><span class='ocrx_word' id='word_1_121' title='bbox 142 1149 187 1200; x_wconf 87' lang='lat' dir='ltr'>hoo</span> <span class='ocrx_word' id='word_1_122' title='bbox 202 1163 296 1214; x_wconf 86' lang='lat' dir='ltr'>nomen,</span> <span class='ocrx_word' id='word_1_123' title='bbox 310 1150 389 1213; x_wconf 72' lang='lat' dir='ltr'>Immo,</span> <span class='ocrx_word' id='word_1_124' title='bbox 406 1162 449 1213; x_wconf 90' lang='lat' dir='ltr'>per</span> <span class='ocrx_word' id='word_1_125' title='bbox 458 1163 483 1199; x_wconf 85' lang='lat' dir='ltr'>se</span> <span class='ocrx_word' id='word_1_126' title='bbox 496 1150 568 1201; x_wconf 80' lang='lat' dir='ltr'>hebet</span> <span class='ocrx_word' id='word_1_127' title='bbox 579 1160 708 1213; x_wconf 71' lang='lat' dir='ltr'>supponere</span> <span class='ocrx_word' id='word_1_128' title='bbox 724 1158 767 1211; x_wconf 90' lang='lat' dir='ltr'>pro</span> <span class='ocrx_word' id='word_1_129' title='bbox 777 1155 880 1212; x_wconf 73' lang='lat' dir='ltr'>perenna</span> <span class='ocrx_word' id='word_1_130' title='bbox 889 1188 898 1214; x_wconf 90' lang='lat'><em>‚</em></span> <span class='ocrx_word' id='word_1_131' title='bbox 907 1150 945 1199; x_wconf 85' lang='grc' dir='ltr'>εει</span> 
     </span>
     <span class='ocr_line' id='line_1_15' title="bbox 141 1216 945 1285; baseline 0.004 -16"><span class='ocrx_word' id='word_1_132' title='bbox 141 1232 171 1269; x_wconf 79' lang='lat' dir='ltr'>en</span> <span class='ocrx_word' id='word_1_133' title='bbox 183 1219 290 1285; x_wconf 84' lang='lat' dir='ltr'>odjnnoto</span> <span class='ocrx_word' id='word_1_134' title='bbox 304 1222 373 1271; x_wconf 82' lang='lat' dir='ltr'>habet</span> <span class='ocrx_word' id='word_1_135' title='bbox 381 1221 443 1285; x_wconf 79' lang='lat' dir='ltr'>quod</span> <span class='ocrx_word' id='word_1_136' title='bbox 455 1224 502 1271; x_wconf 87' lang='grc' dir='ltr'><strong>ειει</strong></span> <span class='ocrx_word' id='word_1_137' title='bbox 513 1234 553 1284; x_wconf 89' lang='lat' dir='ltr'>pro</span> <span class='ocrx_word' id='word_1_138' title='bbox 563 1224 643 1271; x_wconf 79' lang='lat' dir='ltr'>natira</span> <span class='ocrx_word' id='word_1_139' title='bbox 656 1218 784 1283; x_wconf 87' lang='lat' dir='ltr'>oornuruni;</span> <span class='ocrx_word' id='word_1_140' title='bbox 801 1224 824 1271; x_wconf 87' lang='grc' dir='ltr'>ει</span> <span class='ocrx_word' id='word_1_141' title='bbox 834 1216 890 1271; x_wconf 81' lang='lat' dir='ltr'>ideo</span> <span class='ocrx_word' id='word_1_142' title='bbox 900 1224 945 1271; x_wconf 75' lang='lat' dir='ltr'>hee</span> 
     </span>
     <span class='ocr_line' id='line_1_16' title="bbox 141 1290 944 1357; baseline 0 -16"><span class='ocrx_word' id='word_1_143' title='bbox 141 1295 177 1341; x_wconf 86' lang='lat' dir='ltr'>est</span> <span class='ocrx_word' id='word_1_144' title='bbox 186 1292 261 1343; x_wconf 82' lang='lat' dir='ltr'>feisa:</span> <span class='ocrx_word' id='word_1_145' title='bbox 278 1309 293 1340; x_wconf 80' lang='lat' dir='ltr'>o</span> <span class='ocrx_word' id='word_1_146' title='bbox 302 1294 374 1343; x_wconf 84' lang='lat' dir='ltr'>iiorno</span> <span class='ocrx_word' id='word_1_147' title='bbox 387 1296 423 1343; x_wconf 84' lang='lat' dir='ltr'>est</span> <span class='ocrx_word' id='word_1_148' title='bbox 433 1292 595 1354; x_wconf 85' lang='lat' dir='ltr'>omnishomo,</span> <span class='ocrx_word' id='word_1_149' title='bbox 605 1306 619 1339; x_wconf 85' lang='lat' dir='ltr'>n</span> <span class='ocrx_word' id='word_1_150' title='bbox 630 1290 683 1355; x_wconf 84' lang='lat' dir='ltr'>quie</span> <span class='ocrx_word' id='word_1_151' title='bbox 694 1303 737 1355; x_wconf 88' lang='lat' dir='ltr'>pro</span> <span class='ocrx_word' id='word_1_152' title='bbox 747 1290 812 1341; x_wconf 88' lang='lat' dir='ltr'>nulio</span> <span class='ocrx_word' id='word_1_153' title='bbox 826 1294 944 1357; x_wconf 79' lang='lat' dir='ltr'>srrpposito</span> 
     </span>
     <span class='ocr_line' id='line_1_17' title="bbox 141 1363 946 1429; baseline -0.001 -16"><span class='ocrx_word' id='word_1_154' title='bbox 141 1363 255 1414; x_wconf 85' lang='lat' dir='ltr'>ueritioari</span> <span class='ocrx_word' id='word_1_155' title='bbox 271 1368 355 1429; x_wconf 82' lang='lat' dir='ltr'>potest.</span> <span class='ocrx_word' id='word_1_156' title='bbox 371 1365 417 1415; x_wconf 85' lang='lat' dir='ltr'>Sed</span> <span class='ocrx_word' id='word_1_157' title='bbox 432 1366 478 1415; x_wconf 87' lang='lat' dir='ltr'>hoo</span> <span class='ocrx_word' id='word_1_158' title='bbox 494 1378 588 1427; x_wconf 85' lang='lat' dir='ltr'>nornen,</span> <span class='ocrx_word' id='word_1_159' title='bbox 604 1366 683 1427; x_wconf 71' lang='lat' dir='ltr'>Deus,</span> <span class='ocrx_word' id='word_1_160' title='bbox 697 1376 739 1427; x_wconf 88' lang='lat' dir='ltr'>per</span> <span class='ocrx_word' id='word_1_161' title='bbox 752 1376 777 1413; x_wconf 89' lang='lat' dir='ltr'>se</span> <span class='ocrx_word' id='word_1_162' title='bbox 795 1364 870 1414; x_wconf 81' lang='lat' dir='ltr'>iubet</span> <span class='ocrx_word' id='word_1_163' title='bbox 887 1363 946 1429; x_wconf 75' lang='lat' dir='ltr'>quot</span> 
     </span>
     <span class='ocr_line' id='line_1_18' title="bbox 142 1434 945 1501; baseline -0.001 -15"><span class='ocrx_word' id='word_1_164' title='bbox 142 1439 188 1486; x_wconf 82' lang='grc' dir='ltr'><strong>ειει</strong></span> <span class='ocrx_word' id='word_1_165' title='bbox 202 1450 244 1499; x_wconf 87' lang='lat' dir='ltr'>pro</span> <span class='ocrx_word' id='word_1_166' title='bbox 259 1435 372 1500; x_wconf 75' lang='lat' dir='ltr'>essentie3</span> <span class='ocrx_word' id='word_1_167' title='bbox 388 1437 450 1487; x_wconf 79' lang='lat' dir='ltr'>unde</span> <span class='ocrx_word' id='word_1_168' title='bbox 472 1435 528 1487; x_wconf 76' lang='lat' dir='ltr'>lieet</span> <span class='ocrx_word' id='word_1_169' title='bbox 540 1449 582 1501; x_wconf 89' lang='lat' dir='ltr'>pro</span> <span class='ocrx_word' id='word_1_170' title='bbox 595 1436 657 1486; x_wconf 85' lang='lat' dir='ltr'>nuiio</span> <span class='ocrx_word' id='word_1_171' title='bbox 673 1434 845 1499; x_wconf 83' lang='lat' dir='ltr'>suppositorum</span> <span class='ocrx_word' id='word_1_172' title='bbox 864 1436 945 1486; x_wconf 76' lang='lat' dir='ltr'>divine</span> 
     </span>
     <span class='ocr_line' id='line_1_19' title="bbox 143 1506 946 1571; baseline 0.001 -15"><span class='ocrx_word' id='word_1_173' title='bbox 143 1510 229 1558; x_wconf 78' lang='lat' dir='ltr'>nntorae</span> <span class='ocrx_word' id='word_1_174' title='bbox 239 1507 328 1559; x_wconf 78' lang='grc' dir='ltr'><strong>ιιεεεειι</strong></span> <span class='ocrx_word' id='word_1_175' title='bbox 338 1522 392 1559; x_wconf 81' lang='lat' dir='ltr'>vern</span> <span class='ocrx_word' id='word_1_176' title='bbox 402 1524 409 1559; x_wconf 74' lang='lat' dir='ltr'><em>z</em></span> <span class='ocrx_word' id='word_1_177' title='bbox 420 1526 435 1555; x_wconf 81' lang='lat' dir='ltr'>n</span> <span class='ocrx_word' id='word_1_178' title='bbox 444 1511 505 1559; x_wconf 79' lang='lat' dir='ltr'>Dens</span> <span class='ocrx_word' id='word_1_179' title='bbox 512 1512 546 1559; x_wconf 88' lang='grc' dir='ltr'>εει</span> <span class='ocrx_word' id='word_1_180' title='bbox 553 1506 656 1570; x_wconf 79' lang='lat' dir='ltr'>trinitas,</span> <span class='ocrx_word' id='word_1_181' title='bbox 672 1522 685 1553; x_wconf 81' lang='lat' dir='ltr'>n</span> <span class='ocrx_word' id='word_1_182' title='bbox 703 1510 828 1557; x_wconf 72' lang='lat' dir='ltr'>esttamen</span> <span class='ocrx_word' id='word_1_183' title='bbox 840 1514 897 1557; x_wconf 84' lang='lat' dir='ltr'>ue&#39;rn</span> <span class='ocrx_word' id='word_1_184' title='bbox 908 1518 946 1571; x_wconf 91' lang='lat' dir='ltr'>pro</span> 
     </span>
     <span class='ocr_line' id='line_1_20' title="bbox 142 1580 943 1644; baseline -0.002 -16"><span class='ocrx_word' id='word_1_185' title='bbox 142 1580 260 1630; x_wconf 85' lang='lat' dir='ltr'>essentia:</span> <span class='ocrx_word' id='word_1_186' title='bbox 276 1582 337 1643; x_wconf 84' lang='lat' dir='ltr'>quod</span> <span class='ocrx_word' id='word_1_187' title='bbox 350 1594 396 1631; x_wconf 94' lang='lat' dir='ltr'>non</span> <span class='ocrx_word' id='word_1_188' title='bbox 409 1581 531 1630; x_wconf 80' lang='lat' dir='ltr'>attendens</span> <span class='ocrx_word' id='word_1_189' title='bbox 543 1582 682 1629; x_wconf 69' lang='lat' dir='ltr'>Por-rotenus</span> <span class='ocrx_word' id='word_1_190' title='bbox 689 1615 697 1641; x_wconf 92' lang='lat'><em>,</em></span> <span class='ocrx_word' id='word_1_191' title='bbox 717 1591 769 1627; x_wconf 82' lang='lat' dir='ltr'>earn</span> <span class='ocrx_word' id='word_1_192' title='bbox 786 1580 883 1642; x_wconf 71' lang='lat' dir='ltr'>negauit</span> <span class='ocrx_word' id='word_1_193' title='bbox 903 1580 943 1644; x_wconf 81' lang='lat' dir='ltr'>(t).</span> 
     </span>
    </p>

    <p class='ocr_par' dir='ltr' id='par_1_4' title="bbox 142 1648 946 2059">
     <span class='ocr_line' id='line_1_21' title="bbox 174 1648 946 1715; baseline 0 -16"><span class='ocrx_word' id='word_1_194' title='bbox 174 1652 209 1700; x_wconf 79' lang='lat' dir='ltr'>nd</span> <span class='ocrx_word' id='word_1_195' title='bbox 219 1653 346 1701; x_wconf 84' lang='lat' dir='ltr'>seeundum</span> <span class='ocrx_word' id='word_1_196' title='bbox 357 1652 490 1713; x_wconf 76' lang='lat' dir='ltr'>dicendum,</span> <span class='ocrx_word' id='word_1_197' title='bbox 502 1649 563 1715; x_wconf 75' lang='lat' dir='ltr'>quid</span> <span class='ocrx_word' id='word_1_198' title='bbox 577 1649 630 1700; x_wconf 76' lang='lat' dir='ltr'>enm</span> <span class='ocrx_word' id='word_1_199' title='bbox 645 1648 744 1699; x_wconf 79' lang='lat' dir='ltr'>dicitnr:</span> <span class='ocrx_word' id='word_1_200' title='bbox 760 1666 774 1696; x_wconf 83' lang='lat' dir='ltr'>o</span> <span class='ocrx_word' id='word_1_201' title='bbox 785 1651 849 1701; x_wconf 82' lang='grc' dir='ltr'><strong>ιιειιε</strong></span> <span class='ocrx_word' id='word_1_202' title='bbox 863 1652 901 1702; x_wconf 84' lang='lat' dir='ltr'>vel</span> <span class='ocrx_word' id='word_1_203' title='bbox 917 1652 946 1701; x_wconf 85' lang='lat' dir='ltr'>oi·</span> 
     </span>
     <span class='ocr_line' id='line_1_22' title="bbox 142 1720 945 1787; baseline 0 -16"><span class='ocrx_word' id='word_1_204' title='bbox 142 1721 196 1771; x_wconf 79' lang='lat' dir='ltr'>nint</span> <span class='ocrx_word' id='word_1_205' title='bbox 206 1721 306 1771; x_wconf 81' lang='lat' dir='ltr'>essentia</span> <span class='ocrx_word' id='word_1_206' title='bbox 322 1725 466 1785; x_wconf 81' lang='lat' dir='ltr'>est&#39;Pater,n</span> <span class='ocrx_word' id='word_1_207' title='bbox 479 1726 515 1772; x_wconf 90' lang='grc' dir='ltr'>εει</span> <span class='ocrx_word' id='word_1_208' title='bbox 524 1722 658 1785; x_wconf 73' lang='grc' dir='ltr'><strong>ρεεειιεειιε</strong></span> <span class='ocrx_word' id='word_1_209' title='bbox 669 1734 711 1785; x_wconf 86' lang='lat' dir='ltr'>per</span> <span class='ocrx_word' id='word_1_210' title='bbox 723 1720 889 1787; x_wconf 76' lang='lat' dir='ltr'>identitatem,</span> <span class='ocrx_word' id='word_1_211' title='bbox 903 1736 945 1772; x_wconf 93' lang='lat' dir='ltr'>non</span> 
     </span>
     <span class='ocr_line' id='line_1_23' title="bbox 142 1791 946 1857; baseline 0.002 -16"><span class='ocrx_word' id='word_1_212' title='bbox 142 1795 219 1841; x_wconf 86' lang='lat' dir='ltr'>nutem</span> <span class='ocrx_word' id='word_1_213' title='bbox 232 1792 290 1842; x_wconf 85' lang='lat' dir='ltr'>siout</span> <span class='ocrx_word' id='word_1_214' title='bbox 299 1792 415 1843; x_wconf 82' lang='lat' dir='ltr'>interioris</span> <span class='ocrx_word' id='word_1_215' title='bbox 425 1795 454 1844; x_wconf 86' lang='lat' dir='ltr'>ie</span> <span class='ocrx_word' id='word_1_216' title='bbox 463 1792 591 1857; x_wconf 80' lang='lat' dir='ltr'>superiori,</span> <span class='ocrx_word' id='word_1_217' title='bbox 599 1792 653 1857; x_wconf 85' lang='lat' dir='ltr'>quin</span> <span class='ocrx_word' id='word_1_218' title='bbox 663 1793 688 1843; x_wconf 92' lang='lat' dir='ltr'>in</span> <span class='ocrx_word' id='word_1_219' title='bbox 697 1791 781 1843; x_wconf 79' lang='lat' dir='ltr'>divinis</span> <span class='ocrx_word' id='word_1_220' title='bbox 791 1804 841 1844; x_wconf 91' lang='lat' dir='ltr'>non</span> <span class='ocrx_word' id='word_1_221' title='bbox 852 1799 889 1845; x_wconf 86' lang='grc' dir='ltr'>εει</span> <span class='ocrx_word' id='word_1_222' title='bbox 896 1794 946 1844; x_wconf 90' lang='lat' dir='ltr'>uni·</span> 
     </span>
     <span class='ocr_line' id='line_1_24' title="bbox 142 1860 946 1929; baseline 0.002 -17"><span class='ocrx_word' id='word_1_223' title='bbox 142 1865 230 1915; x_wconf 71' lang='lat' dir='ltr'>venale</span> <span class='ocrx_word' id='word_1_224' title='bbox 244 1868 267 1915; x_wconf 82' lang='lat' dir='ltr'>et</span> <span class='ocrx_word' id='word_1_225' title='bbox 283 1866 405 1929; x_wconf 74' lang='lat' dir='ltr'>singulare.</span> <span class='ocrx_word' id='word_1_226' title='bbox 421 1867 485 1916; x_wconf 84' lang='lat' dir='ltr'>Unde</span> <span class='ocrx_word' id='word_1_227' title='bbox 502 1864 561 1915; x_wconf 83' lang='lat' dir='ltr'>siout</span> <span class='ocrx_word' id='word_1_228' title='bbox 576 1869 613 1915; x_wconf 81' lang='lat' dir='ltr'>est</span> <span class='ocrx_word' id='word_1_229' title='bbox 628 1860 670 1929; x_wconf 85' lang='lat' dir='ltr'>per</span> <span class='ocrx_word' id='word_1_230' title='bbox 684 1876 708 1915; x_wconf 90' lang='lat' dir='ltr'>se</span> <span class='ocrx_word' id='word_1_231' title='bbox 726 1864 770 1913; x_wconf 85' lang='lat' dir='ltr'>istu</span> <span class='ocrx_word' id='word_1_232' title='bbox 780 1880 794 1913; x_wconf 56' lang='lat'>⁴:</span> <span class='ocrx_word' id='word_1_233' title='bbox 808 1881 823 1913; x_wconf 78' lang='grc' dir='ltr'>ε</span> <span class='ocrx_word' id='word_1_234' title='bbox 834 1867 904 1917; x_wconf 85' lang='lat' dir='ltr'>Pater</span> <span class='ocrx_word' id='word_1_235' title='bbox 915 1872 946 1916; x_wconf 82' lang='grc' dir='ltr'>εει</span> 
     </span>
     <span class='ocr_line' id='line_1_25' title="bbox 143 1936 946 2001; baseline 0.001 -15"><span class='ocrx_word' id='word_1_236' title='bbox 143 1938 212 1999; x_wconf 81' lang='lat' dir='ltr'>Deus,</span> <span class='ocrx_word' id='word_1_237' title='bbox 223 1952 237 1983; x_wconf 85' lang='lat' dir='ltr'>n</span> <span class='ocrx_word' id='word_1_238' title='bbox 251 1936 284 1987; x_wconf 82' lang='lat' dir='ltr'>ite</span> <span class='ocrx_word' id='word_1_239' title='bbox 297 1942 321 1987; x_wconf 88' lang='grc' dir='ltr'>ει</span> <span class='ocrx_word' id='word_1_240' title='bbox 331 1938 392 1988; x_wconf 80' lang='lat' dir='ltr'>istu.</span> <span class='ocrx_word' id='word_1_241' title='bbox 409 1956 423 1985; x_wconf 83' lang='lat' dir='ltr'>n</span> <span class='ocrx_word' id='word_1_242' title='bbox 433 1939 495 1989; x_wconf 76' lang='lat' dir='ltr'>liene</span> <span class='ocrx_word' id='word_1_243' title='bbox 505 1940 540 1987; x_wconf 86' lang='grc' dir='ltr'>εει</span> <span class='ocrx_word' id='word_1_244' title='bbox 552 1938 629 2000; x_wconf 81' lang='lat' dir='ltr'>Peter,</span> <span class='ocrx_word' id='word_1_245' title='bbox 641 1953 655 1983; x_wconf 85' lang='lat' dir='ltr'>n</span> <span class='ocrx_word' id='word_1_246' title='bbox 667 1939 691 1987; x_wconf 91' lang='grc' dir='ltr'>ει</span> <span class='ocrx_word' id='word_1_247' title='bbox 704 1936 846 1988; x_wconf 81' lang='lat' dir='ltr'>nuiionrodo</span> <span class='ocrx_word' id='word_1_248' title='bbox 859 1952 902 2001; x_wconf 84' lang='lat' dir='ltr'>per</span> <span class='ocrx_word' id='word_1_249' title='bbox 911 1950 946 1987; x_wconf 82' lang='lat' dir='ltr'>eo-</span> 
     </span>
     <span class='ocr_line' id='line_1_26' title="bbox 142 2008 230 2059; baseline 0.023 -2"><span class='ocrx_word' id='word_1_250' title='bbox 142 2008 230 2059; x_wconf 83' lang='lat' dir='ltr'>cidens.</span> 
     </span>
    </p>
   </div>
   <div class='ocr_carea' id='block_1_3' title="bbox 436 2098 656 2151">
    <p class='ocr_par' dir='ltr' id='par_1_5' title="bbox 436 2098 656 2151">
     <span class='ocr_line' id='line_1_27' title="bbox 436 2098 656 2151; baseline -0.005 -2"><span class='ocrx_word' id='word_1_251' title='bbox 436 2098 592 2151; x_wconf 69' lang='lat' dir='ltr'>Autronius</span> <span class='ocrx_word' id='word_1_252' title='bbox 607 2098 656 2149; x_wconf 85' lang='lat' dir='ltr'><strong>Vll.</strong></span> 
     </span>
    </p>
   </div>
   <div class='ocr_carea' id='block_1_4' title="bbox 182 2188 913 2273">
    <p class='ocr_par' dir='ltr' id='par_1_6' title="bbox 182 2188 913 2273">
     <span class='ocr_line' id='line_1_28' title="bbox 182 2188 913 2273; baseline -0.001 -11"><span class='ocrx_word' id='word_1_253' title='bbox 182 2214 269 2262; x_wconf 76' lang='lat' dir='ltr'>Utrum</span> <span class='ocrx_word' id='word_1_254' title='bbox 281 2214 380 2261; x_wconf 73' lang='lat' dir='ltr'>nomino</span> <span class='ocrx_word' id='word_1_255' title='bbox 391 2216 529 2264; x_wconf 74' lang='lat' dir='ltr'>essentia-lia</span> <span class='ocrx_word' id='word_1_256' title='bbox 542 2216 595 2262; x_wconf 80' lang='lat' dir='ltr'>siut</span> <span class='ocrx_word' id='word_1_257' title='bbox 605 2194 782 2273; x_wconf 68' lang='lat' dir='ltr'>appropriando</span> <span class='ocrx_word' id='word_1_258' title='bbox 795 2188 913 2273; x_wconf 64' lang='lat' dir='ltr'>personis</span> 
     </span>
    </p>
   </div>
   <div class='ocr_carea' id='block_1_5' title="bbox 145 2329 948 2689">
    <p class='ocr_par' dir='ltr' id='par_1_7' title="bbox 145 2329 948 2689">
     <span class='ocr_line' id='line_1_29' title="bbox 176 2329 948 2403; baseline 0.003 -20"><span class='ocrx_word' id='word_1_259' title='bbox 176 2333 210 2385; x_wconf 77' lang='lat' dir='ltr'>Ad</span> <span class='ocrx_word' id='word_1_260' title='bbox 218 2333 339 2399; x_wconf 85' lang='lat' dir='ltr'>septimum</span> <span class='ocrx_word' id='word_1_261' title='bbox 348 2329 380 2385; x_wconf 87' lang='lat' dir='ltr'>sio</span> <span class='ocrx_word' id='word_1_262' title='bbox 389 2332 519 2399; x_wconf 78' lang='lat' dir='ltr'>proceditur</span> <span class='ocrx_word' id='word_1_263' title='bbox 529 2332 571 2399; x_wconf 72' lang='lat' dir='ltr'>(i).</span> <span class='ocrx_word' id='word_1_264' title='bbox 584 2331 677 2403; x_wconf 67' lang='lat' dir='ltr'>Videtur</span> <span class='ocrx_word' id='word_1_265' title='bbox 689 2332 749 2402; x_wconf 81' lang='lat' dir='ltr'>quod</span> <span class='ocrx_word' id='word_1_266' title='bbox 763 2333 860 2387; x_wconf 82' lang='lat' dir='ltr'>nomina</span> <span class='ocrx_word' id='word_1_267' title='bbox 872 2349 948 2387; x_wconf 88' lang='lat' dir='ltr'>essen·</span> 
     </span>
     <span class='ocr_line' id='line_1_30' title="bbox 145 2402 948 2475; baseline 0.006 -23"><span class='ocrx_word' id='word_1_268' title='bbox 145 2403 207 2455; x_wconf 78' lang='lat' dir='ltr'>tinia</span> <span class='ocrx_word' id='word_1_269' title='bbox 221 2420 267 2456; x_wconf 93' lang='lat' dir='ltr'>non</span> <span class='ocrx_word' id='word_1_270' title='bbox 282 2405 328 2456; x_wconf 89' lang='lat' dir='ltr'>sint</span> <span class='ocrx_word' id='word_1_271' title='bbox 339 2405 505 2470; x_wconf 79' lang='lat' dir='ltr'>approprianda</span> <span class='ocrx_word' id='word_1_272' title='bbox 522 2402 633 2469; x_wconf 73' lang='lat' dir='ltr'>personis.</span> <span class='ocrx_word' id='word_1_273' title='bbox 649 2406 712 2470; x_wconf 87' lang='lat' dir='ltr'>Quod</span> <span class='ocrx_word' id='word_1_274' title='bbox 726 2402 789 2475; x_wconf 83' lang='lat' dir='ltr'>enim</span> <span class='ocrx_word' id='word_1_275' title='bbox 804 2411 883 2471; x_wconf 77' lang='lat' dir='ltr'>potest</span> <span class='ocrx_word' id='word_1_276' title='bbox 898 2422 948 2458; x_wconf 85' lang='lat' dir='ltr'>uer·</span> 
     </span>
     <span class='ocr_line' id='line_1_31' title="bbox 145 2476 948 2543; baseline 0.005 -18"><span class='ocrx_word' id='word_1_277' title='bbox 145 2489 199 2537; x_wconf 82' lang='lat' dir='ltr'>gere</span> <span class='ocrx_word' id='word_1_278' title='bbox 217 2477 241 2526; x_wconf 94' lang='lat' dir='ltr'>in</span> <span class='ocrx_word' id='word_1_279' title='bbox 252 2491 352 2529; x_wconf 82' lang='lat' dir='ltr'>errorem</span> <span class='ocrx_word' id='word_1_280' title='bbox 368 2478 435 2541; x_wconf 82' lang='lat' dir='ltr'>fidei,</span> <span class='ocrx_word' id='word_1_281' title='bbox 447 2478 565 2529; x_wconf 80' lang='lat' dir='ltr'>uitandum</span> <span class='ocrx_word' id='word_1_282' title='bbox 577 2478 647 2529; x_wconf 86' lang='lat' dir='ltr'>estin</span> <span class='ocrx_word' id='word_1_283' title='bbox 661 2476 758 2542; x_wconf 82' lang='lat' dir='ltr'>divinis;</span> <span class='ocrx_word' id='word_1_284' title='bbox 771 2478 840 2543; x_wconf 70' lang='lat' dir='ltr'>quie,</span> <span class='ocrx_word' id='word_1_285' title='bbox 855 2482 881 2529; x_wconf 88' lang='lat' dir='ltr'>ut</span> <span class='ocrx_word' id='word_1_286' title='bbox 895 2479 948 2530; x_wconf 87' lang='lat' dir='ltr'>Hie-</span> 
     </span>
     <span class='ocr_line' id='line_1_32' title="bbox 145 2549 948 2615; baseline 0.009 -20"><span class='ocrx_word' id='word_1_287' title='bbox 145 2560 254 2612; x_wconf 61' lang='lat' dir='ltr'>ronymus</span> <span class='ocrx_word' id='word_1_288' title='bbox 270 2549 327 2599; x_wconf 80' lang='lat' dir='ltr'>dieii</span> <span class='ocrx_word' id='word_1_289' title='bbox 331 2583 339 2613; x_wconf 90' lang='lat'>‚</span> <span class='ocrx_word' id='word_1_290' title='bbox 352 2566 367 2598; x_wconf 83' lang='lat' dir='ltr'>o</span> <span class='ocrx_word' id='word_1_291' title='bbox 378 2564 408 2600; x_wconf 85' lang='lat' dir='ltr'>ox</span> <span class='ocrx_word' id='word_1_292' title='bbox 417 2549 634 2601; x_wconf 75' lang='lat' dir='ltr'>veroisnnoruinaoe</span> <span class='ocrx_word' id='word_1_293' title='bbox 650 2550 744 2615; x_wconf 75' lang='lat' dir='ltr'>proiotin</span> <span class='ocrx_word' id='word_1_294' title='bbox 759 2550 888 2604; x_wconf 68' lang='lat' dir='ltr'>incurritur</span> <span class='ocrx_word' id='word_1_295' title='bbox 901 2553 948 2602; x_wconf 81' lang='lat' dir='ltr'>ire·</span> 
     </span>
     <span class='ocr_line' id='line_1_33' title="bbox 145 2618 947 2689; baseline 0.006 -22"><span class='ocrx_word' id='word_1_296' title='bbox 145 2618 210 2669; x_wconf 86' lang='lat' dir='ltr'>resis.</span> <span class='ocrx_word' id='word_1_297' title='bbox 222 2637 237 2667; x_wconf 83' lang='grc'>»</span> <span class='ocrx_word' id='word_1_298' title='bbox 244 2621 291 2673; x_wconf 82' lang='lat' dir='ltr'>Sed</span> <span class='ocrx_word' id='word_1_299' title='bbox 302 2631 388 2685; x_wconf 74' lang='lat' dir='ltr'>eoque</span> <span class='ocrx_word' id='word_1_300' title='bbox 395 2626 450 2672; x_wconf 82' lang='lat' dir='ltr'>eunt</span> <span class='ocrx_word' id='word_1_301' title='bbox 457 2622 587 2673; x_wconf 76' lang='lat' dir='ltr'>eommunia</span> <span class='ocrx_word' id='word_1_302' title='bbox 598 2622 670 2674; x_wconf 84' lang='lat' dir='ltr'>tribus</span> <span class='ocrx_word' id='word_1_303' title='bbox 681 2622 786 2686; x_wconf 85' lang='lat' dir='ltr'>personis</span> <span class='ocrx_word' id='word_1_304' title='bbox 796 2623 947 2689; x_wconf 75' lang='lat' dir='ltr'>oppropriare</span> 
     </span>
    </p>
   </div>
   <div class='ocr_carea' id='block_1_6' title="bbox 145 2711 947 2929">
    <p class='ocr_par' dir='ltr' id='par_1_8' title="bbox 145 2711 947 2929">
     <span class='ocr_line' id='line_1_34' title="bbox 177 2711 947 2801; baseline 0.006 -19"><span class='ocrx_word' id='word_1_305' title='bbox 177 2734 484 2799; x_wconf 74' lang='lat' dir='ltr'>(i)1ieiliinserrorejern</span> <span class='ocrx_word' id='word_1_306' title='bbox 499 2740 586 2789; x_wconf 84' lang='lat' dir='ltr'>dietum</span> <span class='ocrx_word' id='word_1_307' title='bbox 603 2748 640 2789; x_wconf 86' lang='lat' dir='ltr'>est</span> <span class='ocrx_word' id='word_1_308' title='bbox 653 2743 680 2789; x_wconf 81' lang='lat' dir='ltr'>od</span> <span class='ocrx_word' id='word_1_309' title='bbox 695 2748 779 2799; x_wconf 79' lang='lat' dir='ltr'>quest.</span> <span class='ocrx_word' id='word_1_310' title='bbox 796 2711 842 2801; x_wconf 60' lang='lat'>28}</span> <span class='ocrx_word' id='word_1_311' title='bbox 859 2751 904 2793; x_wconf 74' lang='lat' dir='ltr'>ert.</span> <span class='ocrx_word' id='word_1_312' title='bbox 924 2744 947 2788; x_wconf 74' lang='lat' dir='ltr'>i.</span> 
     </span>
     <span class='ocr_line' id='line_1_35' title="bbox 145 2799 947 2864; baseline 0.005 -18"><span class='ocrx_word' id='word_1_313' title='bbox 145 2799 197 2846; x_wconf 86' lang='lat' dir='ltr'>Non</span> <span class='ocrx_word' id='word_1_314' title='bbox 212 2801 245 2845; x_wconf 83' lang='lat' dir='ltr'>sie</span> <span class='ocrx_word' id='word_1_315' title='bbox 260 2806 337 2846; x_wconf 71' lang='lat' dir='ltr'>umen</span> <span class='ocrx_word' id='word_1_316' title='bbox 352 2805 481 2851; x_wconf 74' lang='grc' dir='ltr'><strong>Βεειιειειιεε</strong></span> <span class='ocrx_word' id='word_1_317' title='bbox 493 2804 567 2851; x_wconf 75' lang='lat' dir='ltr'>refert</span> <span class='ocrx_word' id='word_1_318' title='bbox 579 2816 648 2858; x_wconf 81' lang='lat' dir='ltr'>serui.</span> <span class='ocrx_word' id='word_1_319' title='bbox 665 2806 708 2864; x_wconf 81' lang='lat'>80,</span> <span class='ocrx_word' id='word_1_320' title='bbox 720 2808 750 2851; x_wconf 77' lang='lat' dir='ltr'>in</span> <span class='ocrx_word' id='word_1_321' title='bbox 763 2803 848 2857; x_wconf 77' lang='lat' dir='ltr'>Ceret..</span> <span class='ocrx_word' id='word_1_322' title='bbox 862 2807 904 2853; x_wconf 82' lang='lat' dir='ltr'>sed</span> <span class='ocrx_word' id='word_1_323' title='bbox 919 2808 947 2851; x_wconf 78' lang='lat' dir='ltr'>uir</span> 
     </span>
     <span class='ocr_line' id='line_1_36' title="bbox 145 2867 843 2929; baseline 0.013 -24"><span class='ocrx_word' id='word_1_324' title='bbox 145 2871 174 2905; x_wconf 92' lang='lat' dir='ltr'>eo</span> <span class='ocrx_word' id='word_1_325' title='bbox 186 2868 296 2918; x_wconf 70' lang='lat' dir='ltr'>negatum</span> <span class='ocrx_word' id='word_1_326' title='bbox 308 2875 360 2913; x_wconf 80' lang='lat' dir='ltr'>eene</span> <span class='ocrx_word' id='word_1_327' title='bbox 374 2867 435 2922; x_wconf 74' lang='lat' dir='ltr'>quod</span> <span class='ocrx_word' id='word_1_328' title='bbox 446 2870 508 2913; x_wconf 80' lang='lat' dir='ltr'>Deus</span> <span class='ocrx_word' id='word_1_329' title='bbox 518 2867 550 2914; x_wconf 79' lang='lat' dir='ltr'>nit</span> <span class='ocrx_word' id='word_1_330' title='bbox 564 2869 663 2929; x_wconf 74' lang='lat' dir='ltr'>ueritas,</span> <span class='ocrx_word' id='word_1_331' title='bbox 676 2869 778 2925; x_wconf 76' lang='lat' dir='ltr'>bonitas,</span> <span class='ocrx_word' id='word_1_332' title='bbox 788 2872 843 2915; x_wconf 76' lang='lat' dir='ltr'>eto.</span> 
     </span>
    </p>
   </div>
   <div class='ocr_carea' id='block_1_7' title="bbox 177 2929 844 3003">
    <p class='ocr_par' dir='ltr' id='par_1_9' title="bbox 177 2929 844 3003">
     <span class='ocr_line' id='line_1_37' title="bbox 177 2929 844 3003; baseline 0.009 -24"><span class='ocrx_word' id='word_1_333' title='bbox 177 2929 214 2993; x_wconf 70' lang='lat'>(2)</span> <span class='ocrx_word' id='word_1_334' title='bbox 228 2935 261 2978; x_wconf 80' lang='lat' dir='ltr'>Be</span> <span class='ocrx_word' id='word_1_335' title='bbox 274 2933 311 2978; x_wconf 79' lang='lat' dir='ltr'>hie</span> <span class='ocrx_word' id='word_1_336' title='bbox 323 2936 432 2998; x_wconf 69' lang='lat' dir='ltr'>etiami,</span> <span class='ocrx_word' id='word_1_337' title='bbox 445 2939 524 2990; x_wconf 72' lang='lat' dir='ltr'>seno,</span> <span class='ocrx_word' id='word_1_338' title='bbox 537 2940 591 2986; x_wconf 78' lang='lat' dir='ltr'>diet.</span> <span class='ocrx_word' id='word_1_339' title='bbox 606 2940 646 3003; x_wconf 78' lang='grc'>91,</span> <span class='ocrx_word' id='word_1_340' title='bbox 662 2952 701 2998; x_wconf 81' lang='lat' dir='ltr'>qn.</span> <span class='ocrx_word' id='word_1_341' title='bbox 719 2939 742 3000; x_wconf 86' lang='lat'>1,</span> <span class='ocrx_word' id='word_1_342' title='bbox 756 2948 801 2986; x_wconf 41' lang='lat' dir='ltr'>tert.</span> <span class='ocrx_word' id='word_1_343' title='bbox 819 2941 844 2985; x_wconf 79' lang='lat'>2.</span> 
     </span>
    </p>
   </div>
   <div class='ocr_carea' id='block_1_8' title="bbox 0 0 1004 3342">
    <p class='ocr_par' dir='ltr' id='par_1_10' title="bbox 0 0 1004 3342">
     <span class='ocr_line' id='line_1_38' title="bbox 0 0 1004 3342; baseline 0 0"><span class='ocrx_word' id='word_1_344' title='bbox 0 0 1004 3342; x_wconf 95' lang='lat' dir='ltr'> </span> 
     </span>
    </p>
   </div>
  </div>
 </body>
</html>
