<?xml version="1.0" encoding="UTF-8"?>
<!DOCTYPE html PUBLIC "-//W3C//DTD XHTML 1.0 Transitional//EN"
    "http://www.w3.org/TR/xhtml1/DTD/xhtml1-transitional.dtd">
<html xmlns="http://www.w3.org/1999/xhtml" xml:lang="en" lang="en">
 <head>
  <title>
</title>
<meta http-equiv="Content-Type" content="text/html;charset=utf-8" />
  <meta name='ocr-system' content='tesseract 3.04.00' />
  <meta name='ocr-capabilities' content='ocr_page ocr_carea ocr_par ocr_line ocrx_word'/>
</head>
<body>
  <div class='ocr_page' id='page_1' title='image "./summatheologica04nicogoog_0064.png"; bbox 0 0 1992 3342; ppageno 0'>
   <div class='ocr_carea' id='block_1_1' title="bbox 310 223 855 270">
    <p class='ocr_par' dir='ltr' id='par_1_1' title="bbox 310 223 855 270">
     <span class='ocr_line' id='line_1_1' title="bbox 310 223 855 270; baseline -0.004 -4"><span class='ocrx_word' id='word_1_1' title='bbox 310 230 344 268; x_wconf 64' lang='lat' dir='ltr'><strong>D!</strong></span> <span class='ocrx_word' id='word_1_2' title='bbox 360 229 526 270; x_wconf 75' lang='lat' dir='ltr'><strong>smttttttm</strong></span> <span class='ocrx_word' id='word_1_3' title='bbox 538 230 589 267; x_wconf 78' lang='lat' dir='ltr'><strong>nm.</strong></span> <span class='ocrx_word' id='word_1_4' title='bbox 824 223 855 270; x_wconf 70' lang='grc'><strong>55</strong></span> 
     </span>
    </p>
   </div>
   <div class='ocr_carea' id='block_1_2' title="bbox 50 303 902 2416">
    <p class='ocr_par' dir='ltr' id='par_1_2' title="bbox 50 303 902 647">
     <span class='ocr_line' id='line_1_2' title="bbox 51 303 858 369; baseline 0.01 -18"><span class='ocrx_word' id='word_1_5' title='bbox 51 303 88 356; x_wconf 87' lang='lat' dir='ltr'><strong>tuit</strong></span> <span class='ocrx_word' id='word_1_6' title='bbox 99 303 215 356; x_wconf 62' lang='lat' dir='ltr'><strong>nepote</strong></span> <span class='ocrx_word' id='word_1_7' title='bbox 226 303 346 368; x_wconf 77' lang='lat' dir='ltr'><strong>limenio,</strong></span> <span class='ocrx_word' id='word_1_8' title='bbox 357 303 626 369; x_wconf 76' lang='lat' dir='ltr'><strong>qnistnltissirntpornit</strong></span> <span class='ocrx_word' id='word_1_9' title='bbox 639 306 712 356; x_wconf 76' lang='lat' dir='ltr'><strong>tieem</strong></span> <span class='ocrx_word' id='word_1_10' title='bbox 724 312 858 359; x_wconf 74' lang='lat' dir='ltr'><strong>msemntc-</strong></span> 
     </span>
     <span class='ocr_line' id='line_1_3' title="bbox 50 373 902 440; baseline 0.006 -15"><span class='ocrx_word' id='word_1_11' title='bbox 50 373 102 425; x_wconf 82' lang='lat' dir='ltr'><strong>riom</strong></span> <span class='ocrx_word' id='word_1_12' title='bbox 112 375 223 440; x_wconf 80' lang='lat' dir='ltr'><strong>primam.</strong></span> <span class='ocrx_word' id='word_1_13' title='bbox 243 376 325 427; x_wconf 80' lang='lat' dir='ltr'><strong>Omnia</strong></span> <span class='ocrx_word' id='word_1_14' title='bbox 341 375 405 426; x_wconf 84' lang='lat' dir='ltr'><strong>enim</strong></span> <span class='ocrx_word' id='word_1_15' title='bbox 417 375 467 425; x_wconf 84' lang='lat' dir='ltr'><strong>haec</strong></span> <span class='ocrx_word' id='word_1_16' title='bbox 477 375 621 426; x_wconf 79' lang='lat' dir='ltr'><strong>mnniiestam</strong></span> <span class='ocrx_word' id='word_1_17' title='bbox 638 377 756 428; x_wconf 74' lang='lat' dir='ltr'><strong>continent</strong></span> <span class='ocrx_word' id='word_1_18' title='bbox 772 378 859 431; x_wconf 77' lang='lat' dir='ltr'><strong>falsita-</strong></span> <span class='ocrx_word' id='word_1_19' title='bbox 897 385 902 394; x_wconf 70' lang='lat'><strong><em>⁴</em></strong></span> 
     </span>
     <span class='ocr_line' id='line_1_4' title="bbox 50 444 859 512; baseline 0.009 -20"><span class='ocrx_word' id='word_1_20' title='bbox 50 446 94 494; x_wconf 88' lang='lat' dir='ltr'><strong>tem</strong></span> <span class='ocrx_word' id='word_1_21' title='bbox 105 461 112 495; x_wconf 79' lang='grc' dir='ltr'>ι</span> <span class='ocrx_word' id='word_1_22' title='bbox 124 459 202 509; x_wconf 84' lang='lat' dir='ltr'><strong>neque</strong></span> <span class='ocrx_word' id='word_1_23' title='bbox 212 449 247 496; x_wconf 83' lang='lat' dir='ltr'><strong>est</strong></span> <span class='ocrx_word' id='word_1_24' title='bbox 254 444 365 510; x_wconf 76' lang='lat' dir='ltr'><strong>possibile</strong></span> <span class='ocrx_word' id='word_1_25' title='bbox 378 447 452 496; x_wconf 83' lang='lat' dir='ltr'><strong>Deum</strong></span> <span class='ocrx_word' id='word_1_26' title='bbox 464 445 618 511; x_wconf 82' lang='lat' dir='ltr'><strong>aliquomodo</strong></span> <span class='ocrx_word' id='word_1_27' title='bbox 633 446 660 497; x_wconf 90' lang='lat' dir='ltr'><strong>in</strong></span> <span class='ocrx_word' id='word_1_28' title='bbox 672 449 859 512; x_wconf 85' lang='lat' dir='ltr'><strong>compositionem</strong></span> 
     </span>
     <span class='ocr_line' id='line_1_5' title="bbox 52 515 861 588; baseline 0.011 -25"><span class='ocrx_word' id='word_1_29' title='bbox 52 515 144 580; x_wconf 69' lang='lat' dir='ltr'><strong>mentm</strong></span> <span class='ocrx_word' id='word_1_30' title='bbox 152 516 234 567; x_wconf 79' lang='lat' dir='ltr'><strong>venire</strong></span> <span class='ocrx_word' id='word_1_31' title='bbox 239 553 248 579; x_wconf 92' lang='lat'><em>‚</em></span> <span class='ocrx_word' id='word_1_32' title='bbox 259 529 305 566; x_wconf 85' lang='lat' dir='ltr'><strong>nco</strong></span> <span class='ocrx_word' id='word_1_33' title='bbox 312 517 372 568; x_wconf 82' lang='lat' dir='ltr'><strong>sicut</strong></span> <span class='ocrx_word' id='word_1_34' title='bbox 380 515 520 580; x_wconf 81' lang='lat' dir='ltr'><strong>principium</strong></span> <span class='ocrx_word' id='word_1_35' title='bbox 530 517 625 568; x_wconf 78' lang='lat' dir='ltr'><strong>formate</strong></span> <span class='ocrx_word' id='word_1_36' title='bbox 629 556 639 583; x_wconf 87' lang='lat'><em>‚</em></span> <span class='ocrx_word' id='word_1_37' title='bbox 651 531 694 571; x_wconf 84' lang='lat' dir='ltr'><strong>nco</strong></span> <span class='ocrx_word' id='word_1_38' title='bbox 703 520 763 572; x_wconf 83' lang='lat' dir='ltr'><strong>sieut</strong></span> <span class='ocrx_word' id='word_1_39' title='bbox 775 521 861 588; x_wconf 84' lang='lat' dir='ltr'><strong>princi·</strong></span> 
     </span>
     <span class='ocr_line' id='line_1_6' title="bbox 54 586 253 647; baseline 0.02 -13"><span class='ocrx_word' id='word_1_40' title='bbox 54 586 116 647; x_wconf 87' lang='lat' dir='ltr'><strong>pium</strong></span> <span class='ocrx_word' id='word_1_41' title='bbox 126 588 253 638; x_wconf 81' lang='lat' dir='ltr'><strong>materiale.</strong></span> 
     </span>
    </p>

    <p class='ocr_par' dir='ltr' id='par_1_3' title="bbox 56 655 861 1076">
     <span class='ocr_line' id='line_1_7' title="bbox 83 655 860 724; baseline 0.009 -20"><span class='ocrx_word' id='word_1_42' title='bbox 83 656 156 706; x_wconf 84' lang='lat' dir='ltr'><strong>Primo</strong></span> <span class='ocrx_word' id='word_1_43' title='bbox 166 657 271 722; x_wconf 86' lang='lat' dir='ltr'><strong>quidem,</strong></span> <span class='ocrx_word' id='word_1_44' title='bbox 282 657 337 722; x_wconf 80' lang='lat' dir='ltr'><strong>quin</strong></span> <span class='ocrx_word' id='word_1_45' title='bbox 345 655 416 721; x_wconf 81' lang='lat' dir='ltr'><strong>sopri</strong></span> <span class='ocrx_word' id='word_1_46' title='bbox 428 656 540 721; x_wconf 70' lang='lat' dir='ltr'><strong>dimotos,</strong></span> <span class='ocrx_word' id='word_1_47' title='bbox 549 661 622 710; x_wconf 79' lang='lat' dir='ltr'><strong>iteum</strong></span> <span class='ocrx_word' id='word_1_48' title='bbox 635 673 685 710; x_wconf 79' lang='lat' dir='ltr'><strong>etse</strong></span> <span class='ocrx_word' id='word_1_49' title='bbox 695 662 793 724; x_wconf 80' lang='lat' dir='ltr'><strong>primam</strong></span> <span class='ocrx_word' id='word_1_50' title='bbox 804 673 860 711; x_wconf 82' lang='lat' dir='ltr'><strong>onn-</strong></span> 
     </span>
     <span class='ocr_line' id='line_1_8' title="bbox 56 729 860 786; baseline 0.011 -10"><span class='ocrx_word' id='word_1_51' title='bbox 56 740 101 776; x_wconf 81' lang='lat' dir='ltr'><strong>sam</strong></span> <span class='ocrx_word' id='word_1_52' title='bbox 116 729 262 782; x_wconf 80' lang='lat' dir='ltr'><strong>efficientem.</strong></span> <span class='ocrx_word' id='word_1_53' title='bbox 280 733 355 782; x_wconf 65' lang='lat' dir='ltr'><strong>&amp;oso</strong></span> <span class='ocrx_word' id='word_1_54' title='bbox 373 733 451 782; x_wconf 82' lang='lat' dir='ltr'><strong>autem</strong></span> <span class='ocrx_word' id='word_1_55' title='bbox 468 731 570 783; x_wconf 82' lang='lat' dir='ltr'><strong>efficiens</strong></span> <span class='ocrx_word' id='word_1_56' title='bbox 586 744 639 782; x_wconf 84' lang='lat' dir='ltr'><strong>cunr</strong></span> <span class='ocrx_word' id='word_1_57' title='bbox 656 733 727 784; x_wconf 81' lang='lat' dir='ltr'><strong>forma</strong></span> <span class='ocrx_word' id='word_1_58' title='bbox 745 734 860 786; x_wconf 76' lang='lat' dir='ltr'><strong>retracto</strong></span> 
     </span>
     <span class='ocr_line' id='line_1_9' title="bbox 58 799 861 868; baseline 0.011 -22"><span class='ocrx_word' id='word_1_59' title='bbox 58 811 100 847; x_wconf 89' lang='lat' dir='ltr'><strong>non</strong></span> <span class='ocrx_word' id='word_1_60' title='bbox 110 799 188 851; x_wconf 75' lang='lat' dir='ltr'><strong>incidit</strong></span> <span class='ocrx_word' id='word_1_61' title='bbox 198 802 224 851; x_wconf 88' lang='lat' dir='ltr'><strong>in</strong></span> <span class='ocrx_word' id='word_1_62' title='bbox 241 801 305 852; x_wconf 79' lang='lat' dir='ltr'><strong>idem</strong></span> <span class='ocrx_word' id='word_1_63' title='bbox 319 814 432 864; x_wconf 84' lang='lat' dir='ltr'><strong>numero,</strong></span> <span class='ocrx_word' id='word_1_64' title='bbox 443 802 484 852; x_wconf 81' lang='lat' dir='ltr'><strong>sei</strong></span> <span class='ocrx_word' id='word_1_65' title='bbox 502 803 575 853; x_wconf 80' lang='lat' dir='ltr'><strong>toturn</strong></span> <span class='ocrx_word' id='word_1_66' title='bbox 583 803 610 852; x_wconf 92' lang='lat' dir='ltr'><strong>in</strong></span> <span class='ocrx_word' id='word_1_67' title='bbox 621 804 682 853; x_wconf 83' lang='lat' dir='ltr'><strong>idern</strong></span> <span class='ocrx_word' id='word_1_68' title='bbox 692 805 780 868; x_wconf 81' lang='lat' dir='ltr'><strong>specie3</strong></span> <span class='ocrx_word' id='word_1_69' title='bbox 791 806 861 855; x_wconf 86' lang='lat' dir='ltr'><strong>homo</strong></span> 
     </span>
     <span class='ocr_line' id='line_1_10' title="bbox 56 870 860 934; baseline 0.004 -14"><span class='ocrx_word' id='word_1_70' title='bbox 56 870 114 919; x_wconf 89' lang='lat' dir='ltr'><strong>enim</strong></span> <span class='ocrx_word' id='word_1_71' title='bbox 123 876 218 934; x_wconf 77' lang='lat' dir='ltr'><strong>generet</strong></span> <span class='ocrx_word' id='word_1_72' title='bbox 230 873 349 923; x_wconf 84' lang='lat' dir='ltr'><strong>hominem</strong></span> <span class='ocrx_word' id='word_1_73' title='bbox 362 887 368 922; x_wconf 73' lang='grc' dir='ltr'><strong>ι</strong></span> <span class='ocrx_word' id='word_1_74' title='bbox 379 872 478 922; x_wconf 78' lang='lat' dir='ltr'><strong>materia</strong></span> <span class='ocrx_word' id='word_1_75' title='bbox 486 872 543 924; x_wconf 78' lang='lat' dir='ltr'><strong>voro</strong></span> <span class='ocrx_word' id='word_1_76' title='bbox 552 887 604 924; x_wconf 84' lang='lat' dir='ltr'><strong>com</strong></span> <span class='ocrx_word' id='word_1_77' title='bbox 613 888 680 925; x_wconf 78' lang='lat' dir='ltr'><strong>cansa</strong></span> <span class='ocrx_word' id='word_1_78' title='bbox 691 875 804 926; x_wconf 85' lang='lat' dir='ltr'><strong>efficiente</strong></span> <span class='ocrx_word' id='word_1_79' title='bbox 813 888 860 924; x_wconf 93' lang='lat' dir='ltr'><strong>non</strong></span> 
     </span>
     <span class='ocr_line' id='line_1_11' title="bbox 58 940 861 1011; baseline 0.006 -21"><span class='ocrx_word' id='word_1_80' title='bbox 58 940 134 992; x_wconf 82' lang='lat' dir='ltr'><strong>incidit</strong></span> <span class='ocrx_word' id='word_1_81' title='bbox 145 942 172 992; x_wconf 91' lang='lat' dir='ltr'><strong>in</strong></span> <span class='ocrx_word' id='word_1_82' title='bbox 186 943 250 993; x_wconf 86' lang='lat' dir='ltr'><strong>idem</strong></span> <span class='ocrx_word' id='word_1_83' title='bbox 262 957 371 1008; x_wconf 81' lang='lat' dir='ltr'><strong>numero,</strong></span> <span class='ocrx_word' id='word_1_84' title='bbox 386 955 430 993; x_wconf 86' lang='lat' dir='ltr'><strong>nec</strong></span> <span class='ocrx_word' id='word_1_85' title='bbox 439 943 535 995; x_wconf 85' lang='lat' dir='ltr'><strong>inidem</strong></span> <span class='ocrx_word' id='word_1_86' title='bbox 549 944 638 1010; x_wconf 63' lang='lat' dir='ltr'><strong>specim</strong></span> <span class='ocrx_word' id='word_1_87' title='bbox 655 945 708 1011; x_wconf 78' lang='lat' dir='ltr'><strong>pria</strong></span> <span class='ocrx_word' id='word_1_88' title='bbox 725 948 769 997; x_wconf 86' lang='lat' dir='ltr'><strong>hoo</strong></span> <span class='ocrx_word' id='word_1_89' title='bbox 784 949 819 997; x_wconf 84' lang='lat' dir='ltr'><strong>est</strong></span> <span class='ocrx_word' id='word_1_90' title='bbox 834 945 861 995; x_wconf 94' lang='lat' dir='ltr'><strong>in</strong></span> 
     </span>
     <span class='ocr_line' id='line_1_12' title="bbox 57 1012 415 1076; baseline 0.006 -14"><span class='ocrx_word' id='word_1_91' title='bbox 57 1013 170 1076; x_wconf 84' lang='lat' dir='ltr'><strong>potentin,</strong></span> <span class='ocrx_word' id='word_1_92' title='bbox 181 1014 240 1064; x_wconf 85' lang='lat' dir='ltr'><strong>illud</strong></span> <span class='ocrx_word' id='word_1_93' title='bbox 249 1012 307 1064; x_wconf 77' lang='lat' dir='ltr'><strong>reri</strong></span> <span class='ocrx_word' id='word_1_94' title='bbox 316 1013 342 1064; x_wconf 93' lang='lat' dir='ltr'><strong>in</strong></span> <span class='ocrx_word' id='word_1_95' title='bbox 353 1017 415 1064; x_wconf 86' lang='lat' dir='ltr'><strong>actu.</strong></span> 
     </span>
    </p>

    <p class='ocr_par' dir='ltr' id='par_1_4' title="bbox 55 1081 864 1430">
     <span class='ocr_line' id='line_1_13' title="bbox 80 1081 862 1150; baseline 0.003 -17"><span class='ocrx_word' id='word_1_96' title='bbox 80 1082 200 1147; x_wconf 78' lang='lat' dir='ltr'><strong>Secundo,</strong></span> <span class='ocrx_word' id='word_1_97' title='bbox 211 1084 267 1148; x_wconf 77' lang='lat' dir='ltr'><strong>qtrie</strong></span> <span class='ocrx_word' id='word_1_98' title='bbox 279 1083 332 1134; x_wconf 81' lang='lat' dir='ltr'><strong>cim</strong></span> <span class='ocrx_word' id='word_1_99' title='bbox 347 1086 410 1134; x_wconf 83' lang='lat' dir='ltr'><strong>Dens</strong></span> <span class='ocrx_word' id='word_1_100' title='bbox 422 1082 452 1134; x_wconf 82' lang='lat' dir='ltr'><strong>rit</strong></span> <span class='ocrx_word' id='word_1_101' title='bbox 467 1081 540 1147; x_wconf 80' lang='lat' dir='ltr'><strong>prima</strong></span> <span class='ocrx_word' id='word_1_102' title='bbox 554 1097 621 1135; x_wconf 79' lang='lat' dir='ltr'><strong>causa</strong></span> <span class='ocrx_word' id='word_1_103' title='bbox 635 1084 750 1150; x_wconf 80' lang='lat' dir='ltr'><strong>efficiens,</strong></span> <span class='ocrx_word' id='word_1_104' title='bbox 761 1085 812 1149; x_wconf 79' lang='lat' dir='ltr'><strong>ejns</strong></span> <span class='ocrx_word' id='word_1_105' title='bbox 826 1088 862 1136; x_wconf 79' lang='lat' dir='ltr'><strong>cst</strong></span> 
     </span>
     <span class='ocr_line' id='line_1_14' title="bbox 55 1151 862 1224; baseline 0.002 -22"><span class='ocrx_word' id='word_1_106' title='bbox 55 1151 125 1215; x_wconf 82' lang='lat' dir='ltr'><strong>prino</strong></span> <span class='ocrx_word' id='word_1_107' title='bbox 141 1157 166 1204; x_wconf 91' lang='lat' dir='ltr'><strong>et</strong></span> <span class='ocrx_word' id='word_1_108' title='bbox 185 1167 227 1218; x_wconf 85' lang='lat' dir='ltr'><strong>per</strong></span> <span class='ocrx_word' id='word_1_109' title='bbox 247 1168 272 1224; x_wconf 82' lang='lat' dir='ltr'><strong>se</strong></span> <span class='ocrx_word' id='word_1_110' title='bbox 293 1167 375 1218; x_wconf 80' lang='lat' dir='ltr'><strong>agerc3</strong></span> <span class='ocrx_word' id='word_1_111' title='bbox 396 1153 456 1217; x_wconf 82' lang='lat' dir='ltr'><strong>qnod</strong></span> <span class='ocrx_word' id='word_1_112' title='bbox 471 1157 547 1205; x_wconf 77' lang='lat' dir='ltr'><strong>antem</strong></span> <span class='ocrx_word' id='word_1_113' title='bbox 557 1154 662 1206; x_wconf 79' lang='lat' dir='ltr'><strong>venitin</strong></span> <span class='ocrx_word' id='word_1_114' title='bbox 675 1154 862 1220; x_wconf 76' lang='lat' dir='ltr'><strong>compositionem</strong></span> 
     </span>
     <span class='ocr_line' id='line_1_15' title="bbox 56 1223 860 1288; baseline 0.005 -17"><span class='ocrx_word' id='word_1_115' title='bbox 56 1223 161 1288; x_wconf 83' lang='lat' dir='ltr'><strong>alicujus,</strong></span> <span class='ocrx_word' id='word_1_116' title='bbox 172 1237 220 1274; x_wconf 90' lang='lat' dir='ltr'><strong>non</strong></span> <span class='ocrx_word' id='word_1_117' title='bbox 229 1228 267 1275; x_wconf 81' lang='lat' dir='ltr'><strong>est</strong></span> <span class='ocrx_word' id='word_1_118' title='bbox 275 1223 349 1288; x_wconf 80' lang='lat' dir='ltr'><strong>primo</strong></span> <span class='ocrx_word' id='word_1_119' title='bbox 359 1227 384 1274; x_wconf 88' lang='lat' dir='ltr'><strong>et</strong></span> <span class='ocrx_word' id='word_1_120' title='bbox 392 1237 434 1288; x_wconf 85' lang='lat' dir='ltr'><strong>per</strong></span> <span class='ocrx_word' id='word_1_121' title='bbox 442 1237 467 1274; x_wconf 80' lang='lat' dir='ltr'><strong>se</strong></span> <span class='ocrx_word' id='word_1_122' title='bbox 477 1234 561 1288; x_wconf 74' lang='lat' dir='ltr'><strong>agene,</strong></span> <span class='ocrx_word' id='word_1_123' title='bbox 570 1225 690 1288; x_wconf 67' lang='lat' dir='ltr'><strong>tetmaris</strong></span> <span class='ocrx_word' id='word_1_124' title='bbox 698 1224 860 1288; x_wconf 70' lang='lat' dir='ltr'><strong>compositum</strong></span> 
     </span>
     <span class='ocr_line' id='line_1_16' title="bbox 57 1294 864 1358; baseline 0.001 -15"><span class='ocrx_word' id='word_1_125' title='bbox 57 1307 100 1344; x_wconf 90' lang='lat' dir='ltr'><strong>non</strong></span> <span class='ocrx_word' id='word_1_126' title='bbox 112 1295 173 1345; x_wconf 89' lang='lat' dir='ltr'><strong>eninr</strong></span> <span class='ocrx_word' id='word_1_127' title='bbox 184 1309 269 1345; x_wconf 82' lang='lat' dir='ltr'><strong>manus</strong></span> <span class='ocrx_word' id='word_1_128' title='bbox 280 1294 342 1358; x_wconf 80' lang='lat' dir='ltr'><strong>agit,</strong></span> <span class='ocrx_word' id='word_1_129' title='bbox 354 1294 474 1344; x_wconf 83' lang='lat' dir='ltr'><strong>sed&#39;homo</strong></span> <span class='ocrx_word' id='word_1_130' title='bbox 484 1307 525 1356; x_wconf 87' lang='lat' dir='ltr'><strong>per</strong></span> <span class='ocrx_word' id='word_1_131' title='bbox 535 1307 642 1358; x_wconf 81' lang='lat' dir='ltr'><strong>manum,</strong></span> <span class='ocrx_word' id='word_1_132' title='bbox 657 1298 680 1345; x_wconf 82' lang='lat' dir='ltr'><strong>ct</strong></span> <span class='ocrx_word' id='word_1_133' title='bbox 688 1295 749 1358; x_wconf 76' lang='lat' dir='ltr'><strong>ignis</strong></span> <span class='ocrx_word' id='word_1_134' title='bbox 759 1294 864 1347; x_wconf 76' lang='lat' dir='ltr'><strong>calefacit</strong></span> 
     </span>
     <span class='ocr_line' id='line_1_17' title="bbox 59 1365 864 1430; baseline 0.004 -16"><span class='ocrx_word' id='word_1_135' title='bbox 59 1377 97 1427; x_wconf 84' lang='lat' dir='ltr'><strong>por</strong></span> <span class='ocrx_word' id='word_1_136' title='bbox 113 1367 227 1430; x_wconf 77' lang='lat' dir='ltr'><strong>calorem3</strong></span> <span class='ocrx_word' id='word_1_137' title='bbox 243 1365 306 1416; x_wconf 87' lang='lat' dir='ltr'><strong>unde</strong></span> <span class='ocrx_word' id='word_1_138' title='bbox 324 1367 386 1418; x_wconf 81' lang='lat' dir='ltr'><strong>licus</strong></span> <span class='ocrx_word' id='word_1_139' title='bbox 403 1377 449 1416; x_wconf 88' lang='lat' dir='ltr'><strong>non</strong></span> <span class='ocrx_word' id='word_1_140' title='bbox 466 1367 542 1429; x_wconf 78' lang='lat' dir='ltr'><strong>potest</strong></span> <span class='ocrx_word' id='word_1_141' title='bbox 556 1377 607 1416; x_wconf 82' lang='lat' dir='ltr'><strong>cese</strong></span> <span class='ocrx_word' id='word_1_142' title='bbox 620 1379 675 1430; x_wconf 80' lang='lat' dir='ltr'><strong>pers</strong></span> <span class='ocrx_word' id='word_1_143' title='bbox 688 1365 786 1429; x_wconf 77' lang='lat' dir='ltr'><strong>nimios</strong></span> <span class='ocrx_word' id='word_1_144' title='bbox 802 1379 864 1417; x_wconf 88' lang='lat' dir='ltr'><strong>com-</strong></span> 
     </span>
    </p>

    <p class='ocr_par' dir='ltr' id='par_1_5' title="bbox 64 1504 869 2129">
     <span class='ocr_line' id='line_1_18' title="bbox 87 1504 865 1572; baseline 0 -16"><span class='ocrx_word' id='word_1_145' title='bbox 87 1505 171 1572; x_wconf 77' lang='lat' dir='ltr'><strong>tertii,</strong></span> <span class='ocrx_word' id='word_1_146' title='bbox 183 1507 312 1572; x_wconf 79' lang='lat' dir='ltr'><strong>quianulla</strong></span> <span class='ocrx_word' id='word_1_147' title='bbox 321 1520 374 1570; x_wconf 81' lang='lat' dir='ltr'><strong>pers</strong></span> <span class='ocrx_word' id='word_1_148' title='bbox 383 1504 783 1570; x_wconf 78' lang='lat' dir='ltr'><strong>compositipotestemerimpliciter</strong></span> <span class='ocrx_word' id='word_1_149' title='bbox 791 1506 865 1570; x_wconf 84' lang='lat' dir='ltr'><strong>prima</strong></span> 
     </span>
     <span class='ocr_line' id='line_1_19' title="bbox 64 1573 865 1643; baseline 0.007 -20"><span class='ocrx_word' id='word_1_150' title='bbox 64 1573 199 1643; x_wconf 78' lang='lat' dir='ltr'><strong>inentibus,</strong></span> <span class='ocrx_word' id='word_1_151' title='bbox 218 1593 295 1642; x_wconf 83' lang='lat' dir='ltr'><strong>neqne</strong></span> <span class='ocrx_word' id='word_1_152' title='bbox 310 1578 380 1628; x_wconf 79' lang='lat' dir='ltr'><strong>etiam</strong></span> <span class='ocrx_word' id='word_1_153' title='bbox 394 1577 490 1628; x_wconf 77' lang='lat' dir='ltr'><strong>matoria</strong></span> <span class='ocrx_word' id='word_1_154' title='bbox 507 1581 531 1628; x_wconf 88' lang='lat' dir='ltr'><strong>et</strong></span> <span class='ocrx_word' id='word_1_155' title='bbox 547 1577 635 1640; x_wconf 83' lang='lat' dir='ltr'><strong>forme,</strong></span> <span class='ocrx_word' id='word_1_156' title='bbox 653 1590 705 1641; x_wconf 77' lang='lat' dir='ltr'><strong>quo</strong></span> <span class='ocrx_word' id='word_1_157' title='bbox 716 1580 769 1628; x_wconf 82' lang='lat' dir='ltr'><strong>sunt</strong></span> <span class='ocrx_word' id='word_1_158' title='bbox 785 1577 865 1640; x_wconf 77' lang='lat' dir='ltr'><strong>primm</strong></span> 
     </span>
     <span class='ocr_line' id='line_1_20' title="bbox 67 1647 867 1712; baseline 0 -14"><span class='ocrx_word' id='word_1_159' title='bbox 67 1649 133 1706; x_wconf 76' lang='lat' dir='ltr'><strong>partes</strong></span> <span class='ocrx_word' id='word_1_160' title='bbox 149 1649 341 1712; x_wconf 86' lang='lat' dir='ltr'><strong>compositorum.</strong></span> <span class='ocrx_word' id='word_1_161' title='bbox 356 1649 416 1698; x_wconf 79' lang='lat' dir='ltr'><strong>Nam</strong></span> <span class='ocrx_word' id='word_1_162' title='bbox 431 1647 529 1698; x_wconf 80' lang='lat' dir='ltr'><strong>materia</strong></span> <span class='ocrx_word' id='word_1_163' title='bbox 545 1651 580 1697; x_wconf 79' lang='lat' dir='ltr'><strong>cet</strong></span> <span class='ocrx_word' id='word_1_164' title='bbox 593 1647 618 1697; x_wconf 91' lang='lat' dir='ltr'><strong>in</strong></span> <span class='ocrx_word' id='word_1_165' title='bbox 631 1647 746 1710; x_wconf 81' lang='lat' dir='ltr'><strong>potentia,</strong></span> <span class='ocrx_word' id='word_1_166' title='bbox 764 1648 867 1710; x_wconf 76' lang='lat' dir='ltr'><strong>potentia</strong></span> 
     </span>
     <span class='ocr_line' id='line_1_21' title="bbox 65 1716 866 1783; baseline 0.007 -21"><span class='ocrx_word' id='word_1_167' title='bbox 65 1719 132 1767; x_wconf 79' lang='lat' dir='ltr'><strong>eutem</strong></span> <span class='ocrx_word' id='word_1_168' title='bbox 145 1723 182 1770; x_wconf 87' lang='lat' dir='ltr'><strong>est</strong></span> <span class='ocrx_word' id='word_1_169' title='bbox 190 1719 308 1783; x_wconf 78' lang='lat' dir='ltr'><strong>posterior</strong></span> <span class='ocrx_word' id='word_1_170' title='bbox 323 1721 375 1769; x_wconf 82' lang='lat' dir='ltr'><strong>notu</strong></span> <span class='ocrx_word' id='word_1_171' title='bbox 391 1716 534 1782; x_wconf 82' lang='lat' dir='ltr'><strong>simpliciter,</strong></span> <span class='ocrx_word' id='word_1_172' title='bbox 547 1721 574 1767; x_wconf 86' lang='lat' dir='ltr'><strong>ut</strong></span> <span class='ocrx_word' id='word_1_173' title='bbox 584 1731 614 1767; x_wconf 83' lang='lat' dir='ltr'><strong>ex</strong></span> <span class='ocrx_word' id='word_1_174' title='bbox 626 1718 692 1768; x_wconf 78' lang='lat' dir='ltr'><strong>dietis</strong></span> <span class='ocrx_word' id='word_1_175' title='bbox 703 1721 775 1782; x_wconf 81' lang='lat' dir='ltr'><strong>patet.</strong></span> <span class='ocrx_word' id='word_1_176' title='bbox 785 1717 866 1768; x_wconf 78' lang='lat' dir='ltr'><strong>Forma</strong></span> 
     </span>
     <span class='ocr_line' id='line_1_22' title="bbox 66 1787 866 1855; baseline 0.003 -20"><span class='ocrx_word' id='word_1_177' title='bbox 66 1791 191 1855; x_wconf 81' lang='lat' dir='ltr'><strong>antemqnae</strong></span> <span class='ocrx_word' id='word_1_178' title='bbox 202 1795 239 1842; x_wconf 85' lang='lat' dir='ltr'><strong>est</strong></span> <span class='ocrx_word' id='word_1_179' title='bbox 246 1803 301 1854; x_wconf 80' lang='lat' dir='ltr'><strong>pam</strong></span> <span class='ocrx_word' id='word_1_180' title='bbox 309 1787 430 1852; x_wconf 78' lang='lat' dir='ltr'><strong>compositi</strong></span> <span class='ocrx_word' id='word_1_181' title='bbox 438 1790 473 1838; x_wconf 82' lang='lat' dir='ltr'><strong>est</strong></span> <span class='ocrx_word' id='word_1_182' title='bbox 482 1787 555 1838; x_wconf 82' lang='lat' dir='ltr'><strong>iorrm</strong></span> <span class='ocrx_word' id='word_1_183' title='bbox 563 1788 697 1851; x_wconf 74' lang='lat' dir='ltr'><strong>participata</strong></span> <span class='ocrx_word' id='word_1_184' title='bbox 701 1825 710 1852; x_wconf 62' lang='lat'><em>7</em></span> <span class='ocrx_word' id='word_1_185' title='bbox 721 1788 780 1839; x_wconf 78' lang='lat' dir='ltr'><strong>siout</strong></span> <span class='ocrx_word' id='word_1_186' title='bbox 789 1790 866 1838; x_wconf 82' lang='lat' dir='ltr'><strong>antem</strong></span> 
     </span>
     <span class='ocr_line' id='line_1_23' title="bbox 66 1858 867 1924; baseline 0 -15"><span class='ocrx_word' id='word_1_187' title='bbox 66 1859 198 1924; x_wconf 71' lang='lat' dir='ltr'><strong>participans</strong></span> <span class='ocrx_word' id='word_1_188' title='bbox 211 1865 249 1911; x_wconf 81' lang='lat' dir='ltr'><strong>est</strong></span> <span class='ocrx_word' id='word_1_189' title='bbox 260 1859 375 1924; x_wconf 79' lang='lat' dir='ltr'><strong>posterius</strong></span> <span class='ocrx_word' id='word_1_190' title='bbox 384 1871 412 1910; x_wconf 83' lang='lat' dir='ltr'><strong>eo</strong></span> <span class='ocrx_word' id='word_1_191' title='bbox 421 1858 481 1922; x_wconf 81' lang='lat' dir='ltr'><strong>quod</strong></span> <span class='ocrx_word' id='word_1_192' title='bbox 488 1861 523 1908; x_wconf 83' lang='lat' dir='ltr'><strong>est</strong></span> <span class='ocrx_word' id='word_1_193' title='bbox 531 1872 572 1922; x_wconf 87' lang='lat' dir='ltr'><strong>per</strong></span> <span class='ocrx_word' id='word_1_194' title='bbox 581 1859 711 1924; x_wconf 84' lang='lat' dir='ltr'><strong>essentiam,</strong></span> <span class='ocrx_word' id='word_1_195' title='bbox 717 1860 751 1909; x_wconf 76' lang='lat' dir='ltr'><strong>ita</strong></span> <span class='ocrx_word' id='word_1_196' title='bbox 759 1862 783 1910; x_wconf 87' lang='lat' dir='ltr'><strong>et</strong></span> <span class='ocrx_word' id='word_1_197' title='bbox 790 1860 867 1923; x_wconf 80' lang='lat' dir='ltr'><strong>ipsum</strong></span> 
     </span>
     <span class='ocr_line' id='line_1_24' title="bbox 65 1929 868 1994; baseline -0.004 -12"><span class='ocrx_word' id='word_1_198' title='bbox 65 1929 235 1994; x_wconf 73' lang='lat' dir='ltr'><strong>paticipatam:</strong></span> <span class='ocrx_word' id='word_1_199' title='bbox 249 1931 314 1990; x_wconf 63' lang='lat' dir='ltr'><strong>sicut,</strong></span> <span class='ocrx_word' id='word_1_200' title='bbox 324 1930 386 1993; x_wconf 84' lang='lat' dir='ltr'><strong>ignis</strong></span> <span class='ocrx_word' id='word_1_201' title='bbox 394 1929 420 1979; x_wconf 87' lang='lat' dir='ltr'><strong>in</strong></span> <span class='ocrx_word' id='word_1_202' title='bbox 429 1929 509 1992; x_wconf 79' lang='lat' dir='ltr'><strong>ignitis</strong></span> <span class='ocrx_word' id='word_1_203' title='bbox 518 1933 554 1979; x_wconf 83' lang='lat' dir='ltr'><strong>est</strong></span> <span class='ocrx_word' id='word_1_204' title='bbox 568 1929 680 1993; x_wconf 83' lang='lat' dir='ltr'><strong>posterior</strong></span> <span class='ocrx_word' id='word_1_205' title='bbox 689 1943 717 1980; x_wconf 86' lang='lat' dir='ltr'><strong>eo</strong></span> <span class='ocrx_word' id='word_1_206' title='bbox 728 1929 768 1994; x_wconf 83' lang='lat' dir='ltr'><strong>qui</strong></span> <span class='ocrx_word' id='word_1_207' title='bbox 778 1933 813 1980; x_wconf 82' lang='lat' dir='ltr'><strong>est</strong></span> <span class='ocrx_word' id='word_1_208' title='bbox 825 1943 868 1993; x_wconf 88' lang='lat' dir='ltr'><strong>per</strong></span> 
     </span>
     <span class='ocr_line' id='line_1_25' title="bbox 67 1999 869 2116; baseline -0.006 -64"><span class='ocrx_word' id='word_1_209' title='bbox 67 2001 190 2116; x_wconf 51' lang='lat' dir='ltr'><strong>ttffentiem.</strong></span> <span class='ocrx_word' id='word_1_210' title='bbox 204 2003 330 2052; x_wconf 79' lang='lat' dir='ltr'><strong>ostensum</strong></span> <span class='ocrx_word' id='word_1_211' title='bbox 340 2003 376 2052; x_wconf 83' lang='lat' dir='ltr'><strong>est</strong></span> <span class='ocrx_word' id='word_1_212' title='bbox 392 2000 468 2050; x_wconf 80' lang='lat' dir='ltr'><strong>autern</strong></span> <span class='ocrx_word' id='word_1_213' title='bbox 478 1999 605 2064; x_wconf 81' lang='lat' dir='ltr'><strong>quodtieus</strong></span> <span class='ocrx_word' id='word_1_214' title='bbox 614 2003 650 2052; x_wconf 88' lang='lat' dir='ltr'><strong>est</strong></span> <span class='ocrx_word' id='word_1_215' title='bbox 659 1999 869 2064; x_wconf 83' lang='lat' dir='ltr'><strong>primnmensnim·</strong></span> 
     </span>
     <span class='ocr_line' id='line_1_26' title="bbox 68 2069 157 2129; baseline 0.011 -9"><span class='ocrx_word' id='word_1_216' title='bbox 68 2080 82 2129; x_wconf 80' lang='lat' dir='ltr'><strong>p</strong></span> <span class='ocrx_word' id='word_1_217' title='bbox 96 2069 157 2122; x_wconf 81' lang='lat' dir='ltr'><strong>citer.</strong></span> 
     </span>
    </p>

    <p class='ocr_par' dir='ltr' id='par_1_6' title="bbox 70 2137 868 2276">
     <span class='ocr_line' id='line_1_27' title="bbox 97 2137 868 2204; baseline 0.004 -15"><span class='ocrx_word' id='word_1_218' title='bbox 97 2141 128 2190; x_wconf 80' lang='lat' dir='ltr'><strong>tr</strong></span> <span class='ocrx_word' id='word_1_219' title='bbox 136 2141 237 2204; x_wconf 88' lang='lat' dir='ltr'><strong>primum</strong></span> <span class='ocrx_word' id='word_1_220' title='bbox 246 2155 301 2204; x_wconf 81' lang='lat' dir='ltr'><strong>ergo</strong></span> <span class='ocrx_word' id='word_1_221' title='bbox 312 2138 447 2202; x_wconf 81' lang='lat' dir='ltr'><strong>dicendum,</strong></span> <span class='ocrx_word' id='word_1_222' title='bbox 457 2137 518 2204; x_wconf 77' lang='lat' dir='ltr'><strong>quod</strong></span> <span class='ocrx_word' id='word_1_223' title='bbox 526 2139 599 2190; x_wconf 80' lang='lat' dir='ltr'><strong>deitas</strong></span> <span class='ocrx_word' id='word_1_224' title='bbox 609 2139 690 2189; x_wconf 86' lang='lat' dir='ltr'><strong>dicitnr</strong></span> <span class='ocrx_word' id='word_1_225' title='bbox 700 2151 749 2190; x_wconf 83' lang='lat' dir='ltr'><strong>esse</strong></span> <span class='ocrx_word' id='word_1_226' title='bbox 758 2138 868 2204; x_wconf 83' lang='lat' dir='ltr'><strong>omnium,</strong></span> 
     </span>
     <span class='ocr_line' id='line_1_28' title="bbox 70 2209 732 2276; baseline 0.002 -17"><span class='ocrx_word' id='word_1_227' title='bbox 70 2209 167 2262; x_wconf 77' lang='lat' dir='ltr'><strong>ettoctire</strong></span> <span class='ocrx_word' id='word_1_228' title='bbox 178 2216 203 2262; x_wconf 84' lang='lat' dir='ltr'><strong>et</strong></span> <span class='ocrx_word' id='word_1_229' title='bbox 214 2210 392 2275; x_wconf 70' lang='lat' dir='ltr'><strong>exemplariter,</strong></span> <span class='ocrx_word' id='word_1_230' title='bbox 406 2224 453 2261; x_wconf 88' lang='lat' dir='ltr'><strong>non</strong></span> <span class='ocrx_word' id='word_1_231' title='bbox 463 2215 540 2260; x_wconf 81' lang='lat' dir='ltr'><strong>autem</strong></span> <span class='ocrx_word' id='word_1_232' title='bbox 548 2222 590 2276; x_wconf 83' lang='lat' dir='ltr'><strong>per</strong></span> <span class='ocrx_word' id='word_1_233' title='bbox 603 2210 732 2260; x_wconf 80' lang='lat' dir='ltr'><strong>essentiam.</strong></span> 
     </span>
    </p>

    <p class='ocr_par' dir='ltr' id='par_1_7' title="bbox 72 2279 870 2416">
     <span class='ocr_line' id='line_1_29' title="bbox 98 2279 870 2345; baseline -0.001 -13"><span class='ocrx_word' id='word_1_234' title='bbox 98 2283 129 2332; x_wconf 82' lang='lat' dir='ltr'><strong>tr</strong></span> <span class='ocrx_word' id='word_1_235' title='bbox 141 2283 268 2334; x_wconf 80' lang='lat' dir='ltr'><strong>eorundum</strong></span> <span class='ocrx_word' id='word_1_236' title='bbox 277 2281 399 2332; x_wconf 83' lang='lat' dir='ltr'><strong>dicendum</strong></span> <span class='ocrx_word' id='word_1_237' title='bbox 405 2317 414 2344; x_wconf 61' lang='lat'><em>7</em></span> <span class='ocrx_word' id='word_1_238' title='bbox 423 2279 483 2344; x_wconf 82' lang='lat' dir='ltr'><strong>qnod</strong></span> <span class='ocrx_word' id='word_1_239' title='bbox 491 2281 588 2332; x_wconf 79' lang='lat' dir='ltr'><strong>terbum</strong></span> <span class='ocrx_word' id='word_1_240' title='bbox 597 2283 632 2330; x_wconf 81' lang='lat' dir='ltr'><strong>est</strong></span> <span class='ocrx_word' id='word_1_241' title='bbox 640 2279 713 2331; x_wconf 83' lang='lat' dir='ltr'><strong>torma</strong></span> <span class='ocrx_word' id='word_1_242' title='bbox 721 2280 870 2345; x_wconf 81' lang='lat' dir='ltr'><strong>exemplaris,</strong></span> 
     </span>
     <span class='ocr_line' id='line_1_30' title="bbox 72 2348 657 2416; baseline -0.007 -14"><span class='ocrx_word' id='word_1_243' title='bbox 72 2362 112 2402; x_wconf 88' lang='lat' dir='ltr'><strong>non</strong></span> <span class='ocrx_word' id='word_1_244' title='bbox 123 2357 200 2405; x_wconf 83' lang='lat' dir='ltr'><strong>autern</strong></span> <span class='ocrx_word' id='word_1_245' title='bbox 213 2353 291 2404; x_wconf 79' lang='lat' dir='ltr'><strong>torma</strong></span> <span class='ocrx_word' id='word_1_246' title='bbox 302 2364 354 2416; x_wconf 83' lang='lat' dir='ltr'><strong>quae</strong></span> <span class='ocrx_word' id='word_1_247' title='bbox 368 2353 404 2402; x_wconf 80' lang='lat' dir='ltr'><strong>est</strong></span> <span class='ocrx_word' id='word_1_248' title='bbox 417 2363 469 2414; x_wconf 78' lang='lat' dir='ltr'><strong>pare</strong></span> <span class='ocrx_word' id='word_1_249' title='bbox 482 2349 603 2415; x_wconf 88' lang='lat' dir='ltr'><strong>compositi</strong></span> <span class='ocrx_word' id='word_1_250' title='bbox 615 2348 657 2416; x_wconf 89' lang='lat' dir='ltr'><strong>(t).</strong></span> 
     </span>
    </p>
   </div>
   <div class='ocr_carea' id='block_1_3' title="bbox 72 2485 878 2979">
    <p class='ocr_par' dir='ltr' id='par_1_8' title="bbox 74 2485 874 2735">
     <span class='ocr_line' id='line_1_31' title="bbox 75 2485 873 2544; baseline -0.006 -10"><span class='ocrx_word' id='word_1_251' title='bbox 75 2487 179 2537; x_wconf 66' lang='lat' dir='ltr'><strong>immeo</strong></span> <span class='ocrx_word' id='word_1_252' title='bbox 200 2488 322 2536; x_wconf 73' lang='lat' dir='ltr'><strong>emeterio</strong></span> <span class='ocrx_word' id='word_1_253' title='bbox 339 2488 385 2537; x_wconf 76' lang='lat' dir='ltr'><strong>eit,</strong></span> <span class='ocrx_word' id='word_1_254' title='bbox 403 2497 475 2544; x_wconf 70' lang='lat' dir='ltr'><strong>emmo</strong></span> <span class='ocrx_word' id='word_1_255' title='bbox 489 2487 594 2539; x_wconf 58' lang='lat' dir='ltr'><strong>imorem·</strong></span> <span class='ocrx_word' id='word_1_256' title='bbox 610 2497 706 2542; x_wconf 81' lang='lat' dir='ltr'><strong>excep.</strong></span> <span class='ocrx_word' id='word_1_257' title='bbox 723 2485 873 2530; x_wconf 67' lang='lat' dir='ltr'><strong>mmmm</strong></span> 
     </span>
     <span class='ocr_line' id='line_1_32' title="bbox 74 2546 874 2598; baseline -0.003 -4"><span class='ocrx_word' id='word_1_258' title='bbox 74 2557 131 2598; x_wconf 80' lang='lat' dir='ltr'><strong>extro</strong></span> <span class='ocrx_word' id='word_1_259' title='bbox 143 2553 172 2598; x_wconf 81' lang='lat' dir='ltr'><strong>dc</strong></span> <span class='ocrx_word' id='word_1_260' title='bbox 188 2563 282 2598; x_wconf 77' lang='lat' dir='ltr'><strong>summe</strong></span> <span class='ocrx_word' id='word_1_261' title='bbox 292 2550 406 2595; x_wconf 83' lang='lat' dir='ltr'><strong>Trinitete</strong></span> <span class='ocrx_word' id='word_1_262' title='bbox 422 2553 446 2593; x_wconf 84' lang='lat' dir='ltr'><strong>ot</strong></span> <span class='ocrx_word' id='word_1_263' title='bbox 459 2548 576 2593; x_wconf 75' lang='lat' dir='ltr'><strong>catholico</strong></span> <span class='ocrx_word' id='word_1_264' title='bbox 589 2546 633 2591; x_wconf 83' lang='lat' dir='ltr'><strong>tide</strong></span> <span class='ocrx_word' id='word_1_265' title='bbox 646 2547 725 2592; x_wconf 78' lang='lat' dir='ltr'><strong>versis</strong></span> <span class='ocrx_word' id='word_1_266' title='bbox 739 2546 816 2592; x_wconf 88' lang='lat' dir='ltr'><strong>tinem.</strong></span> <span class='ocrx_word' id='word_1_267' title='bbox 828 2550 874 2592; x_wconf 83' lang='lat' dir='ltr'><strong>De·</strong></span> 
     </span>
     <span class='ocr_line' id='line_1_33' title="bbox 74 2609 873 2667; baseline -0.008 -9"><span class='ocrx_word' id='word_1_268' title='bbox 74 2613 124 2658; x_wconf 78' lang='lat' dir='ltr'><strong>vion</strong></span> <span class='ocrx_word' id='word_1_269' title='bbox 142 2621 222 2661; x_wconf 84' lang='lat' dir='ltr'><strong>eutem</strong></span> <span class='ocrx_word' id='word_1_270' title='bbox 235 2613 264 2656; x_wconf 87' lang='lat' dir='ltr'><strong>de</strong></span> <span class='ocrx_word' id='word_1_271' title='bbox 279 2611 385 2658; x_wconf 82' lang='lat' dir='ltr'><strong>Dinando</strong></span> <span class='ocrx_word' id='word_1_272' title='bbox 400 2610 504 2655; x_wconf 80' lang='lat' dir='ltr'><strong>meminit</strong></span> <span class='ocrx_word' id='word_1_273' title='bbox 517 2615 541 2656; x_wconf 85' lang='lat' dir='ltr'><strong>et</strong></span> <span class='ocrx_word' id='word_1_274' title='bbox 550 2609 660 2655; x_wconf 75' lang='lat' dir='ltr'><strong>erbertus</strong></span> <span class='ocrx_word' id='word_1_275' title='bbox 669 2610 695 2655; x_wconf 88' lang='lat' dir='ltr'><strong>in</strong></span> <span class='ocrx_word' id='word_1_276' title='bbox 709 2609 873 2667; x_wconf 74' lang='lat' dir='ltr'><strong>Stemmoenn,</strong></span> 
     </span>
     <span class='ocr_line' id='line_1_34' title="bbox 74 2671 476 2735; baseline -0.002 -18"><span class='ocrx_word' id='word_1_277' title='bbox 74 2679 135 2721; x_wconf 75' lang='lat' dir='ltr'><strong>tract.</strong></span> <span class='ocrx_word' id='word_1_278' title='bbox 152 2676 177 2735; x_wconf 78' lang='lat' dir='ltr'><strong>t,</strong></span> <span class='ocrx_word' id='word_1_279' title='bbox 189 2679 277 2732; x_wconf 79' lang='lat' dir='ltr'><strong>quest.</strong></span> <span class='ocrx_word' id='word_1_280' title='bbox 289 2671 329 2731; x_wconf 71' lang='lat' dir='ltr'><strong>to,</strong></span> <span class='ocrx_word' id='word_1_281' title='bbox 340 2672 440 2718; x_wconf 87' lang='lat' dir='ltr'><strong>membr.</strong></span> <span class='ocrx_word' id='word_1_282' title='bbox 452 2671 476 2716; x_wconf 70' lang='lat' dir='ltr'><strong>i.</strong></span> 
     </span>
    </p>

    <p class='ocr_par' dir='ltr' id='par_1_9' title="bbox 72 2731 878 2979">
     <span class='ocr_line' id='line_1_35' title="bbox 103 2731 875 2796; baseline -0.01 -16"><span class='ocrx_word' id='word_1_283' title='bbox 103 2734 132 2796; x_wconf 82' lang='lat' dir='ltr'><strong>(t)</strong></span> <span class='ocrx_word' id='word_1_284' title='bbox 143 2739 180 2783; x_wconf 83' lang='lat' dir='ltr'><strong>stc</strong></span> <span class='ocrx_word' id='word_1_285' title='bbox 187 2737 262 2782; x_wconf 79' lang='lat' dir='ltr'><strong>etiam</strong></span> <span class='ocrx_word' id='word_1_286' title='bbox 273 2733 448 2791; x_wconf 79' lang='lat' dir='ltr'><strong>inteiligendum</strong></span> <span class='ocrx_word' id='word_1_287' title='bbox 459 2732 521 2788; x_wconf 84' lang='lat' dir='ltr'><strong>quod</strong></span> <span class='ocrx_word' id='word_1_288' title='bbox 530 2733 556 2776; x_wconf 92' lang='lat' dir='ltr'><strong>in</strong></span> <span class='ocrx_word' id='word_1_289' title='bbox 565 2743 635 2788; x_wconf 83' lang='lat' dir='ltr'><strong>prone</strong></span> <span class='ocrx_word' id='word_1_290' title='bbox 643 2731 672 2776; x_wconf 85' lang='lat' dir='ltr'><strong>dc</strong></span> <span class='ocrx_word' id='word_1_291' title='bbox 683 2731 794 2776; x_wconf 79' lang='lat' dir='ltr'><strong>Trinitete</strong></span> <span class='ocrx_word' id='word_1_292' title='bbox 805 2741 875 2785; x_wconf 76' lang='lat' dir='ltr'><strong>qnam</strong></span> 
     </span>
     <span class='ocr_line' id='line_1_36' title="bbox 73 2791 876 2852; baseline -0.015 -8"><span class='ocrx_word' id='word_1_293' title='bbox 73 2807 128 2844; x_wconf 80' lang='lat' dir='ltr'><strong>nnnc</strong></span> <span class='ocrx_word' id='word_1_294' title='bbox 147 2801 221 2846; x_wconf 76' lang='lat' dir='ltr'><strong>etiam</strong></span> <span class='ocrx_word' id='word_1_295' title='bbox 238 2795 419 2842; x_wconf 65' lang='lat' dir='ltr'><strong>predicatorum</strong></span> <span class='ocrx_word' id='word_1_296' title='bbox 435 2794 603 2851; x_wconf 67' lang='lat' dir='ltr'><strong>ntuentium,</strong></span> <span class='ocrx_word' id='word_1_297' title='bbox 621 2793 719 2849; x_wconf 77' lang='lat' dir='ltr'><strong>stropho</strong></span> <span class='ocrx_word' id='word_1_298' title='bbox 733 2791 778 2852; x_wconf 77' lang='lat' dir='ltr'><strong>tt,</strong></span> <span class='ocrx_word' id='word_1_299' title='bbox 793 2791 876 2834; x_wconf 80' lang='lat' dir='ltr'><strong>dicitnr</strong></span> 
     </span>
     <span class='ocr_line' id='line_1_37' title="bbox 73 2850 877 2916; baseline -0.017 -10"><span class='ocrx_word' id='word_1_300' title='bbox 73 2859 126 2906; x_wconf 73' lang='lat' dir='ltr'><strong>liene</strong></span> <span class='ocrx_word' id='word_1_301' title='bbox 144 2873 222 2906; x_wconf 70' lang='lat' dir='ltr'><strong>conto</strong></span> <span class='ocrx_word' id='word_1_302' title='bbox 236 2857 347 2916; x_wconf 72' lang='lat' dir='ltr'><strong>effectivo</strong></span> <span class='ocrx_word' id='word_1_303' title='bbox 361 2856 400 2902; x_wconf 82' lang='lat' dir='ltr'><strong>oet</strong></span> <span class='ocrx_word' id='word_1_304' title='bbox 412 2855 524 2914; x_wconf 68' lang='lat' dir='ltr'><strong>formatio</strong></span> <span class='ocrx_word' id='word_1_305' title='bbox 545 2855 616 2900; x_wconf 81' lang='lat' dir='ltr'><strong>vetuti</strong></span> <span class='ocrx_word' id='word_1_306' title='bbox 629 2855 767 2909; x_wconf 75' lang='lat' dir='ltr'><strong>exemplaris</strong></span> <span class='ocrx_word' id='word_1_307' title='bbox 780 2861 833 2905; x_wconf 70' lang='lat' dir='ltr'><strong>qum</strong></span> <span class='ocrx_word' id='word_1_308' title='bbox 847 2850 877 2892; x_wconf 77' lang='lat' dir='ltr'><strong>eci</strong></span> 
     </span>
     <span class='ocr_line' id='line_1_38' title="bbox 72 2912 878 2979; baseline -0.024 -8"><span class='ocrx_word' id='word_1_309' title='bbox 72 2918 185 2970; x_wconf 70' lang='lat' dir='ltr'><strong>somniem</strong></span> <span class='ocrx_word' id='word_1_310' title='bbox 203 2922 286 2979; x_wconf 73' lang='lat' dir='ltr'><strong>atiquo</strong></span> <span class='ocrx_word' id='word_1_311' title='bbox 299 2919 370 2966; x_wconf 84' lang='lat' dir='ltr'><strong>modo</strong></span> <span class='ocrx_word' id='word_1_312' title='bbox 387 2917 518 2976; x_wconf 60' lang='lat' dir='ltr'><strong>rodcoitun</strong></span> <span class='ocrx_word' id='word_1_313' title='bbox 532 2916 577 2963; x_wconf 77' lang='lat' dir='ltr'><strong>etri</strong></span> <span class='ocrx_word' id='word_1_314' title='bbox 590 2915 720 2975; x_wconf 66' lang='lat' dir='ltr'><strong>{mort</strong></span> <span class='ocrx_word' id='word_1_315' title='bbox 730 2912 878 2960; x_wconf 71' lang='lat' dir='ltr'><strong>trictionem</strong></span> 
     </span>
    </p>
   </div>
   <div class='ocr_carea' id='block_1_4' title="bbox 0 0 1027 3342">
    <p class='ocr_par' dir='ltr' id='par_1_10' title="bbox 0 0 1027 3342">
     <span class='ocr_line' id='line_1_39' title="bbox 0 0 1027 3342; baseline 0 0"><span class='ocrx_word' id='word_1_316' title='bbox 0 0 1027 3342; x_wconf 95' lang='lat' dir='ltr'><strong> </strong></span> 
     </span>
    </p>
   </div>
  </div>
 </body>
</html>
