1992 3342
337 195 370 230 nn
386 188 514 227 nonninus
528 184 576 220 nui.
814 156 858 201 ιιι

84 289 248 349 ιῦοιεοιεειο.
265 302 295 311 -
309 274 361 322 Hoe-
375 279 474 326 nomeu,
488 262 535 323 Qui
556 262 606 317 εει,
625 249 708 314 triplici
721 244 808 295 ratione
827 245 861 290 est

58 357 155 409 nimime
166 349 286 417 proprium
293 355 380 395 nomen
388 335 453 398 liei.)

83 425 223 492 Respondeo
241 417 377 474 dicendum,
394 408 455 474 quod
472 408 516 455 hoe
536 410 635 458 nomen,
653 394 698 455 Qui
713 395 763 443 est,
778 382 862 446 triplici

57 504 143 552 ratione
158 499 195 547 est
208 488 307 541 mantne
320 482 438 549 proprium
448 487 533 527 nomen
549 470 598 521 Dei.

85 572 164 622 Primo
169 564 264 629 quidem
270 560 366 623 propter
373 552 409 603 sui
414 544 611 611 significationem.
619 538 669 588 Non
681 532 742 583 enim
753 526 866 590 signifieat

57 649 153 694 formam
166 635 282 699 adqmm,
296 629 338 679 sed
354 627 431 689 ipsum
440 632 501 669 esse.
514 614 578 665 Unde
595 609 647 659 edm
661 618 712 655 esse
724 600 765 651 Dei
778 599 807 647 sit
817 598 866 659 ipsa

59 717 108 778 ejus
122 707 241 766 essentia,
255 706 280 752 et
291 703 339 749 hoe
354 693 412 745 nulli
429 690 468 740 alii
482 683 615 743 oouveniat,
631 682 656 727 ut
670 672 738 738 sopri
751 674 867 720 ostensum

60 792 108 836 est:
119 778 273 832 menifestum
281 766 386 831 estquod
395 764 456 812 inter
464 758 508 808 alia
518 753 612 806 nomina
620 752 664 800 hoo
670 741 768 795 maxime
778 736 868 804 proprie

62 855 164 906 nominat
172 852 256 899 Deum.
269 836 450 902 Unumquodque
464 829 525 879 enim
539 821 696 875 denominatur
709 814 774 863 isua
787 812 867 859 torma.

90 920 200 976 Secundo
225 917 320 980 propter
341 909 394 972 ejus
415 897 618 954 universalitatem.
640 888 721 941 Omnia
741 882 803 933 enim
827 877 871 927 alia

64 996 169 1056 nmina,
180 990 219 1041 uel
237 989 294 1037 sunt
308 982 386 1031 minus
406 970 534 1025 communia
540 1006 548 1031 ‚
561 966 599 1015 uel
611 962 630 1013 si
642 956 802 1011 convertantur
820 962 872 999 cum

66 1069 131 1130 ipsi,
141 1070 218 1113 minen
231 1057 321 1109 addunt
335 1047 422 1112 aliquid
438 1056 506 1107 supra
520 1040 595 1102 ipsum
608 1030 731 1083 seeundum
745 1022 871 1078 rationem,

66 1138 130 1187 nude
138 1128 303 1198 quodammodo
314 1120 440 1172 informant
450 1117 474 1164 et
485 1108 638 1162 determinant
648 1102 731 1165 ipsiuu.
745 1091 875 1143 Intellectus

68 1212 147 1259 antem
163 1206 303 1256 nosternon
316 1195 393 1257 potest
410 1189 484 1251 ipsam
502 1181 543 1231 Dei
562 1174 683 1229 essentiam
697 1168 834 1229 cognoscere
850 1160 874 1208 iu

66 1284 128 1331 statu
144 1278 187 1326 viae
192 1312 201 1337 ‚
215 1267 344 1321 seeundum
357 1261 419 1326 quod
429 1258 456 1307 in
464 1270 489 1305 se
500 1256 545 1314 est,
558 1250 599 1299 sed
608 1249 773 1308 quemeumque
784 1233 876 1283 modum

68 1349 206 1401 determinet
217 1343 280 1392 cirea
291 1337 317 1385 id
330 1332 391 1397 quod
404 1330 432 1380 de
446 1329 492 1378 Deo
502 1318 624 1381 intelligit,
636 1311 711 1363 delicit
727 1308 738 1355 ι
754 1305 821 1355 modo
831 1314 875 1365 quo

68 1424 130 1472 Deus
139 1420 165 1469 in
182 1430 209 1467 se
226 1415 273 1463 est.
285 1410 316 1458 Et
329 1406 381 1455 ideo
396 1396 481 1465 manto
494 1393 570 1456 aliqua
583 1385 676 1438 nomina
688 1382 740 1431 suut
752 1374 828 1425 miuus
841 1372 879 1420 de-

70 1492 191 1542 terminata
205 1489 232 1537 et
242 1479 318 1541 magis
331 1470 460 1526 eommunia
473 1471 497 1517 et
509 1462 621 1521 absoluta,
631 1451 695 1515 tauto
705 1446 778 1510 magis
791 1440 881 1507 proprie

74 1566 176 1615 dicontur
197 1561 229 1609 de
248 1556 298 1603 lleo
317 1549 332 1598 a
349 1546 423 1596 uobis.
437 1539 502 1592 Unde
520 1539 544 1586 et
558 1535 710 1583 Damaseeuus
731 1519 799 1580 dieit,
822 1513 882 1578 quod

76 1622 360 1699 «prindpeliusomnibos
368 1628 418 1679 quaa
430 1613 458 1663 de
469 1606 626 1659 Deodieuutur
638 1592 776 1654 nominibus,
789 1591 823 1638 est
835 1585 883 1647 Qui

74 1714 111 1757 est
122 1724 127 1755 :
138 1708 223 1755 Totum
239 1695 304 1749 enim
315 1692 341 1741 iu
354 1688 430 1751 seipso
443 1676 637 1744 comprehendens
654 1669 723 1719 nabet
739 1663 815 1728 ipsum
833 1670 884 1707 ense

77 1779 138 1826 uelut
154 1772 275 1839 quoddam
292 1764 389 1828 pelagus
408 1750 538 1806 substantie
554 1745 668 1796 infinitum
684 1742 707 1789 et
723 1729 886 1785 indetermina-

80 1856 134 1899 tum.
145 1866 159 1895 ε
172 1840 285 1905 Quolibet
299 1834 361 1886 enim
375 1830 419 1879 ulio
433 1823 524 1876 nomine
538 1814 699 1871 determinatur
716 1805 795 1870 aliquis
808 1800 888 1851 modus

78 1917 211 1972 somnone
229 1911 281 1973 rei,
299 1906 340 1957 sed
359 1904 404 1951 hoe
425 1908 526 1955 nomen,
548 1890 594 1952 Qui
613 1894 665 1944 est,
689 1879 778 1930 nullum
798 1871 889 1921 modum

77 1990 170 2051 essendi
181 1981 340 2039 determinat,
355 1973 397 2024 sed
409 1984 434 2021 se
447 1967 517 2017 habet
532 1951 706 2013 indeterminate
721 1948 749 1999 ad
763 1954 857 2001 omnm,
868 1943 891 1987 el

80 2066 131 2115 ideo
142 2059 252 2113 nominat
261 2053 340 2115 ipsum
349 2045 455 2108 petoque
464 2030 610 2086 substantiae
622 2024 758 2089 intuitum.

112 2132 191 2184 Tertio
200 2125 264 2178 uero
274 2137 306 2173 eu
316 2119 369 2181 ejus
378 2104 598 2172 consignificatione.
607 2093 726 2158 Significat
735 2086 796 2138 euim
807 2095 855 2133 esse
869 2080 893 2129 in

382 2186 387 2195 ’
415 2176 533 2245 eproprid
548 2176 575 2224 de
590 2172 636 2219 Deo
650 2163 746 2223 dieitur,
761 2158 825 2221 cnjus
843 2167 895 2203 esse

467 2252 580 2306 loturum,
600 2243 625 2289 ut
644 2234 697 2286 dicit
717 2228 853 2293 Augustinus
872 2224 896 2270 in

86 2347 210 2414 quintode
227 2343 248 2392 T
246 2340 301 2389 rin.

120 2416 266 2482 ltprimum
281 2418 338 2467 ergo
355 2396 491 2455 dicandum,
503 2387 563 2453 quod
579 2387 622 2433 hoe
634 2388 716 2429 nomeu
723 2411 731 2437 ,
743 2370 791 2434 Qui
806 2374 852 2421 esa,
865 2367 900 2413 est

90 2491 161 2554 magis
169 2483 293 2551 proprium
305 2484 391 2524 nomeu
403 2465 455 2527 liei,
463 2461 534 2525 quam
547 2460 589 2506 hoe
603 2461 686 2501 nomen

91 2564 121 2612 nd
133 2562 155 2611 id
168 2560 182 2608 'a
195 2568 243 2619 quo
258 2545 396 2612 imponitur,
411 2535 498 2587 scilieet
508 2531 536 2581 ab
548 2540 609 2578 esse,
621 2524 644 2571 et
653 2519 722 2581 quant
786 2510 800 2557 d

92 2625 236 2696 significandi
248 2626 274 2672 et
285 2605 489 2677 consignifioaudi,
499 2605 526 2651 ut
537 2600 621 2649 dietum
635 2595 677 2641 est.
692 2586 737 2636 Sed
751 2582 862 2655 quantum
875 2572 903 2621 ad

261 2694 266 2703 '
312 2686 428 2737 litandum
443 2678 478 2727 est
495 2668 638 2735 impositum,
656 2662 689 2709 est
703 2654 774 2719 magis
788 2656 904 2713 proprium

613 2728 784 2795 significandum
803 2723 905 2769 naturum

652 2812 735 2851 nomen
757 2798 907 2851 tetrametm-

718 2870 789 2931 ipsam
800 2859 841 2910 oet
857 2854 909 2904 sub-

98 2779 140 2824 ιιεε
150 2784 234 2824 nomeu
249 2768 335 2820 Deos,
354 2754 416 2820 quod
431 2744 554 2810 iiiipouituu
570 2738 597 2788 ed

105 2845 206 2894 diuum.
230 2840 260 2888 Et
279 2833 355 2883 adnuo
372 2822 446 2885 magis
463 2814 579 2881 propulsum
598 2809 632 2855 est

107 2923 200 2975 anoton,
216 2907 281 2974 quod
299 2905 335 2953 est
348 2894 479 2961 impositum
493 2886 521 2936 ad
538 2874 705 2945 significandam
