1992 3342
340 237 373 271 nn
389 236 518 272 sosarmus
532 238 580 271 nnn.
817 232 862 277 209

57 312 257 376 significationem.
269 313 316 360 iloe
327 312 390 360 enim
404 324 488 360 nomen
503 315 574 361 homo
588 313 616 362 da
627 326 769 377 quocumque
784 316 865 378 praedi-

56 390 130 447 cetur,
149 383 198 434 sire
210 381 273 443 veri,
286 383 334 431 sive
350 382 417 445 false,
433 382 516 433 dieitur
527 398 573 433 uno
588 385 666 447 mod03
685 386 724 435 sed
738 388 794 437 tune
804 389 863 437 mul-

55 455 167 520 tiplieiter
187 453 316 516 diceretur,
339 454 359 504 si
378 467 420 517 per
439 455 481 503 hee
502 468 584 505 nomen
606 458 678 505 homo
693 456 864 509 intenderemus

54 528 186 590 significare
200 526 305 575 diuersa:
316 525 380 588 puta,
390 525 411 574 si
420 539 480 575 nnus
489 526 619 577 intenderet
629 527 756 590 significare
766 542 808 592 per
818 532 863 580 hon

55 612 149 661 nomen,
164 600 254 652 homo,
269 596 293 645 id
311 597 372 659 qnod
389 595 443 645 rere
466 600 501 647 est
517 599 599 661 homo,
619 602 642 649 et
662 598 721 648 alins
733 599 863 651 intenderet

54 672 185 735 significare
206 670 289 720 eodem
308 669 400 719 nomine
419 670 532 733 lapidem,
549 672 587 721 vel
606 672 690 736 aliquid
707 674 775 723 aliud.
796 675 862 725 Unde

55 747 117 805 patet
127 741 191 807 qudi
205 740 332 791 catholicus
345 742 424 791 dicens
434 756 439 789 ;
451 759 465 789 «
473 742 559 791 idolum
571 756 617 792 non
629 756 677 793 esse
687 744 768 807 Deum,
781 760 794 791 n
807 758 861 795 oon-

55 812 144 863 tradieit
158 826 251 877 pagano
264 814 307 861 lior
319 813 440 875 asserenti,
451 813 505 876 quia
516 816 611 877 uterque
620 814 690 864 utitur
701 816 744 865 hoe
758 816 862 879 nomine,

58 888 130 941 Deam,
141 886 171 935 ad
178 882 357 947 significandum
364 897 444 933 verum
452 884 531 933 ileum.
542 884 597 934 Cim
607 886 667 935 enim
678 887 781 947 paganus
791 887 859 936 dicit:

58 958 152 1006 idolum
170 970 225 1005 esse
239 956 337 1009 Deum,
351 969 399 1005 nen
413 955 484 1004 utitur
498 956 543 1007 hoc
555 956 646 1006 nemine
660 958 783 1007 secundnm
801 960 861 1021 quod

56 1027 166 1087 signifieat
179 1028 263 1077 Deum
282 1026 457 1089 opinabilem:
474 1027 507 1076 sie
522 1028 584 1077 enim
598 1040 678 1077 rernm
691 1028 793 1090 diceret,
809 1042 861 1078 eum

57 1098 126 1146 etiam
146 1097 253 1147 catholici
274 1097 391 1147 interdum
412 1098 438 1147 in
458 1099 501 1147 tali
519 1097 683 1160 significatione
703 1100 747 1149 lroo
768 1100 860 1151 nomine

57 1170 262 1230 ntantnr;ntei1m
274 1168 359 1218 dicitnr
373 1185 378 1219 :
397 1170 487 1219 Omnes
501 1170 538 1219 dii
551 1171 664 1233 peantium
680 1172 811 1220 daemonio.

87 1234 114 1289 m
126 1240 228 1290 similiter
250 1240 374 1291 dicendum
393 1242 421 1291 ad
439 1242 562 1291 seeundum
582 1244 605 1291 et
623 1240 725 1291 tertium.
744 1244 801 1291 Nam
814 1243 859 1293 illae

55 1311 152 1362 rationes
168 1312 300 1375 procedunt
317 1312 442 1361 seeundum
462 1311 615 1361 diversitatem
636 1312 802 1375 predicationis
820 1328 861 1364 no-

55 1384 130 1448 minis,
142 1387 166 1433 et
180 1396 230 1432 non
241 1382 371 1432 secundum
384 1382 496 1431 diversam
509 1382 708 1445 significationem.

83 1458 115 1505 ad
124 1460 233 1520 quartum
245 1451 448 1517 dicendum,quld
458 1453 651 1503 animalitatum
663 1454 691 1501 de
699 1454 793 1503 animali
806 1468 859 1505 vero

53 1530 76 1574 et
90 1528 115 1576 de
127 1530 201 1592 pieta,
214 1539 265 1577 uon
277 1525 360 1574 dieitur
371 1524 428 1587 pure
439 1522 561 1588 aequivoci.
574 1524 619 1574 Sed
633 1524 784 1587 Philosophus
797 1526 858 1588 largo

52 1599 117 1648 modo
129 1600 212 1665 accipit
228 1597 364 1661 aequivoea,
383 1596 506 1645 secundnm
520 1595 581 1658 qnod
595 1594 713 1645 ineludnnt
726 1596 750 1645 in
767 1610 791 1645 se
805 1610 859 1647 ana·

51 1669 113 1733 loga3
127 1673 181 1736 quia
199 1675 226 1721 et
246 1684 294 1719 ens
310 1669 372 1731 quod
385 1665 502 1729 analogiae
521 1666 617 1730 dieitur,
636 1667 757 1731 aliquando
777 1668 858 1719 dieitur

50 1744 159 1805 nequirem
169 1741 297 1810 praedicari
308 1740 338 1803 de
350 1738 448 1788 diversis
460 1739 651 1801 praedicamentis.

81 1814 233 1880 liminium
247 1811 387 1872 dicendum,
401 1809 461 1872 qued
474 1810 546 1873 ipsam
563 1815 666 1861 naturam
682 1812 736 1875 nei,
751 1818 817 1875 prout
833 1814 856 1863 in

48 1898 73 1932 se
85 1889 116 1935 est
127 1900 204 1950 neque
221 1883 361 1945 catholicus,
373 1894 448 1944 neque
461 1894 561 1944 paganus
571 1882 696 1945 oognoseit,
708 1884 748 1933 sed
761 1888 856 1945 uterque

46 1959 158 2018 1⁴rigatoscit
171 1970 228 2007 eam
242 1955 371 2005 secundnm
383 1953 481 2017 aliquam
495 1953 608 2002 rationem
618 1952 756 2002 earrsalitatis
767 1953 805 2001 rel
818 1966 857 2003 ex-

47 2027 167 2093 rellentiae,
180 2028 222 2079 vel
239 2024 390 2087 remotionis,
405 2026 430 2073 ut
447 2038 514 2088 supra
532 2024 676 2074 dictumest.
692 2024 720 2072 nt
731 2023 855 2073 seeundum

48 2099 101 2161 huc,
119 2100 144 2151 in
157 2102 245 2152 eadem
260 2095 430 2159 significatione
445 2095 547 2159 accipere
563 2098 637 2159 potest
652 2094 742 2157 gentilis
755 2095 798 2143 hoe
816 2109 856 2145 no-

47 2182 109 2232 nien,
125 2175 205 2235 Deus,
228 2169 285 2220 elam
300 2167 374 2217 dicit:
391 2183 405 2215 «
419 2166 504 2215 idolum
519 2170 554 2215 est
566 2168 638 2226 Deus,
653 2181 667 2211 n
682 2164 706 2213 in
718 2179 761 2228 qna
774 2165 856 2229 accipit

47 2254 116 2300 armum
123 2242 263 2303 catholicus,
277 2237 488 2289 dinens:«ldolnm
501 2251 547 2287 non
558 2240 593 2287 est
607 2238 695 2287 Deus.»
710 2236 735 2285 Si
747 2236 801 2287 veri
814 2238 855 2288 ali-

47 2311 174 2378 puis-esset,
189 2312 232 2378 qui
246 2310 376 2361 secundum
391 2308 476 2358 nullam
485 2309 596 2359 rationem
611 2311 681 2358 Deurn
695 2312 853 2372 cognosceret,

47 2396 90 2430 nee
101 2384 171 2448 ipsum
186 2384 339 2444 nominaret,
350 2381 396 2431 nisi
404 2380 463 2430 torte
474 2381 533 2430 sient
542 2381 678 2445 proterimus
688 2380 789 2444 nomina,
800 2396 855 2445 quo-

47 2468 95 2500 rnm
108 2456 290 2519 significationes
302 2453 443 2516 ignoramus.
