1992 3342
123 189 154 236 tt
344 199 404 238 anns
419 201 442 250 r,
456 193 549 268 opunti.
563 201 595 251 v,
612 195 667 238 m.
684 200 702 238 ι.

154 275 289 340 Respoudcc
304 275 439 339 dicendum,
458 277 520 340 quod
536 275 623 328 bouum
641 280 666 327 et
684 289 727 327 ens
743 279 798 328 sunt
813 275 876 327 idem
888 289 928 330 se·
979 321 982 325 .

123 347 224 396 cundum
233 361 296 409 rem,
305 347 345 396 sed
355 346 464 396 differunt
476 348 603 397 secundum
617 347 728 398 rationem
739 351 830 398 tantum
844 364 849 397 :
863 349 926 411 qnod

122 417 156 467 sic
170 421 241 480 patet.
257 417 323 468 Ratio
337 417 399 468 enim
412 417 467 467 honi
481 417 507 466 in
524 419 568 468 lroc
582 417 699 481 consistit,
718 419 779 481 quod
792 417 821 469 eit
838 417 926 482 aliquid

123 488 255 551 appetibile.
270 489 333 540 Unde
347 487 498 552 Philosophus
514 488 559 537 inl
574 488 656 538 Ethic.
670 488 725 538 dicit
736 488 770 553 (1)
786 504 793 538 ι
809 506 827 536 u.
835 489 925 539 Bonum

122 560 227 623 estquod
236 559 312 610 omnia
322 563 440 624 appetunt.
450 576 464 606 n
473 559 619 609 Manifestum
628 563 662 609 eet
672 558 832 622 autem‚quod
841 573 928 610 unum·

122 631 228 694 quodque
241 633 276 680 est
289 631 412 695 appetibile
430 631 559 680 secundnm
578 630 639 694 quod
654 634 689 681 est
708 631 854 695 perlectum,
870 645 926 682 nam

122 697 200 750 omnin
211 705 322 764 appetunt
335 716 399 752 suam
414 701 593 765 perlectionem
607 700 734 751 intantum
748 705 825 751 autem
842 716 928 753 unum-

122 771 227 834 quodque
236 776 271 823 est
280 774 421 836 perlectum,
432 773 457 823 in
466 775 580 836 quantum
589 776 624 822 est
633 777 699 836 actu;
710 774 770 823 unde
780 773 928 824 manifestum

124 844 172 904 eat,
185 844 244 905 quod
258 843 383 894 intantum
396 849 431 896 est
446 844 532 906 aliquid
544 843 646 907 bonnm,
659 843 684 892 iu
697 848 808 907 quantum
822 847 857 894 est
870 858 927 909 eus;

123 923 172 962 esse
190 913 252 962 enim
265 918 300 965 cst
312 915 431 966 actualitas
448 914 523 965 omnis
541 911 588 980 rei',
603 917 629 964 ut
643 914 840 978 exsuperioribus
852 920 926 979 patet.

125 983 189 1033 Unde
198 984 343 1035 manifestum
355 989 402 1048 est,
412 986 473 1050 quod
483 986 570 1035 bonnm
580 989 604 1035 et
612 998 654 1036 ens
663 988 718 1035 sunt
726 985 787 1035 idern
799 988 927 1037 secundum

125 1065 188 1117 rem;
203 1054 243 1104 sed
260 1055 346 1106 bonnm
361 1055 418 1106 dicit
434 1055 546 1106 rationem
563 1055 705 1120 appetibilia,
724 1069 793 1118 quam
805 1069 852 1106 non
870 1057 946 1123 dicit.

124 1137 174 1174 ens.

156 1196 190 1246 lld
202 1197 303 1260 primum
319 1210 373 1260 ergo
387 1196 524 1261 dicendum,
538 1195 665 1261 quodlicet
680 1199 769 1247 bonum
785 1199 809 1247 et
825 1209 867 1248 ens
880 1197 928 1248 sint

124 1266 186 1317 idem
203 1269 328 1319 secundum
345 1281 408 1331 rem,
424 1268 478 1332 quia
490 1271 569 1319 tamen
586 1267 695 1319 dillemnt
714 1269 840 1318 secundnm
857 1269 929 1320 ratio

124 1351 188 1403 nem,
198 1341 334 1390 ncneodem
344 1341 412 1391 modo
422 1339 602 1404 dicituraliqnid
611 1353 652 1390 ens
662 1339 798 1403 simpliciter
808 1338 927 1390 etbouum

123 1409 267 1474 simpliciter.
280 1412 338 1461 liam
350 1409 403 1461 cium
421 1423 462 1460 eus
476 1411 538 1460 dicat
551 1410 636 1474 aliquid
649 1409 740 1473 proprie
752 1422 803 1459 esse
817 1408 842 1457 in
855 1413 927 1475 actu,

124 1485 190 1532 actus
203 1486 280 1532 autem
294 1481 384 1545 proprii
395 1481 499 1532 ordinem
513 1481 597 1532 habeat
607 1480 636 1531 ad
647 1480 784 1544 potentiam3
798 1482 927 1531 secundum

125 1553 170 1602 linc
186 1552 322 1616 simpliciter
339 1552 424 1616 aliquid
445 1551 530 1602 dicitur
551 1565 609 1616 ens,
628 1552 752 1601 secundnm
773 1551 834 1614 quod
852 1551 929 1615 primo

124 1622 263 1672 discernitur
273 1623 301 1672 ab
316 1636 344 1673 eo
357 1622 417 1686 quod
430 1628 464 1674 est
475 1623 499 1674 in
513 1623 615 1688 potentia
626 1622 715 1672 tantim
726 1638 732 1674 :
745 1623 789 1672 hoc
801 1625 879 1673 autem
891 1629 930 1676 est

123 1706 173 1743 csse
187 1693 334 1745 substantiale
348 1694 381 1744 rei
393 1694 582 1759 uniuscnjusque.
597 1694 662 1744 Unde
678 1706 797 1758 persuum
810 1695 930 1745 essesub-

124 1765 231 1815 stantiale
240 1765 324 1827 dicitur
330 1767 509 1830 unumquodque
519 1780 560 1817 ens
568 1765 717 1829 simpliciter3
727 1777 768 1828 per
777 1768 842 1815 actus
848 1770 929 1817 autern

125 1849 195 1900 super
213 1837 301 1887 additos
314 1837 398 1888 dicitur
413 1837 498 1900 aliquid
511 1850 561 1888 esse
580 1837 707 1888 secundum
719 1835 788 1899 quid,
802 1835 862 1885 sicut
876 1849 929 1888 esse

126 1907 204 1957 alinum
221 1908 335 1970 significat
352 1921 401 1960 esse
415 1909 542 1959 secundnm
557 1908 628 1972 quid;
644 1906 766 1957 nonenim
781 1920 831 1956 esse
849 1907 930 1958 album

126 1980 202 2030 aufert
223 1993 272 2030 esse
294 1980 319 2029 iu
340 1981 443 2044 potentia
460 1979 605 2043 simpliciter,
623 1993 677 2030 cnm
699 1978 806 2028 adveniat
823 1978 857 2028 rei
877 1979 930 2042 iarn

126 2051 282 2114 praexistenti
293 2051 318 2101 iu
328 2055 389 2102 actu.
402 2052 447 2102 Sed
456 2053 544 2102 bonnm
555 2051 612 2102 dicit
622 2050 733 2101 rationem
743 2049 850 2113 perlecti,
862 2052 929 2114 qnod

160 2209 191 2274 (1)
209 2208 258 2259 Nec
269 2211 358 2259 tantrlm
371 2213 426 2260 dicit
437 2215 501 2274 ipse,
513 2214 555 2259 sed
565 2220 591 2259 ut
604 2212 671 2271 uulgo
681 2218 799 2270 receptum
809 2209 927 2273 insinuat,

126 2281 151 2321 ct
173 2275 267 2332 pulchre
291 2288 317 2320 ac
334 2277 442 2333 prmclard
462 2278 512 2332 jam
530 2277 560 2321 ab
586 2275 637 2320 aliie
661 2276 832 2332 pronuntiatum
853 2277 930 2322 refert

126 2336 234 2404 (καλῶς).
244 2339 271 2382 In
282 2337 370 2396 siguum
382 2339 448 2395 culus
458 2338 592 2395 notatqudd
601 2338 681 2382 omnir
687 2338 768 2383 electio
777 2341 805 2382 nt
818 2341 840 2382 et
848 2340 931 2385 omnic

126 2421 169 2454 ore
176 2408 264 2452 tonum
269 2412 369 2467 oppetit.
379 2413 410 2456 nt
418 2411 461 2455 lroc
468 2412 544 2466 ipsum
552 2409 662 2466 deinceps
671 2409 765 2465 urgetin
775 2409 931 2464 sequentihus

48 2487 50 2490 ·
127 2470 254 2528 capitibus,
272 2483 298 2516 ac
311 2485 389 2517 rursus
403 2473 445 2518 lib.
466 2475 490 2531 1,
507 2472 653 2530 Magnorum
667 2471 815 2520 dicentium,
830 2482 885 2527 cap.
904 2471 930 2518 1.

127 2533 185 2586 Quin
198 2533 242 2578 hnc
253 2533 315 2580 idem
328 2541 364 2580 est
377 2534 437 2590 quod
451 2547 480 2580 ex
492 2535 602 2590 dionysio
612 2534 641 2578 de
658 2533 754 2580 dicimis
767 2533 931 2585 Nomioitu,

127 2607 180 2651 cap.
195 2593 221 2653 t,
237 2596 288 2640 addi
300 2601 389 2654 potest,
401 2597 442 2642 ubi
450 2603 474 2642 et
486 2595 574 2640 bonum
582 2596 615 2640 slc
626 2594 719 2653 delinit,
731 2595 768 2641 uel
780 2593 871 2639 deliniri
882 2597 931 2654 nit,

127 2663 153 2702 ut
163 2655 178 2718 ἓ
188 2656 202 2700 i
213 2658 290 2704 videre
299 2666 346 2712 est;
358 2658 465 2715 idemque
475 2655 490 2718 ξ
501 2656 531 2703 10
544 2657 649 2702 diii'uslds
659 2658 759 2713 explieat
766 2669 808 2712 per
821 2658 932 2715 exempla

128 2720 271 2776 superiorum
292 2733 347 2778 erga
369 2721 491 2778 inferiora,
514 2721 647 2766 interiorum
669 2731 723 2775 erga
747 2719 880 2777 superiora,
906 2726 933 2765 et

128 2783 248 2839 aequalium
260 2795 314 2839 erga
328 2783 437 2840 aequalia,
447 2795 498 2839 qum
512 2795 554 2828 suo
567 2782 635 2827 modo
646 2782 746 2828 inuicem
757 2782 934 2828 communicant

128 2855 157 2890 ex
176 2845 279 2901 appetitu
296 2844 350 2890 boui
365 2850 389 2888 et
402 2857 492 2898 amore;
512 2851 538 2890 ut
550 2845 587 2890 sel
601 2844 647 2889 alin
661 2843 797 2900 provideant
812 2844 878 2905 adis,
892 2845 933 2890 rel

129 2907 180 2953 aliis
191 2907 236 2953 alia
248 2918 274 2952 se
285 2905 419 2967 subiiciunt,
431 2908 468 2954 uel
481 2919 507 2954 se
521 2906 600 2956 mnino
611 2908 706 2966 inveni,
723 2906 775 2952 eici
