1992 3342
314 235 346 272 uo
361 236 403 273 um
419 236 579 273 munuum-uuo.
800 230 855 275 tut·

37 314 62 363 ut
76 313 140 363 illam
158 309 273 361 visionem
284 310 356 361 Verbi
369 324 417 361 nou
429 315 482 362 sumt
497 312 522 361 in
537 313 624 363 oauotis
636 311 748 363 volubiles
761 314 846 375 cogita·

35 387 117 448 tiones,
137 387 165 431 ut
186 383 241 432 dicit
255 383 397 444 Augustinus
409 385 458 446 XV,
475 386 505 433 de
523 385 614 433 Trinit.
628 384 691 435 Unde
708 388 732 433 ot
742 384 849 436 uidentes

34 459 106 505 Deum
130 456 240 506 dicuntur
270 455 357 504 habere
382 455 454 504 vitam
478 459 608 517 aetorn2m3
640 456 765 505 secuudum
791 457 847 507 illud

35 530 108 576 toan.
121 528 186 576 uult
198 542 204 575 :
220 543 235 574 «
248 528 303 577 Haeo
317 530 354 577 est
365 526 413 575 uita
422 530 523 588 aterna,
534 530 559 575 ut
568 530 720 589 cognoscant,
730 530 774 577 oto.
784 544 798 573 u

70 598 106 645 uu
117 598 216 660 primum
228 611 284 659 orgo
291 597 425 658 dicendum,
431 597 492 655 quod
502 597 606 647 utoumur
614 599 689 647 multo
699 599 845 661 mortuitatem

39 667 165 716 secundum
182 668 243 730 quod
263 671 318 716 sunt
334 668 402 716 multi
415 667 578 731 posticipoutos
591 668 741 719 aetoruitatem
755 683 784 720 ex
797 670 847 734 ipsa

40 739 82 786 ltoi
95 738 297 801 contemplatione.

69 810 103 858 ud
119 809 244 859 secuudum
259 809 397 870 dicendum,
411 808 473 871 quod
483 810 544 872 iguis
556 810 640 861 interni
653 811 736 861 dicitur
749 816 847 862 otoruus
874 820 916 869 ,s

38 884 129 943 proptor
137 880 380 929 mtormiuahititatom
389 879 485 929 uantum.
501 884 540 931 Est
553 886 629 931 tamen
642 882 666 931 iu
681 884 754 946 omnis
767 896 846 933 eorum

39 951 207 1013 transmutatio,
217 951 346 1001 secuudum
359 951 565 1007 iuuutoo,xu1v
581 969 586 1000 :
602 971 616 1001 o
630 954 664 1003 Ad
678 952 772 1003 nimium
786 953 847 1003 calo-

39 1037 83 1069 rem
97 1022 232 1071 transibunt
242 1023 273 1071 ab
285 1022 352 1085 aquis
365 1022 461 1088 nimum.
481 1040 495 1069 »
518 1024 581 1074 Unde
594 1025 619 1075 iu
631 1025 722 1075 intorno
745 1038 791 1074 uon
812 1028 846 1079 ost
878 1028 911 1067 «κ’

40 1106 93 1140 mm
112 1094 243 1155 eternitas,
258 1094 301 1143 sod
319 1093 392 1155 magis
405 1097 496 1157 tompus
509 1096 543 1159 (t)
560 1098 682 1147 secundum
701 1097 757 1147 illud
775 1096 843 1145 Poat.

42 1164 121 1213 um
134 1180 140 1211 z
156 1182 170 1212 o
183 1165 234 1214 Erit
244 1169 339 1227 tompus
351 1177 433 1214 eorum
443 1165 468 1213 iu
481 1167 573 1216 oaeoula.
584 1184 598 1213 u

73 1234 106 1283 Ad
125 1237 217 1285 tortium
235 1236 376 1297 dicendum,
395 1237 455 1297 quod
473 1237 627 1287 necessarium
646 1238 757 1300 siguificat
776 1252 856 1301 quem·

42 1307 91 1354 dom
156 1322 194 1355 um
205 1307 323 1357 veritatis,
337 1309 422 1357 Verum
430 1312 516 1370 autom,
531 1309 656 1359 secuudum
667 1309 796 1372 Philosoph.
809 1311 848 1370 vt,

42 1307 158 1441 Metam
166 1382 204 1428 est
214 1379 240 1427 in
249 1379 381 1429 intollootu.
396 1380 526 1429 Secundum
534 1381 579 1429 hoo
588 1380 656 1441 igitur
666 1394 721 1430 vora
734 1384 758 1429 et
770 1394 850 1430 uoces-

43 1449 98 1497 mma
109 1453 161 1498 suut
169 1454 271 1512 aeterna,
282 1449 337 1512 quia
350 1454 404 1499 suut
416 1450 441 1499 in
449 1450 567 1500 intellectu
578 1454 664 1500 aetoruo
669 1486 677 1511 ‚
685 1450 724 1513 qui
735 1454 769 1500 ost
783 1451 850 1499 intol-

47 1519 115 1568 tootus
125 1521 217 1571 diuinos
234 1520 307 1571 solus.
323 1521 388 1571 Unde
406 1534 452 1571 nou
472 1522 591 1584 sequitur,
605 1520 665 1583 quod
687 1520 771 1584 aliquid
787 1525 854 1570 extro

49 1589 117 1639 ttoum
128 1592 155 1641 sit
166 1598 293 1644 aetormum.

343 1735 501 1785 ARTICULUS
519 1736 556 1783 tv,

204 1863 295 1907 Utrtum
310 1863 433 1906 oetemu'tao
449 1863 545 1917 differat
555 1864 569 1907 ὰ
579 1867 688 1921 temporo.

76 1984 106 2032 ,td
118 1987 228 2047 quartum
241 1983 275 2033 sio
288 1982 421 2046 proceditur
433 1980 475 2046 (2).
489 1983 582 2032 Videtur
594 1984 653 2047 qood
668 1984 783 2034 mtornitus
804 1976 850 2035 nou

47 2052 72 2099 sit
85 2052 142 2104 atiud
157 2054 298 2117 itompore.
314 2052 457 2116 Impossibile
472 2056 507 2102 est
524 2053 585 2102 onim
602 2055 656 2103 duas
671 2068 719 2103 esso
735 2068 851 2105 mensuras

47 2124 168 2175 <iurationis
190 2125 274 2187 simut,
295 2124 340 2172 nisi
353 2138 400 2173 ona
413 2123 443 2172 sit
460 2138 512 2186 pars
527 2124 620 2173 atterius
640 2140 645 2171 :
665 2124 785 2173 nonenim
800 2130 852 2175 suut

48 2194 107 2243 :imni
121 2198 166 2246 duo
180 2196 246 2258 dieo,
262 2195 302 2245 vol
316 2196 367 2245 duo
381 2196 456 2256 horae3
473 2196 514 2244 sod
527 2194 576 2245 dios
589 2198 612 2243 ot
629 2196 686 2244 hora
706 2199 758 2244 suut
771 2195 850 2259 simul,

48 2266 95 2325 :pua
107 2268 164 2316 hora
178 2271 214 2317 ost
229 2280 282 2329 pars
300 2266 354 2315 diei.
375 2266 422 2315 Sed
436 2267 551 2324 {eternitas
568 2268 591 2315 ot
603 2270 692 2329 tompus
706 2270 758 2315 suut
772 2267 850 2331 simul,

49 2350 137 2395 quorum
155 2338 282 2401 utriumque
303 2350 435 2386 mensuram
455 2338 567 2399 quandum
589 2336 713 2386 mirationis
736 2338 849 2401 importat.

49 2409 98 2456 tium
114 2408 185 2471 igitur
199 2409 319 2458 aeteruitus
332 2422 379 2457 nou
396 2406 426 2456 sit
442 2420 495 2470 pars
517 2406 637 2470 temporis,
662 2408 715 2469 quio
737 2408 852 2461 aetoruitas

50 2480 130 2530 excedit
142 2486 238 2545 tempus
250 2484 275 2529 ot
288 2479 385 2529 includit
393 2479 478 2541 ipsum,
490 2478 580 2527 uidetur
589 2476 648 2541 quod
657 2480 746 2543 tompus
758 2480 788 2529 sit
801 2493 852 2543 pars

51 2552 191 2613 otomitutis,
206 2556 232 2601 ot
249 2564 297 2601 nou
308 2551 371 2600 atiud
380 2550 410 2600 ab
422 2548 557 2599 aetoroitate.

80 2674 108 2737 [1)
129 2681 194 2724 Siout
214 2680 318 2734 explicat
337 2679 400 2725 Beda
419 2678 465 2729 ibi;
482 2678 526 2721 otsi
546 2677 614 2732 pomo
632 2678 697 2722 aliter
719 2677 850 2733 Gregorius,

53 2738 88 2781 uio.
102 2742 180 2794 mu,
196 2740 301 2789 Horat..
312 2754 366 2796 ouo.
379 2740 419 2798 27,
435 2740 463 2784 ud
475 2746 612 2795 praesentem
623 2740 726 2784 reterens
738 2740 818 2783 uitam.

82 2806 109 2867 (ἰ)
124 2816 156 2857 De
174 2812 332 2868 bisetium,
349 2812 428 2860 Seut„
446 2810 500 2855 uisu.
519 2808 562 2869 10,
582 2822 621 2864 qu.
634 2810 662 2868 2,
679 2816 722 2854 ort.
736 2808 765 2861 i;
786 2810 851 2862 otu,

56 2868 160 2925 sentent„
181 2877 239 2920 dist.
257 2874 289 2922 2.
309 2887 349 2929 qu.
366 2872 397 2929 1,
420 2877 465 2920 ort.
483 2871 510 2925 i;
529 2876 553 2915 ot
568 2872 667 2926 Qooot„
679 2871 706 2927 5,
725 2882 765 2925 qu.
784 2869 813 2918 ὥς
829 2874 853 2910 ot

58 2931 143 2985 (ML.
159 2937 198 2987 to,
213 2950 257 2993 qu.
270 2938 294 2988 2;
310 2943 333 2979 ut
343 2943 367 2980 ot
377 2949 419 2991 qu.
435 2934 459 2993 3,
470 2934 497 2978 ue
513 2939 603 2989 potout.
618 2939 661 2979 aut.
673 2932 711 2991 ii,
728 2931 755 2975 od
768 2930 805 2973 13.
