<?xml version="1.0" encoding="UTF-8"?>
<!DOCTYPE html PUBLIC "-//W3C//DTD XHTML 1.0 Transitional//EN"
    "http://www.w3.org/TR/xhtml1/DTD/xhtml1-transitional.dtd">
<html xmlns="http://www.w3.org/1999/xhtml" xml:lang="en" lang="en">
 <head>
  <title>
</title>
<meta http-equiv="Content-Type" content="text/html;charset=utf-8" />
  <meta name='ocr-system' content='tesseract 3.04.00' />
  <meta name='ocr-capabilities' content='ocr_page ocr_carea ocr_par ocr_line ocrx_word'/>
</head>
<body>
  <div class='ocr_page' id='page_1' title='image "./summatheologica04nicogoog_0078.png"; bbox 0 0 1992 3342; ppageno 0'>
   <div class='ocr_carea' id='block_1_1' title="bbox 324 298 872 346">
    <p class='ocr_par' dir='ltr' id='par_1_1' title="bbox 324 298 872 346">
     <span class='ocr_line' id='line_1_1' title="bbox 324 298 872 346; baseline -0.002 -5"><span class='ocrx_word' id='word_1_1' title='bbox 324 305 357 342; x_wconf 79' lang='lat' dir='ltr'><strong>DE</strong></span> <span class='ocrx_word' id='word_1_2' title='bbox 373 304 436 342; x_wconf 79' lang='grc'><strong>110110</strong></span> <span class='ocrx_word' id='word_1_3' title='bbox 452 305 477 344; x_wconf 78' lang='lat' dir='ltr'><strong>tlt</strong></span> <span class='ocrx_word' id='word_1_4' title='bbox 493 305 613 344; x_wconf 77' lang='lat' dir='ltr'><strong>conum.</strong></span> <span class='ocrx_word' id='word_1_5' title='bbox 841 298 872 346; x_wconf 67' lang='lat'><strong>60</strong></span> 
     </span>
    </p>
   </div>
   <div class='ocr_carea' id='block_1_2' title="bbox 50 379 876 2289">
    <p class='ocr_par' dir='ltr' id='par_1_2' title="bbox 58 379 874 798">
     <span class='ocr_line' id='line_1_2' title="bbox 59 379 874 446; baseline 0.006 -14"><span class='ocrx_word' id='word_1_6' title='bbox 59 380 165 445; x_wconf 74' lang='lat' dir='ltr'><strong>ceptione</strong></span> <span class='ocrx_word' id='word_1_7' title='bbox 183 380 325 432; x_wconf 85' lang='lat' dir='ltr'><strong>intebectus.</strong></span> <span class='ocrx_word' id='word_1_8' title='bbox 346 379 425 430; x_wconf 82' lang='lat' dir='ltr'><strong>Primo</strong></span> <span class='ocrx_word' id='word_1_9' title='bbox 442 383 519 431; x_wconf 86' lang='lat' dir='ltr'><strong>autem</strong></span> <span class='ocrx_word' id='word_1_10' title='bbox 535 380 561 432; x_wconf 88' lang='lat' dir='ltr'><strong>iu</strong></span> <span class='ocrx_word' id='word_1_11' title='bbox 576 381 726 446; x_wconf 74' lang='lat' dir='ltr'>conceptione</span> <span class='ocrx_word' id='word_1_12' title='bbox 742 383 874 438; x_wconf 82' lang='lat' dir='ltr'><strong>intelleotm</strong></span> 
     </span>
     <span class='ocr_line' id='line_1_3' title="bbox 58 450 873 520; baseline 0.006 -18"><span class='ocrx_word' id='word_1_13' title='bbox 58 453 118 502; x_wconf 89' lang='lat' dir='ltr'><strong>eadit</strong></span> <span class='ocrx_word' id='word_1_14' title='bbox 135 465 192 516; x_wconf 73' lang='lat' dir='ltr'><strong>ens,</strong></span> <span class='ocrx_word' id='word_1_15' title='bbox 206 450 261 515; x_wconf 86' lang='lat' dir='ltr'><strong>quria</strong></span> <span class='ocrx_word' id='word_1_16' title='bbox 274 451 402 501; x_wconf 84' lang='lat' dir='ltr'><strong>secuudum</strong></span> <span class='ocrx_word' id='word_1_17' title='bbox 417 451 460 501; x_wconf 91' lang='lat' dir='ltr'><strong>boc</strong></span> <span class='ocrx_word' id='word_1_18' title='bbox 471 452 647 517; x_wconf 81' lang='lat' dir='ltr'><strong>unumquodque</strong></span> <span class='ocrx_word' id='word_1_19' title='bbox 660 455 812 516; x_wconf 73' lang='lat' dir='ltr'><strong>cognoscibile</strong></span> <span class='ocrx_word' id='word_1_20' title='bbox 823 460 873 520; x_wconf 86' lang='lat' dir='ltr'><strong>eet,</strong></span> 
     </span>
     <span class='ocr_line' id='line_1_4' title="bbox 60 521 874 588; baseline 0.001 -11"><span class='ocrx_word' id='word_1_21' title='bbox 60 529 84 577; x_wconf 87' lang='lat' dir='ltr'><strong>in</strong></span> <span class='ocrx_word' id='word_1_22' title='bbox 93 527 207 586; x_wconf 84' lang='lat' dir='ltr'><strong>quantum</strong></span> <span class='ocrx_word' id='word_1_23' title='bbox 217 525 253 572; x_wconf 82' lang='lat' dir='ltr'><strong>est</strong></span> <span class='ocrx_word' id='word_1_24' title='bbox 261 525 329 585; x_wconf 86' lang='lat' dir='ltr'><strong>actu,</strong></span> <span class='ocrx_word' id='word_1_25' title='bbox 344 525 370 572; x_wconf 89' lang='lat' dir='ltr'><strong>ut</strong></span> <span class='ocrx_word' id='word_1_26' title='bbox 382 521 463 572; x_wconf 88' lang='lat' dir='ltr'><strong>dicitur</strong></span> <span class='ocrx_word' id='word_1_27' title='bbox 472 521 498 572; x_wconf 89' lang='lat' dir='ltr'><strong>iu</strong></span> <span class='ocrx_word' id='word_1_28' title='bbox 512 521 818 588; x_wconf 60' lang='lat' dir='ltr'><strong>momenmentum</strong></span> <span class='ocrx_word' id='word_1_29' title='bbox 832 541 874 578; x_wconf 85' lang='lat' dir='ltr'><strong>em</strong></span> 
     </span>
     <span class='ocr_line' id='line_1_5' title="bbox 61 592 874 662; baseline 0.005 -18"><span class='ocrx_word' id='word_1_30' title='bbox 61 597 97 644; x_wconf 83' lang='lat' dir='ltr'><strong>est</strong></span> <span class='ocrx_word' id='word_1_31' title='bbox 111 594 231 657; x_wconf 76' lang='lat' dir='ltr'><strong>proprium</strong></span> <span class='ocrx_word' id='word_1_32' title='bbox 242 593 361 656; x_wconf 83' lang='lat' dir='ltr'><strong>objectum</strong></span> <span class='ocrx_word' id='word_1_33' title='bbox 373 592 517 656; x_wconf 86' lang='lat' dir='ltr'><strong>intellectus,</strong></span> <span class='ocrx_word' id='word_1_34' title='bbox 527 596 551 642; x_wconf 90' lang='lat' dir='ltr'><strong>et</strong></span> <span class='ocrx_word' id='word_1_35' title='bbox 567 593 601 644; x_wconf 82' lang='lat' dir='ltr'><strong>sic</strong></span> <span class='ocrx_word' id='word_1_36' title='bbox 612 598 649 645; x_wconf 86' lang='lat' dir='ltr'><strong>est</strong></span> <span class='ocrx_word' id='word_1_37' title='bbox 656 595 755 659; x_wconf 81' lang='lat' dir='ltr'><strong>primum</strong></span> <span class='ocrx_word' id='word_1_38' title='bbox 764 597 874 662; x_wconf 73' lang='lat' dir='ltr'><strong>iutelligi-</strong></span> 
     </span>
     <span class='ocr_line' id='line_1_6' title="bbox 62 663 874 729; baseline 0.009 -17"><span class='ocrx_word' id='word_1_39' title='bbox 62 663 123 726; x_wconf 87' lang='lat' dir='ltr'><strong>bile,</strong></span> <span class='ocrx_word' id='word_1_40' title='bbox 138 663 195 714; x_wconf 77' lang='lat' dir='ltr'><strong>deut</strong></span> <span class='ocrx_word' id='word_1_41' title='bbox 207 677 279 716; x_wconf 90' lang='lat' dir='ltr'><strong>sonus</strong></span> <span class='ocrx_word' id='word_1_42' title='bbox 296 667 332 718; x_wconf 77' lang='lat' dir='ltr'><strong>est</strong></span> <span class='ocrx_word' id='word_1_43' title='bbox 351 664 452 728; x_wconf 78' lang='lat' dir='ltr'><strong>primum</strong></span> <span class='ocrx_word' id='word_1_44' title='bbox 465 664 573 714; x_wconf 84' lang='lat' dir='ltr'><strong>audibile.</strong></span> <span class='ocrx_word' id='word_1_45' title='bbox 585 666 620 716; x_wconf 88' lang='lat' dir='ltr'><strong>Ita</strong></span> <span class='ocrx_word' id='word_1_46' title='bbox 631 678 686 729; x_wconf 83' lang='lat' dir='ltr'><strong>ergo</strong></span> <span class='ocrx_word' id='word_1_47' title='bbox 699 668 824 718; x_wconf 82' lang='lat' dir='ltr'><strong>secuudum</strong></span> <span class='ocrx_word' id='word_1_48' title='bbox 836 683 874 720; x_wconf 90' lang='lat' dir='ltr'><strong>ra·</strong></span> 
     </span>
     <span class='ocr_line' id='line_1_7' title="bbox 62 733 524 798; baseline 0.009 -18"><span class='ocrx_word' id='word_1_49' title='bbox 62 733 150 784; x_wconf 87' lang='lat' dir='ltr'><strong>tionem</strong></span> <span class='ocrx_word' id='word_1_50' title='bbox 164 733 227 798; x_wconf 79' lang='lat' dir='ltr'><strong>prius</strong></span> <span class='ocrx_word' id='word_1_51' title='bbox 240 737 276 786; x_wconf 87' lang='lat' dir='ltr'><strong>est</strong></span> <span class='ocrx_word' id='word_1_52' title='bbox 289 748 333 786; x_wconf 84' lang='lat' dir='ltr'><strong>ens</strong></span> <span class='ocrx_word' id='word_1_53' title='bbox 345 734 416 798; x_wconf 76' lang='lat' dir='ltr'><strong>quim</strong></span> <span class='ocrx_word' id='word_1_54' title='bbox 430 736 524 786; x_wconf 90' lang='lat' dir='ltr'><strong>bonum.</strong></span> 
     </span>
    </p>

    <p class='ocr_par' dir='ltr' id='par_1_3' title="bbox 53 805 876 2064">
     <span class='ocr_line' id='line_1_8' title="bbox 95 805 873 872; baseline 0.009 -16"><span class='ocrx_word' id='word_1_55' title='bbox 95 806 130 856; x_wconf 80' lang='lat' dir='ltr'><strong>Ad</strong></span> <span class='ocrx_word' id='word_1_56' title='bbox 141 805 243 870; x_wconf 86' lang='lat' dir='ltr'><strong>primum</strong></span> <span class='ocrx_word' id='word_1_57' title='bbox 256 821 312 870; x_wconf 84' lang='lat' dir='ltr'><strong>ergo</strong></span> <span class='ocrx_word' id='word_1_58' title='bbox 326 807 465 871; x_wconf 89' lang='lat' dir='ltr'><strong>dicendum,</strong></span> <span class='ocrx_word' id='word_1_59' title='bbox 483 805 544 870; x_wconf 79' lang='lat' dir='ltr'><strong>quod</strong></span> <span class='ocrx_word' id='word_1_60' title='bbox 556 807 678 872; x_wconf 75' lang='lat' dir='ltr'><strong>Dionysius</strong></span> <span class='ocrx_word' id='word_1_61' title='bbox 690 809 827 862; x_wconf 73' lang='lat' dir='ltr'><strong>determinat</strong></span> <span class='ocrx_word' id='word_1_62' title='bbox 842 814 873 863; x_wconf 81' lang='lat' dir='ltr'><strong>de</strong></span> 
     </span>
     <span class='ocr_line' id='line_1_9' title="bbox 62 877 872 943; baseline 0.009 -17"><span class='ocrx_word' id='word_1_63' title='bbox 62 877 159 926; x_wconf 78' lang='lat' dir='ltr'><strong>elr‘cr&#39;oa&#39;s</strong></span> <span class='ocrx_word' id='word_1_64' title='bbox 178 877 334 928; x_wconf 72' lang='lat' dir='ltr'><strong>Nominibus</strong></span> <span class='ocrx_word' id='word_1_65' title='bbox 354 877 482 928; x_wconf 86' lang='lat' dir='ltr'><strong>seeundum</strong></span> <span class='ocrx_word' id='word_1_66' title='bbox 502 878 563 942; x_wconf 74' lang='lat' dir='ltr'><strong>quod</strong></span> <span class='ocrx_word' id='word_1_67' title='bbox 580 877 706 943; x_wconf 80' lang='lat' dir='ltr'><strong>important</strong></span> <span class='ocrx_word' id='word_1_68' title='bbox 723 881 783 932; x_wconf 80' lang='lat' dir='ltr'><strong>circa</strong></span> <span class='ocrx_word' id='word_1_69' title='bbox 798 884 872 933; x_wconf 86' lang='lat' dir='ltr'><strong>lleum</strong></span> 
     </span>
     <span class='ocr_line' id='line_1_10' title="bbox 59 947 873 1017; baseline 0.007 -19"><span class='ocrx_word' id='word_1_70' title='bbox 59 947 222 998; x_wconf 87' lang='lat' dir='ltr'><strong>habitudinem</strong></span> <span class='ocrx_word' id='word_1_71' title='bbox 235 961 321 1012; x_wconf 81' lang='lat' dir='ltr'><strong>cause,</strong></span> <span class='ocrx_word' id='word_1_72' title='bbox 335 948 485 999; x_wconf 89' lang='lat' dir='ltr'><strong>nominamus</strong></span> <span class='ocrx_word' id='word_1_73' title='bbox 499 948 563 998; x_wconf 90' lang='lat' dir='ltr'><strong>euim</strong></span> <span class='ocrx_word' id='word_1_74' title='bbox 575 950 647 1000; x_wconf 85' lang='lat' dir='ltr'><strong>ileum</strong></span> <span class='ocrx_word' id='word_1_75' title='bbox 658 950 694 1014; x_wconf 90' lang='lat' dir='ltr'><strong>(ut</strong></span> <span class='ocrx_word' id='word_1_76' title='bbox 706 951 756 1014; x_wconf 79' lang='lat' dir='ltr'><strong>ipse</strong></span> <span class='ocrx_word' id='word_1_77' title='bbox 765 952 832 1017; x_wconf 89' lang='lat' dir='ltr'><strong>dicit)</strong></span> <span class='ocrx_word' id='word_1_78' title='bbox 843 967 873 1004; x_wconf 89' lang='lat' dir='ltr'><strong>ex</strong></span> 
     </span>
     <span class='ocr_line' id='line_1_11' title="bbox 58 1018 873 1085; baseline 0.007 -17"><span class='ocrx_word' id='word_1_79' title='bbox 58 1019 185 1082; x_wconf 73' lang='lat' dir='ltr'><strong>creaturis,</strong></span> <span class='ocrx_word' id='word_1_80' title='bbox 198 1019 260 1069; x_wconf 89' lang='lat' dir='ltr'><strong>sieut</strong></span> <span class='ocrx_word' id='word_1_81' title='bbox 272 1032 367 1070; x_wconf 88' lang='lat' dir='ltr'><strong>causam</strong></span> <span class='ocrx_word' id='word_1_82' title='bbox 381 1033 412 1072; x_wconf 87' lang='lat' dir='ltr'><strong>ex</strong></span> <span class='ocrx_word' id='word_1_83' title='bbox 422 1019 544 1072; x_wconf 80' lang='lat' dir='ltr'><strong>effectibus</strong></span> <span class='ocrx_word' id='word_1_84' title='bbox 557 1018 591 1085; x_wconf 80' lang='grc'><strong>(1)</strong></span> <span class='ocrx_word' id='word_1_85' title='bbox 605 1036 610 1068; x_wconf 93' lang='lat'>:</span> <span class='ocrx_word' id='word_1_86' title='bbox 625 1022 714 1071; x_wconf 89' lang='lat' dir='ltr'><strong>bonum</strong></span> <span class='ocrx_word' id='word_1_87' title='bbox 727 1025 805 1073; x_wconf 71' lang='lat' dir='ltr'><strong>aumm</strong></span> <span class='ocrx_word' id='word_1_88' title='bbox 818 1037 873 1074; x_wconf 91' lang='lat' dir='ltr'><strong>cum</strong></span> 
     </span>
     <span class='ocr_line' id='line_1_12' title="bbox 58 1089 873 1155; baseline 0.005 -15"><span class='ocrx_word' id='word_1_89' title='bbox 58 1091 144 1140; x_wconf 84' lang='lat' dir='ltr'><strong>babeat</strong></span> <span class='ocrx_word' id='word_1_90' title='bbox 164 1089 279 1140; x_wconf 88' lang='lat' dir='ltr'><strong>rationem</strong></span> <span class='ocrx_word' id='word_1_91' title='bbox 293 1089 443 1154; x_wconf 83' lang='lat' dir='ltr'><strong>appetibilis,</strong></span> <span class='ocrx_word' id='word_1_92' title='bbox 461 1089 569 1155; x_wconf 81' lang='lat' dir='ltr'><strong>importat</strong></span> <span class='ocrx_word' id='word_1_93' title='bbox 581 1091 739 1143; x_wconf 80' lang='lat' dir='ltr'><strong>habitudinem</strong></span> <span class='ocrx_word' id='word_1_94' title='bbox 754 1107 830 1144; x_wconf 79' lang='lat' dir='ltr'><strong>cause</strong></span> <span class='ocrx_word' id='word_1_95' title='bbox 846 1094 873 1144; x_wconf 84' lang='lat' dir='ltr'><strong>li·</strong></span> 
     </span>
     <span class='ocr_line' id='line_1_13' title="bbox 59 1159 874 1226; baseline 0.002 -14"><span class='ocrx_word' id='word_1_96' title='bbox 59 1161 133 1224; x_wconf 75' lang='lat' dir='ltr'><strong>nalo,</strong></span> <span class='ocrx_word' id='word_1_97' title='bbox 151 1160 221 1224; x_wconf 84' lang='lat' dir='ltr'><strong>cujus</strong></span> <span class='ocrx_word' id='word_1_98' title='bbox 238 1161 363 1211; x_wconf 78' lang='lat' dir='ltr'><strong>camelitas</strong></span> <span class='ocrx_word' id='word_1_99' title='bbox 380 1159 456 1226; x_wconf 76' lang='lat' dir='ltr'><strong>pnma</strong></span> <span class='ocrx_word' id='word_1_100' title='bbox 472 1165 520 1224; x_wconf 85' lang='lat' dir='ltr'><strong>est;</strong></span> <span class='ocrx_word' id='word_1_101' title='bbox 539 1161 594 1225; x_wconf 87' lang='lat' dir='ltr'><strong>quia</strong></span> <span class='ocrx_word' id='word_1_102' title='bbox 610 1175 682 1224; x_wconf 80' lang='lat' dir='ltr'><strong>agene</strong></span> <span class='ocrx_word' id='word_1_103' title='bbox 698 1176 746 1214; x_wconf 90' lang='lat' dir='ltr'><strong>uon</strong></span> <span class='ocrx_word' id='word_1_104' title='bbox 763 1164 812 1226; x_wconf 81' lang='lat' dir='ltr'><strong>agit</strong></span> <span class='ocrx_word' id='word_1_105' title='bbox 828 1164 874 1214; x_wconf 84' lang='lat' dir='ltr'><strong>uiui</strong></span> 
     </span>
     <span class='ocr_line' id='line_1_14' title="bbox 59 1231 872 1296; baseline 0.004 -14"><span class='ocrx_word' id='word_1_106' title='bbox 59 1235 154 1296; x_wconf 84' lang='lat' dir='ltr'><strong>propter</strong></span> <span class='ocrx_word' id='word_1_107' title='bbox 173 1231 259 1295; x_wconf 89' lang='lat' dir='ltr'><strong>finem,</strong></span> <span class='ocrx_word' id='word_1_108' title='bbox 281 1235 306 1282; x_wconf 91' lang='lat' dir='ltr'><strong>et</strong></span> <span class='ocrx_word' id='word_1_109' title='bbox 322 1232 352 1281; x_wconf 91' lang='lat' dir='ltr'><strong>ab</strong></span> <span class='ocrx_word' id='word_1_110' title='bbox 368 1235 452 1294; x_wconf 81' lang='lat' dir='ltr'><strong>agente</strong></span> <span class='ocrx_word' id='word_1_111' title='bbox 472 1231 568 1282; x_wconf 78' lang='lat' dir='ltr'><strong>matema</strong></span> <span class='ocrx_word' id='word_1_112' title='bbox 585 1236 690 1283; x_wconf 86' lang='lat' dir='ltr'><strong>mouetur</strong></span> <span class='ocrx_word' id='word_1_113' title='bbox 704 1235 734 1283; x_wconf 91' lang='lat' dir='ltr'><strong>ad</strong></span> <span class='ocrx_word' id='word_1_114' title='bbox 751 1235 847 1284; x_wconf 84' lang='lat' dir='ltr'><strong>formam</strong></span> <span class='ocrx_word' id='word_1_115' title='bbox 864 1250 872 1285; x_wconf 75' lang='grc' dir='ltr'><strong><em>ε</em></strong></span> 
     </span>
     <span class='ocr_line' id='line_1_15' title="bbox 59 1300 874 1367; baseline 0.005 -17"><span class='ocrx_word' id='word_1_116' title='bbox 59 1303 123 1353; x_wconf 89' lang='lat' dir='ltr'><strong>unde</strong></span> <span class='ocrx_word' id='word_1_117' title='bbox 136 1302 220 1353; x_wconf 89' lang='lat' dir='ltr'><strong>dicitnr</strong></span> <span class='ocrx_word' id='word_1_118' title='bbox 232 1301 296 1366; x_wconf 82' lang='lat' dir='ltr'><strong>qubd</strong></span> <span class='ocrx_word' id='word_1_119' title='bbox 316 1300 369 1352; x_wconf 81' lang='lat' dir='ltr'><strong>suuis</strong></span> <span class='ocrx_word' id='word_1_120' title='bbox 383 1306 418 1352; x_wconf 86' lang='lat' dir='ltr'><strong>est</strong></span> <span class='ocrx_word' id='word_1_121' title='bbox 434 1315 502 1352; x_wconf 76' lang='lat' dir='ltr'><strong>musa</strong></span> <span class='ocrx_word' id='word_1_122' title='bbox 517 1316 648 1353; x_wconf 67' lang='lat' dir='ltr'><strong>cananum.</strong></span> <span class='ocrx_word' id='word_1_123' title='bbox 668 1305 696 1353; x_wconf 85' lang='lat' dir='ltr'><strong>Et</strong></span> <span class='ocrx_word' id='word_1_124' title='bbox 714 1304 760 1367; x_wconf 80' lang='lat' dir='ltr'><strong>nic,</strong></span> <span class='ocrx_word' id='word_1_125' title='bbox 778 1304 804 1354; x_wconf 90' lang='lat' dir='ltr'><strong>in</strong></span> <span class='ocrx_word' id='word_1_126' title='bbox 819 1318 874 1354; x_wconf 82' lang='lat' dir='ltr'><strong>ouu-</strong></span> 
     </span>
     <span class='ocr_line' id='line_1_16' title="bbox 57 1371 871 1436; baseline 0.004 -14"><span class='ocrx_word' id='word_1_127' title='bbox 57 1373 131 1424; x_wconf 85' lang='lat' dir='ltr'><strong>sando</strong></span> <span class='ocrx_word' id='word_1_128' title='bbox 148 1374 239 1423; x_wconf 90' lang='lat' dir='ltr'><strong>bouum</strong></span> <span class='ocrx_word' id='word_1_129' title='bbox 256 1376 292 1426; x_wconf 86' lang='lat' dir='ltr'><strong>cst</strong></span> <span class='ocrx_word' id='word_1_130' title='bbox 309 1371 376 1436; x_wconf 66' lang='lat' dir='ltr'><strong>priua</strong></span> <span class='ocrx_word' id='word_1_131' title='bbox 391 1371 461 1436; x_wconf 82' lang='lat' dir='ltr'><strong>quam</strong></span> <span class='ocrx_word' id='word_1_132' title='bbox 474 1386 529 1436; x_wconf 86' lang='lat' dir='ltr'><strong>ene,</strong></span> <span class='ocrx_word' id='word_1_133' title='bbox 548 1373 609 1423; x_wconf 88' lang='lat' dir='ltr'><strong>siout</strong></span> <span class='ocrx_word' id='word_1_134' title='bbox 626 1373 679 1423; x_wconf 85' lang='lat' dir='ltr'><strong>linis</strong></span> <span class='ocrx_word' id='word_1_135' title='bbox 695 1373 764 1436; x_wconf 78' lang='lat' dir='ltr'><strong>quim</strong></span> <span class='ocrx_word' id='word_1_136' title='bbox 777 1375 871 1425; x_wconf 86' lang='lat' dir='ltr'><strong>torma:</strong></span> 
     </span>
     <span class='ocr_line' id='line_1_17' title="bbox 59 1443 875 1506; baseline 0.001 -13"><span class='ocrx_word' id='word_1_137' title='bbox 59 1449 83 1493; x_wconf 91' lang='lat' dir='ltr'><strong>et</strong></span> <span class='ocrx_word' id='word_1_138' title='bbox 95 1446 141 1494; x_wconf 87' lang='lat' dir='ltr'><strong>bno</strong></span> <span class='ocrx_word' id='word_1_139' title='bbox 156 1444 250 1495; x_wconf 87' lang='lat' dir='ltr'><strong>ratione</strong></span> <span class='ocrx_word' id='word_1_140' title='bbox 270 1444 332 1494; x_wconf 89' lang='lat' dir='ltr'><strong>iuter</strong></span> <span class='ocrx_word' id='word_1_141' title='bbox 353 1443 449 1494; x_wconf 89' lang='lat' dir='ltr'><strong>nomina</strong></span> <span class='ocrx_word' id='word_1_142' title='bbox 466 1443 621 1506; x_wconf 82' lang='lat' dir='ltr'><strong>significantia</strong></span> <span class='ocrx_word' id='word_1_143' title='bbox 640 1443 798 1494; x_wconf 86' lang='lat' dir='ltr'><strong>causalitatem</strong></span> <span class='ocrx_word' id='word_1_144' title='bbox 816 1444 875 1494; x_wconf 79' lang='lat' dir='ltr'><strong>diri-</strong></span> 
     </span>
     <span class='ocr_line' id='line_1_18' title="bbox 59 1513 875 1580; baseline 0.001 -17"><span class='ocrx_word' id='word_1_145' title='bbox 59 1527 127 1578; x_wconf 89' lang='lat' dir='ltr'><strong>nam,</strong></span> <span class='ocrx_word' id='word_1_146' title='bbox 147 1515 216 1580; x_wconf 83' lang='lat' dir='ltr'><strong>prius</strong></span> <span class='ocrx_word' id='word_1_147' title='bbox 228 1513 326 1578; x_wconf 83' lang='lat' dir='ltr'><strong>ponitur</strong></span> <span class='ocrx_word' id='word_1_148' title='bbox 345 1514 434 1565; x_wconf 90' lang='lat' dir='ltr'><strong>bouum</strong></span> <span class='ocrx_word' id='word_1_149' title='bbox 453 1513 522 1578; x_wconf 80' lang='lat' dir='ltr'><strong>quim</strong></span> <span class='ocrx_word' id='word_1_150' title='bbox 538 1527 589 1564; x_wconf 85' lang='lat' dir='ltr'><strong>ene.</strong></span> <span class='ocrx_word' id='word_1_151' title='bbox 604 1513 746 1577; x_wconf 73' lang='lat' dir='ltr'><strong>tiliorum,</strong></span> <span class='ocrx_word' id='word_1_152' title='bbox 765 1514 820 1576; x_wconf 84' lang='lat' dir='ltr'><strong>quia</strong></span> <span class='ocrx_word' id='word_1_153' title='bbox 839 1528 875 1564; x_wconf 84' lang='lat' dir='ltr'><strong>ee-</strong></span> 
     </span>
     <span class='ocr_line' id='line_1_19' title="bbox 61 1583 876 1650; baseline 0.005 -16"><span class='ocrx_word' id='word_1_154' title='bbox 61 1586 160 1635; x_wconf 89' lang='lat' dir='ltr'><strong>cundum</strong></span> <span class='ocrx_word' id='word_1_155' title='bbox 178 1585 312 1636; x_wconf 84' lang='lat' dir='ltr'><strong>Platonicos</strong></span> <span class='ocrx_word' id='word_1_156' title='bbox 333 1583 385 1650; x_wconf 79' lang='lat' dir='ltr'><strong>(t),</strong></span> <span class='ocrx_word' id='word_1_157' title='bbox 404 1585 445 1650; x_wconf 91' lang='lat' dir='ltr'><strong>qui</strong></span> <span class='ocrx_word' id='word_1_158' title='bbox 456 1585 577 1636; x_wconf 88' lang='lat' dir='ltr'><strong>materiam</strong></span> <span class='ocrx_word' id='word_1_159' title='bbox 595 1583 751 1648; x_wconf 72' lang='lat' dir='ltr'><strong>derivatione</strong></span> <span class='ocrx_word' id='word_1_160' title='bbox 769 1599 817 1636; x_wconf 93' lang='lat' dir='ltr'><strong>nou</strong></span> <span class='ocrx_word' id='word_1_161' title='bbox 830 1586 876 1638; x_wconf 84' lang='lat' dir='ltr'><strong>dir·</strong></span> 
     </span>
     <span class='ocr_line' id='line_1_20' title="bbox 62 1653 875 1719; baseline 0.006 -16"><span class='ocrx_word' id='word_1_162' title='bbox 62 1653 192 1717; x_wconf 74' lang='lat' dir='ltr'><strong>tinguentes</strong></span> <span class='ocrx_word' id='word_1_163' title='bbox 212 1655 323 1706; x_wconf 88' lang='lat' dir='ltr'><strong>dicebant</strong></span> <span class='ocrx_word' id='word_1_164' title='bbox 341 1655 463 1706; x_wconf 86' lang='lat' dir='ltr'><strong>materiam</strong></span> <span class='ocrx_word' id='word_1_165' title='bbox 476 1669 526 1707; x_wconf 81' lang='lat' dir='ltr'><strong>esse</strong></span> <span class='ocrx_word' id='word_1_166' title='bbox 542 1669 590 1707; x_wconf 89' lang='lat' dir='ltr'><strong>non</strong></span> <span class='ocrx_word' id='word_1_167' title='bbox 602 1669 657 1719; x_wconf 84' lang='lat' dir='ltr'><strong>eus,</strong></span> <span class='ocrx_word' id='word_1_168' title='bbox 670 1655 700 1706; x_wconf 92' lang='lat' dir='ltr'><strong>ad</strong></span> <span class='ocrx_word' id='word_1_169' title='bbox 711 1656 777 1719; x_wconf 83' lang='lat' dir='ltr'><strong>plura</strong></span> <span class='ocrx_word' id='word_1_170' title='bbox 793 1669 818 1706; x_wconf 84' lang='lat' dir='ltr'><strong>ee</strong></span> <span class='ocrx_word' id='word_1_171' title='bbox 834 1671 875 1708; x_wconf 90' lang='lat' dir='ltr'><strong>ex-</strong></span> 
     </span>
     <span class='ocr_line' id='line_1_21' title="bbox 60 1723 874 1791; baseline 0.004 -15"><span class='ocrx_word' id='word_1_172' title='bbox 60 1727 134 1776; x_wconf 88' lang='lat' dir='ltr'><strong>tendit</strong></span> <span class='ocrx_word' id='word_1_173' title='bbox 145 1725 298 1791; x_wconf 84' lang='lat' dir='ltr'><strong>participatio</strong></span> <span class='ocrx_word' id='word_1_174' title='bbox 312 1724 370 1775; x_wconf 93' lang='lat' dir='ltr'><strong>boui</strong></span> <span class='ocrx_word' id='word_1_175' title='bbox 383 1723 453 1789; x_wconf 78' lang='lat' dir='ltr'><strong>quim</strong></span> <span class='ocrx_word' id='word_1_176' title='bbox 466 1726 612 1790; x_wconf 85' lang='lat' dir='ltr'><strong>participatio</strong></span> <span class='ocrx_word' id='word_1_177' title='bbox 623 1725 698 1777; x_wconf 82' lang='lat' dir='ltr'><strong>eutis:</strong></span> <span class='ocrx_word' id='word_1_178' title='bbox 712 1740 765 1777; x_wconf 88' lang='lat' dir='ltr'><strong>uam</strong></span> <span class='ocrx_word' id='word_1_179' title='bbox 777 1728 874 1779; x_wconf 87' lang='lat' dir='ltr'><strong>materia</strong></span> 
     </span>
     <span class='ocr_line' id='line_1_22' title="bbox 56 1795 874 1862; baseline -0.001 -14"><span class='ocrx_word' id='word_1_180' title='bbox 56 1797 131 1860; x_wconf 84' lang='lat' dir='ltr'><strong>prima</strong></span> <span class='ocrx_word' id='word_1_181' title='bbox 142 1797 273 1862; x_wconf 75' lang='lat' dir='ltr'><strong>pumiciput</strong></span> <span class='ocrx_word' id='word_1_182' title='bbox 283 1797 386 1859; x_wconf 89' lang='lat' dir='ltr'><strong>bonunr,</strong></span> <span class='ocrx_word' id='word_1_183' title='bbox 398 1795 452 1846; x_wconf 83' lang='lat' dir='ltr'><strong>clim</strong></span> <span class='ocrx_word' id='word_1_184' title='bbox 463 1801 556 1862; x_wconf 81' lang='lat' dir='ltr'><strong>appetet</strong></span> <span class='ocrx_word' id='word_1_185' title='bbox 569 1798 662 1862; x_wconf 85' lang='lat' dir='ltr'><strong>ipenm;</strong></span> <span class='ocrx_word' id='word_1_186' title='bbox 673 1797 732 1847; x_wconf 90' lang='lat' dir='ltr'><strong>nibil</strong></span> <span class='ocrx_word' id='word_1_187' title='bbox 745 1800 822 1848; x_wconf 90' lang='lat' dir='ltr'><strong>autem</strong></span> <span class='ocrx_word' id='word_1_188' title='bbox 833 1812 874 1862; x_wconf 85' lang='lat' dir='ltr'><strong>ap-</strong></span> 
     </span>
     <span class='ocr_line' id='line_1_23' title="bbox 56 1866 875 1933; baseline 0 -15"><span class='ocrx_word' id='word_1_189' title='bbox 56 1869 115 1931; x_wconf 87' lang='lat' dir='ltr'><strong>petit</strong></span> <span class='ocrx_word' id='word_1_190' title='bbox 124 1869 172 1918; x_wconf 79' lang='lat' dir='ltr'><strong>nisi</strong></span> <span class='ocrx_word' id='word_1_191' title='bbox 187 1867 266 1918; x_wconf 83' lang='lat' dir='ltr'><strong>simile</strong></span> <span class='ocrx_word' id='word_1_192' title='bbox 280 1866 344 1917; x_wconf 88' lang='lat' dir='ltr'><strong>eibi:</strong></span> <span class='ocrx_word' id='word_1_193' title='bbox 362 1880 410 1916; x_wconf 89' lang='lat' dir='ltr'><strong>non</strong></span> <span class='ocrx_word' id='word_1_194' title='bbox 426 1868 640 1933; x_wconf 59' lang='lat' dir='ltr'><strong>autem-participat</strong></span> <span class='ocrx_word' id='word_1_195' title='bbox 652 1881 694 1919; x_wconf 86' lang='lat' dir='ltr'><strong>eus</strong></span> <span class='ocrx_word' id='word_1_196' title='bbox 709 1868 762 1919; x_wconf 85' lang='lat' dir='ltr'><strong>edm</strong></span> <span class='ocrx_word' id='word_1_197' title='bbox 775 1873 875 1931; x_wconf 86' lang='lat' dir='ltr'><strong>ponatur</strong></span> 
     </span>
     <span class='ocr_line' id='line_1_24' title="bbox 54 1936 874 2004; baseline 0 -15"><span class='ocrx_word' id='word_1_198' title='bbox 54 1953 100 1990; x_wconf 92' lang='lat' dir='ltr'><strong>non</strong></span> <span class='ocrx_word' id='word_1_199' title='bbox 112 1954 166 1991; x_wconf 83' lang='lat' dir='ltr'><strong>eus.</strong></span> <span class='ocrx_word' id='word_1_200' title='bbox 184 1941 217 1990; x_wconf 89' lang='lat' dir='ltr'><strong>Et</strong></span> <span class='ocrx_word' id='word_1_201' title='bbox 235 1938 289 1989; x_wconf 87' lang='lat' dir='ltr'><strong>ideo</strong></span> <span class='ocrx_word' id='word_1_202' title='bbox 307 1937 364 1988; x_wconf 89' lang='lat' dir='ltr'><strong>dr&#39;eit</strong></span> <span class='ocrx_word' id='word_1_203' title='bbox 378 1936 502 2002; x_wconf 75' lang='lat' dir='ltr'><strong>Dionysius</strong></span> <span class='ocrx_word' id='word_1_204' title='bbox 520 1937 581 2004; x_wconf 87' lang='lat' dir='ltr'><strong>qubd</strong></span> <span class='ocrx_word' id='word_1_205' title='bbox 599 1939 686 1990; x_wconf 91' lang='lat' dir='ltr'><strong>bonum</strong></span> <span class='ocrx_word' id='word_1_206' title='bbox 700 1937 831 1990; x_wconf 83' lang='lat' dir='ltr'><strong>extenditur</strong></span> <span class='ocrx_word' id='word_1_207' title='bbox 844 1940 874 1990; x_wconf 88' lang='lat' dir='ltr'><strong>ad</strong></span> 
     </span>
     <span class='ocr_line' id='line_1_25' title="bbox 53 2009 254 2064; baseline 0 -4"><span class='ocrx_word' id='word_1_208' title='bbox 53 2025 99 2064; x_wconf 91' lang='lat' dir='ltr'><strong>non</strong></span> <span class='ocrx_word' id='word_1_209' title='bbox 114 2009 254 2062; x_wconf 79' lang='lat' dir='ltr'><strong>existentia</strong></span> 
     </span>
    </p>

    <p class='ocr_par' dir='ltr' id='par_1_4' title="bbox 50 2077 874 2289">
     <span class='ocr_line' id='line_1_26' title="bbox 83 2077 874 2146; baseline -0.01 -13"><span class='ocrx_word' id='word_1_210' title='bbox 83 2083 152 2134; x_wconf 88' lang='lat' dir='ltr'><strong>Unde</strong></span> <span class='ocrx_word' id='word_1_211' title='bbox 165 2084 235 2146; x_wconf 83' lang='lat' dir='ltr'><strong>patet</strong></span> <span class='ocrx_word' id='word_1_212' title='bbox 250 2078 336 2130; x_wconf 81' lang='lat' dir='ltr'><strong>solutio</strong></span> <span class='ocrx_word' id='word_1_213' title='bbox 350 2079 380 2128; x_wconf 91' lang='lat' dir='ltr'><strong>ad</strong></span> <span class='ocrx_word' id='word_1_214' title='bbox 397 2079 533 2128; x_wconf 87' lang='lat' dir='ltr'><strong>secuudum.</strong></span> <span class='ocrx_word' id='word_1_215' title='bbox 547 2079 589 2129; x_wconf 91' lang='lat' dir='ltr'><strong>Vel</strong></span> <span class='ocrx_word' id='word_1_216' title='bbox 602 2079 738 2142; x_wconf 89' lang='lat' dir='ltr'><strong>dicendum,</strong></span> <span class='ocrx_word' id='word_1_217' title='bbox 758 2078 820 2142; x_wconf 89' lang='lat' dir='ltr'><strong>quod</strong></span> <span class='ocrx_word' id='word_1_218' title='bbox 832 2077 874 2128; x_wconf 91' lang='lat' dir='ltr'><strong>bo.</strong></span> 
     </span>
     <span class='ocr_line' id='line_1_27' title="bbox 51 2148 874 2214; baseline -0.007 -10"><span class='ocrx_word' id='word_1_219' title='bbox 51 2168 107 2204; x_wconf 89' lang='lat' dir='ltr'><strong>num</strong></span> <span class='ocrx_word' id='word_1_220' title='bbox 123 2151 266 2204; x_wconf 81' lang='lat' dir='ltr'><strong>extenditur</strong></span> <span class='ocrx_word' id='word_1_221' title='bbox 277 2149 306 2199; x_wconf 91' lang='lat' dir='ltr'><strong>ad</strong></span> <span class='ocrx_word' id='word_1_222' title='bbox 314 2149 440 2200; x_wconf 84' lang='lat' dir='ltr'><strong>existentia</strong></span> <span class='ocrx_word' id='word_1_223' title='bbox 451 2151 475 2199; x_wconf 88' lang='lat' dir='ltr'><strong>et</strong></span> <span class='ocrx_word' id='word_1_224' title='bbox 483 2162 530 2199; x_wconf 92' lang='lat' dir='ltr'><strong>non</strong></span> <span class='ocrx_word' id='word_1_225' title='bbox 538 2149 676 2214; x_wconf 82' lang='lat' dir='ltr'><strong>existentia,</strong></span> <span class='ocrx_word' id='word_1_226' title='bbox 687 2162 735 2199; x_wconf 91' lang='lat' dir='ltr'><strong>non</strong></span> <span class='ocrx_word' id='word_1_227' title='bbox 746 2148 874 2198; x_wconf 85' lang='lat' dir='ltr'><strong>secundum</strong></span> 
     </span>
     <span class='ocr_line' id='line_1_28' title="bbox 50 2219 874 2289; baseline -0.008 -12"><span class='ocrx_word' id='word_1_228' title='bbox 50 2224 261 2289; x_wconf 67' lang='lat' dir='ltr'><strong>pmdicatiouem,</strong></span> <span class='ocrx_word' id='word_1_229' title='bbox 276 2221 318 2272; x_wconf 90' lang='lat' dir='ltr'><strong>sed</strong></span> <span class='ocrx_word' id='word_1_230' title='bbox 332 2220 461 2271; x_wconf 84' lang='lat' dir='ltr'><strong>secuudum</strong></span> <span class='ocrx_word' id='word_1_231' title='bbox 474 2221 631 2272; x_wconf 69' lang='lat' dir='ltr'><strong>minuitatem</strong></span> <span class='ocrx_word' id='word_1_232' title='bbox 644 2236 650 2269; x_wconf 90' lang='lat'>:</span> <span class='ocrx_word' id='word_1_233' title='bbox 664 2223 691 2269; x_wconf 90' lang='lat' dir='ltr'><strong>ut</strong></span> <span class='ocrx_word' id='word_1_234' title='bbox 702 2233 744 2284; x_wconf 85' lang='lat' dir='ltr'><strong>per</strong></span> <span class='ocrx_word' id='word_1_235' title='bbox 753 2233 801 2271; x_wconf 90' lang='lat' dir='ltr'><strong>uon</strong></span> <span class='ocrx_word' id='word_1_236' title='bbox 813 2219 874 2270; x_wconf 83' lang='lat' dir='ltr'><strong>exis·</strong></span> 
     </span>
    </p>
   </div>
   <div class='ocr_carea' id='block_1_3' title="bbox 45 2362 874 2998">
    <p class='ocr_par' dir='ltr' id='par_1_5' title="bbox 48 2362 874 2547">
     <span class='ocr_line' id='line_1_29' title="bbox 81 2362 874 2434; baseline -0.008 -17"><span class='ocrx_word' id='word_1_237' title='bbox 81 2369 113 2434; x_wconf 85' lang='lat'><strong>(1)</strong></span> <span class='ocrx_word' id='word_1_238' title='bbox 134 2367 264 2426; x_wconf 78' lang='lat' dir='ltr'><strong>Colligitur</strong></span> <span class='ocrx_word' id='word_1_239' title='bbox 275 2377 306 2410; x_wconf 89' lang='lat' dir='ltr'><strong>ex</strong></span> <span class='ocrx_word' id='word_1_240' title='bbox 317 2370 378 2409; x_wconf 88' lang='lat' dir='ltr'><strong>text.</strong></span> <span class='ocrx_word' id='word_1_241' title='bbox 393 2362 437 2420; x_wconf 79' lang='lat' dir='ltr'><strong>ab,</strong></span> <span class='ocrx_word' id='word_1_242' title='bbox 453 2362 621 2421; x_wconf 68' lang='lat' dir='ltr'><strong>ciacconii,</strong></span> <span class='ocrx_word' id='word_1_243' title='bbox 636 2365 679 2410; x_wconf 81' lang='lat' dir='ltr'><strong>nub</strong></span> <span class='ocrx_word' id='word_1_244' title='bbox 694 2362 776 2423; x_wconf 87' lang='lat' dir='ltr'><strong>tinem,</strong></span> <span class='ocrx_word' id='word_1_245' title='bbox 790 2365 831 2410; x_wconf 88' lang='lat' dir='ltr'><strong>ubi</strong></span> <span class='ocrx_word' id='word_1_246' title='bbox 844 2377 874 2411; x_wconf 84' lang='lat' dir='ltr'><strong>ee</strong></span> 
     </span>
     <span class='ocr_line' id='line_1_30' title="bbox 50 2425 874 2490; baseline -0.01 -11"><span class='ocrx_word' id='word_1_247' title='bbox 50 2446 100 2490; x_wconf 70' lang='lat' dir='ltr'><strong>onae</strong></span> <span class='ocrx_word' id='word_1_248' title='bbox 112 2435 178 2478; x_wconf 67' lang='grc'><strong>111111</strong></span> <span class='ocrx_word' id='word_1_249' title='bbox 193 2432 227 2475; x_wconf 77' lang='lat' dir='ltr'><strong>ire</strong></span> <span class='ocrx_word' id='word_1_250' title='bbox 239 2428 354 2486; x_wconf 74' lang='lat' dir='ltr'><strong>potentio</strong></span> <span class='ocrx_word' id='word_1_251' title='bbox 372 2425 487 2470; x_wconf 75' lang='lat' dir='ltr'><strong>inoeotrt&#39;</strong></span> <span class='ocrx_word' id='word_1_252' title='bbox 505 2425 627 2471; x_wconf 71' lang='lat' dir='ltr'><strong>dicuutur</strong></span> <span class='ocrx_word' id='word_1_253' title='bbox 638 2426 736 2482; x_wconf 78' lang='lat' dir='ltr'><strong>quoodo</strong></span> <span class='ocrx_word' id='word_1_254' title='bbox 749 2427 780 2470; x_wconf 79' lang='lat' dir='ltr'><strong>to</strong></span> <span class='ocrx_word' id='word_1_255' title='bbox 792 2430 874 2471; x_wconf 75' lang='lat' dir='ltr'><strong>uetuere</strong></span> 
     </span>
     <span class='ocr_line' id='line_1_31' title="bbox 48 2487 669 2547; baseline -0.016 -5"><span class='ocrx_word' id='word_1_256' title='bbox 48 2497 148 2542; x_wconf 77' lang='lat' dir='ltr'><strong>redacta</strong></span> <span class='ocrx_word' id='word_1_257' title='bbox 159 2494 242 2540; x_wconf 75' lang='lat' dir='ltr'><strong>scer,</strong></span> <span class='ocrx_word' id='word_1_258' title='bbox 256 2490 319 2547; x_wconf 77' lang='lat' dir='ltr'><strong>quta</strong></span> <span class='ocrx_word' id='word_1_259' title='bbox 331 2487 471 2534; x_wconf 71' lang='lat' dir='ltr'><strong>intellectio</strong></span> <span class='ocrx_word' id='word_1_260' title='bbox 480 2491 548 2532; x_wconf 75' lang='lat' dir='ltr'><strong>uetito</strong></span> <span class='ocrx_word' id='word_1_261' title='bbox 561 2491 609 2537; x_wconf 80' lang='lat' dir='ltr'><strong>eet,</strong></span> <span class='ocrx_word' id='word_1_262' title='bbox 622 2493 669 2533; x_wconf 87' lang='lat' dir='ltr'><strong>cto.</strong></span> 
     </span>
    </p>

    <p class='ocr_par' dir='ltr' id='par_1_6' title="bbox 49 2553 873 2678">
     <span class='ocr_line' id='line_1_32' title="bbox 78 2553 873 2629; baseline -0.011 -18"><span class='ocrx_word' id='word_1_263' title='bbox 78 2564 109 2629; x_wconf 74' lang='lat'><strong>(2)</strong></span> <span class='ocrx_word' id='word_1_264' title='bbox 123 2567 225 2622; x_wconf 82' lang='lat' dir='ltr'><strong>Nempe</strong></span> <span class='ocrx_word' id='word_1_265' title='bbox 235 2573 290 2616; x_wconf 82' lang='lat' dir='ltr'><strong>cap.</strong></span> <span class='ocrx_word' id='word_1_266' title='bbox 301 2560 325 2617; x_wconf 88' lang='lat'><strong>1,</strong></span> <span class='ocrx_word' id='word_1_267' title='bbox 342 2558 371 2604; x_wconf 83' lang='lat' dir='ltr'><strong>de</strong></span> <span class='ocrx_word' id='word_1_268' title='bbox 385 2558 484 2603; x_wconf 72' lang='lat' dir='ltr'><strong>dietate</strong></span> <span class='ocrx_word' id='word_1_269' title='bbox 494 2557 642 2605; x_wconf 77' lang='lat' dir='ltr'><strong>Nominibue</strong></span> <span class='ocrx_word' id='word_1_270' title='bbox 653 2555 775 2615; x_wconf 74' lang='lat' dir='ltr'><strong>expresse,</strong></span> <span class='ocrx_word' id='word_1_271' title='bbox 786 2553 837 2616; x_wconf 76' lang='lat' dir='ltr'><strong>ut§</strong></span> <span class='ocrx_word' id='word_1_272' title='bbox 848 2557 873 2615; x_wconf 59' lang='grc' dir='ltr'><strong>ἢ,</strong></span> 
     </span>
     <span class='ocr_line' id='line_1_33' title="bbox 49 2618 772 2678; baseline -0.011 -6"><span class='ocrx_word' id='word_1_273' title='bbox 49 2630 122 2674; x_wconf 85' lang='lat' dir='ltr'><strong>ridere</strong></span> <span class='ocrx_word' id='word_1_274' title='bbox 143 2633 194 2672; x_wconf 87' lang='lat' dir='ltr'><strong>est.</strong></span> <span class='ocrx_word' id='word_1_275' title='bbox 212 2621 282 2677; x_wconf 77' lang='lat' dir='ltr'><strong>Quod</strong></span> <span class='ocrx_word' id='word_1_276' title='bbox 296 2626 321 2667; x_wconf 87' lang='lat' dir='ltr'><strong>et</strong></span> <span class='ocrx_word' id='word_1_277' title='bbox 334 2633 389 2676; x_wconf 86' lang='lat' dir='ltr'><strong>cap.</strong></span> <span class='ocrx_word' id='word_1_278' title='bbox 406 2621 439 2678; x_wconf 84' lang='lat' dir='ltr'><strong>V,</strong></span> <span class='ocrx_word' id='word_1_279' title='bbox 455 2618 569 2677; x_wconf 80' lang='lat' dir='ltr'><strong>insinuat,</strong></span> <span class='ocrx_word' id='word_1_280' title='bbox 583 2625 608 2666; x_wconf 94' lang='lat' dir='ltr'><strong>ut</strong></span> <span class='ocrx_word' id='word_1_281' title='bbox 622 2619 772 2675; x_wconf 74' lang='lat' dir='ltr'><strong>supranatet.</strong></span> 
     </span>
    </p>

    <p class='ocr_par' dir='ltr' id='par_1_7' title="bbox 45 2687 874 2998">
     <span class='ocr_line' id='line_1_34' title="bbox 76 2687 874 2760; baseline -0.016 -18"><span class='ocrx_word' id='word_1_282' title='bbox 76 2696 107 2760; x_wconf 80' lang='lat'><strong>(3)</strong></span> <span class='ocrx_word' id='word_1_283' title='bbox 123 2699 186 2744; x_wconf 86' lang='lat' dir='ltr'><strong>Tale</strong></span> <span class='ocrx_word' id='word_1_284' title='bbox 200 2691 297 2749; x_wconf 87' lang='lat' dir='ltr'><strong>aliquid</strong></span> <span class='ocrx_word' id='word_1_285' title='bbox 311 2691 336 2736; x_wconf 88' lang='lat' dir='ltr'><strong>in</strong></span> <span class='ocrx_word' id='word_1_286' title='bbox 348 2691 368 2736; x_wconf 94' lang='lat' dir='ltr'><strong>I.</strong></span> <span class='ocrx_word' id='word_1_287' title='bbox 379 2688 545 2746; x_wconf 72' lang='lat' dir='ltr'><strong>Pbyetcorum</strong></span> <span class='ocrx_word' id='word_1_288' title='bbox 555 2694 614 2733; x_wconf 90' lang='lat' dir='ltr'><strong>text.</strong></span> <span class='ocrx_word' id='word_1_289' title='bbox 627 2687 667 2745; x_wconf 79' lang='lat' dir='ltr'><strong>ar,</strong></span> <span class='ocrx_word' id='word_1_290' title='bbox 679 2700 706 2732; x_wconf 83' lang='lat' dir='ltr'><strong>oo</strong></span> <span class='ocrx_word' id='word_1_291' title='bbox 716 2688 838 2744; x_wconf 81' lang='lat' dir='ltr'><strong>deinceps,</strong></span> <span class='ocrx_word' id='word_1_292' title='bbox 848 2689 874 2730; x_wconf 88' lang='lat' dir='ltr'><strong>ut</strong></span> 
     </span>
     <span class='ocr_line' id='line_1_35' title="bbox 47 2748 871 2818; baseline -0.019 -10"><span class='ocrx_word' id='word_1_293' title='bbox 47 2767 67 2805; x_wconf 85' lang='lat' dir='ltr'><strong>ct</strong></span> <span class='ocrx_word' id='word_1_294' title='bbox 76 2767 163 2818; x_wconf 76' lang='lat' dir='ltr'><strong>postea</strong></span> <span class='ocrx_word' id='word_1_295' title='bbox 173 2761 241 2804; x_wconf 83' lang='lat' dir='ltr'><strong>text.</strong></span> <span class='ocrx_word' id='word_1_296' title='bbox 250 2753 281 2798; x_wconf 82' lang='lat'><strong>71</strong></span> <span class='ocrx_word' id='word_1_297' title='bbox 291 2787 298 2812; x_wconf 91' lang='lat'><strong>,</strong></span> <span class='ocrx_word' id='word_1_298' title='bbox 309 2759 334 2798; x_wconf 91' lang='lat' dir='ltr'><strong>et</strong></span> <span class='ocrx_word' id='word_1_299' title='bbox 344 2750 508 2808; x_wconf 79' lang='lat' dir='ltr'><strong>sequentibus,</strong></span> <span class='ocrx_word' id='word_1_300' title='bbox 518 2763 544 2795; x_wconf 89' lang='lat' dir='ltr'><strong>ue</strong></span> <span class='ocrx_word' id='word_1_301' title='bbox 555 2751 638 2795; x_wconf 82' lang='lat' dir='ltr'><strong>iterum</strong></span> <span class='ocrx_word' id='word_1_302' title='bbox 646 2755 704 2795; x_wconf 87' lang='lat' dir='ltr'><strong>text.</strong></span> <span class='ocrx_word' id='word_1_303' title='bbox 714 2748 759 2804; x_wconf 82' lang='lat' dir='ltr'><strong>ue,</strong></span> <span class='ocrx_word' id='word_1_304' title='bbox 769 2760 810 2792; x_wconf 86' lang='lat' dir='ltr'><strong>sou</strong></span> <span class='ocrx_word' id='word_1_305' title='bbox 819 2759 871 2802; x_wconf 71' lang='lat' dir='ltr'><strong>cau,</strong></span> 
     </span>
     <span class='ocr_line' id='line_1_36' title="bbox 46 2809 873 2880; baseline -0.017 -12"><span class='ocrx_word' id='word_1_306' title='bbox 46 2825 67 2880; x_wconf 85' lang='lat' dir='ltr'><strong>l,</strong></span> <span class='ocrx_word' id='word_1_307' title='bbox 82 2824 97 2867; x_wconf 87' lang='lat'><strong>8</strong></span> <span class='ocrx_word' id='word_1_308' title='bbox 110 2829 135 2869; x_wconf 83' lang='lat' dir='ltr'><strong>et</strong></span> <span class='ocrx_word' id='word_1_309' title='bbox 150 2821 181 2880; x_wconf 83' lang='lat'><strong>9,</strong></span> <span class='ocrx_word' id='word_1_310' title='bbox 199 2819 257 2865; x_wconf 84' lang='lat' dir='ltr'><strong>sine</strong></span> <span class='ocrx_word' id='word_1_311' title='bbox 273 2815 323 2861; x_wconf 91' lang='lat' dir='ltr'><strong>ulla</strong></span> <span class='ocrx_word' id='word_1_312' title='bbox 337 2824 450 2870; x_wconf 71' lang='lat' dir='ltr'><strong>expressa</strong></span> <span class='ocrx_word' id='word_1_313' title='bbox 462 2813 579 2857; x_wconf 89' lang='lat' dir='ltr'><strong>mentione</strong></span> <span class='ocrx_word' id='word_1_314' title='bbox 589 2812 759 2860; x_wconf 80' lang='lat' dir='ltr'><strong>Platonicorum</strong></span> <span class='ocrx_word' id='word_1_315' title='bbox 772 2809 873 2878; x_wconf 71' lang='lat' dir='ltr'><strong>iuduunt</strong></span> 
     </span>
     <span class='ocr_line' id='line_1_37' title="bbox 47 2871 874 2942; baseline -0.021 -13"><span class='ocrx_word' id='word_1_316' title='bbox 47 2887 73 2930; x_wconf 83' lang='lat' dir='ltr'><strong>ab</strong></span> <span class='ocrx_word' id='word_1_317' title='bbox 87 2884 214 2942; x_wconf 83' lang='lat' dir='ltr'><strong>aliquibus</strong></span> <span class='ocrx_word' id='word_1_318' title='bbox 228 2879 323 2924; x_wconf 88' lang='lat' dir='ltr'><strong>dictum</strong></span> <span class='ocrx_word' id='word_1_319' title='bbox 336 2887 402 2928; x_wconf 76' lang='lat' dir='ltr'><strong>ense3</strong></span> <span class='ocrx_word' id='word_1_320' title='bbox 417 2873 459 2918; x_wconf 80' lang='lat' dir='ltr'><strong>sed</strong></span> <span class='ocrx_word' id='word_1_321' title='bbox 473 2871 809 2940; x_wconf 60' lang='grc' dir='ltr'><strong>111111111111111]1111111,Ι</strong></span> <span class='ocrx_word' id='word_1_322' title='bbox 819 2880 874 2938; x_wconf 74' lang='lat' dir='ltr'><strong>quun</strong></span> 
     </span>
     <span class='ocr_line' id='line_1_38' title="bbox 45 2931 874 2998; baseline -0.025 -5"><span class='ocrx_word' id='word_1_323' title='bbox 45 2960 138 2996; x_wconf 77' lang='lat' dir='ltr'><strong>iucem</strong></span> <span class='ocrx_word' id='word_1_324' title='bbox 160 2945 287 2992; x_wconf 79' lang='lat' dir='ltr'><strong>duntaxat</strong></span> <span class='ocrx_word' id='word_1_325' title='bbox 305 2949 349 2998; x_wconf 84' lang='lat' dir='ltr'><strong>per</strong></span> <span class='ocrx_word' id='word_1_326' title='bbox 368 2935 479 2984; x_wconf 80' lang='lat' dir='ltr'><strong>accidens</strong></span> <span class='ocrx_word' id='word_1_327' title='bbox 497 2935 580 2982; x_wconf 87' lang='lat' dir='ltr'><strong>dicitur</strong></span> <span class='ocrx_word' id='word_1_328' title='bbox 597 2934 708 2993; x_wconf 88' lang='lat' dir='ltr'><strong>materia,</strong></span> <span class='ocrx_word' id='word_1_329' title='bbox 723 2931 765 2979; x_wconf 82' lang='lat' dir='ltr'><strong>sed</strong></span> <span class='ocrx_word' id='word_1_330' title='bbox 776 2933 874 2989; x_wconf 82' lang='lat' dir='ltr'><strong>pmuetuo</strong></span> 
     </span>
    </p>
   </div>
   <div class='ocr_carea' id='block_1_4' title="bbox 45 3022 133 3066">
    <p class='ocr_par' dir='ltr' id='par_1_8' title="bbox 45 3022 133 3066">
     <span class='ocr_line' id='line_1_39' title="bbox 45 3022 133 3066; baseline 0.045 -12"><span class='ocrx_word' id='word_1_331' title='bbox 45 3022 83 3066; x_wconf 84' lang='lat' dir='ltr'><strong>per</strong></span> <span class='ocrx_word' id='word_1_332' title='bbox 96 3023 133 3058; x_wconf 80' lang='lat' dir='ltr'><strong>re.</strong></span> 
     </span>
    </p>
   </div>
   <div class='ocr_carea' id='block_1_5' title="bbox 0 0 1000 3342">
    <p class='ocr_par' dir='ltr' id='par_1_9' title="bbox 0 0 1000 3342">
     <span class='ocr_line' id='line_1_40' title="bbox 0 0 1000 3342; baseline 0 1"><span class='ocrx_word' id='word_1_333' title='bbox 0 0 1000 3342; x_wconf 95' lang='lat' dir='ltr'><strong> </strong></span> 
     </span>
    </p>
   </div>
  </div>
 </body>
</html>
