1992 3342
381 211 412 245 nn
427 209 563 247 censuere,
826 202 871 247 tta

104 285 156 345 Quia
172 283 229 333 ueri
246 284 334 334 salsitas
349 284 478 335 intellectis
493 300 535 349 per
553 299 577 335 se
595 286 667 336 solium
681 286 742 336 circe
759 288 871 351 composi-

74 359 156 408 tionem
169 356 301 406 intellectds
311 360 360 419 est;
375 370 416 419 per
426 357 534 407 accidens
545 358 613 407 etiam
625 358 650 406 in
661 358 793 421 operatione
804 358 872 409 intel·

73 430 156 491 lectuls,
166 441 216 492 qua
227 426 346 490 cognoscit
360 428 500 493 quodquod
512 435 562 488 est,
577 434 652 493 potest
667 442 716 480 esse
732 430 832 492 falsitas,
847 430 872 479 in

73 504 182 565 quantum
197 498 232 548 ibi
247 499 384 563 compositio
396 499 527 549 intellectis
540 500 677 550 admiscetur
694 500 738 565 (1).
754 501 818 560 Quod
832 515 873 565 po-

73 576 174 621 testesse
184 569 322 635 dupliciter:
335 584 382 620 uno
391 570 466 633 modo,
480 570 606 621 secundnm
615 571 675 635 quod
684 572 815 623 intellectus
829 573 873 625 dil·

71 644 197 693 finitionem
217 640 286 690 unius
305 640 408 690 attribuit
427 642 510 704 alteri3
532 646 558 693 ut
577 642 596 692 si
616 642 776 695 diffinitionem
793 644 873 694 circuli

72 714 182 765 attribuat
190 712 295 774 homini,
306 713 367 761 unde
379 713 484 763 diffinitio
493 714 562 763 unius
575 715 609 765 rei
622 718 657 763 est
667 714 723 765 falsa
737 716 765 765 de
779 715 851 765 altero
865 731 870 763 :

73 786 114 835 alio
128 784 212 847 modo,
228 783 355 833 secundum
374 784 434 847 quoa
454 788 532 847 partes
549 785 691 836 diffinitionis
708 786 824 849 componit
845 786 873 835 ad

73 856 168 907 invicem
176 893 185 919 ,
201 869 253 918 qum
269 854 337 905 sinum
356 856 438 905 sociari
451 870 497 907 non
511 862 622 921 possunt,
637 858 670 907 sio
686 857 748 907 enirn
766 856 873 907 diffinitio

73 932 162 979 nonest
178 926 255 978 solum
269 926 327 976 salsa
336 933 443 991 respectu
455 929 551 992 alicujus
565 928 611 991 rei,
626 930 665 977 sed
681 932 716 978 est
725 928 780 977 falsa
790 929 815 976 in
829 942 871 991 se3

74 1002 99 1046 ut
113 1000 133 1049 si
147 1000 234 1050 formet
251 998 320 1047 talem
341 998 502 1049 diffinitionem
520 1016 525 1048 :
545 1017 559 1047 n
581 1000 669 1049 Animal
687 998 799 1049 rationale
818 1014 874 1063 qua-

75 1070 171 1133 drupes3
182 1070 281 1120 »falsus
294 1072 330 1119 est
342 1069 474 1120 intellectus
485 1070 518 1121 sic
529 1070 672 1133 diffiniendo,
681 1074 801 1134 propterea
814 1070 874 1135 qudd

75 1139 144 1190 salsus
151 1146 184 1192 est
193 1143 220 1191 iu
233 1142 354 1191 formando
364 1142 644 1207 hanceompositiouem:
660 1160 674 1189 «
683 1142 778 1204 Aliquod
789 1142 875 1191 animal

74 1212 181 1265 rationale
194 1217 230 1264 est
241 1214 382 1277 quadrupes.
395 1216 423 1263 Et
436 1218 528 1279 propter
539 1216 593 1276 hoc,
604 1212 628 1262 in
640 1214 796 1276 cognoscendo
810 1212 876 1277 quid-

71 1282 153 1336 ditates
166 1286 287 1349 simplices
309 1298 357 1335 nou
373 1289 513 1349 potestesse
529 1284 659 1335 intellectus
670 1284 758 1347 falsum
778 1284 817 1333 sed
838 1286 876 1335 uel

71 1359 107 1404 est
117 1371 201 1418 uerus,
213 1356 253 1405 uel
265 1354 369 1405 totaliter
379 1356 438 1405 nihil
448 1356 564 1419 intelligit.

100 1428 136 1477 Ad
144 1428 247 1492 primum
260 1439 315 1489 ergo
324 1426 456 1489 dicendum,
465 1425 526 1490 qudd
537 1426 590 1489 quia
602 1425 715 1489 quidditas
729 1424 763 1475 rei
776 1428 812 1475 est
825 1438 877 1488 pro-

66 1500 145 1564 prium
156 1499 279 1562 obJectum
293 1497 438 1561 intellectis,
453 1502 545 1562 propter
557 1500 601 1547 hoc
612 1502 668 1547 tunc
678 1494 770 1561 proprie
782 1495 877 1546 dicimur

67 1570 156 1633 aliquid
164 1568 312 1631 intelligere,
321 1570 414 1631 quando
427 1568 562 1619 reducentes
575 1569 631 1618 illud
644 1568 669 1617 in
681 1570 747 1634 quod
760 1570 875 1634 quidest,

63 1642 103 1692 sic
123 1642 151 1691 dc
169 1654 199 1691 eo
216 1639 349 1703 judicamus
354 1678 364 1703 ‚
383 1640 443 1689 sicut
462 1640 545 1690 accidit
562 1640 587 1688 in
603 1640 834 1690 demonstrationibus
851 1639 875 1689 in

65 1714 154 1776 qrnibus
169 1726 218 1762 non
232 1715 269 1761 est
281 1712 378 1761 luntas.
390 1713 419 1760 Et
433 1712 476 1761 hoc
492 1712 560 1761 modo
576 1710 710 1775 intelligitur
722 1712 817 1762 uerbum
831 1714 876 1762 Au-

65 1784 170 1846 gustini,
190 1781 255 1846 quod
274 1799 289 1828 n
305 1781 380 1832 omnis
399 1782 439 1845 qui
456 1781 544 1832 fallitur
560 1796 605 1833 non
622 1782 731 1846 intelligit
748 1783 772 1833 id
789 1782 812 1831 in
831 1797 877 1845 quo

63 1855 173 1905 fallitur:
185 1870 200 1901 o
212 1867 261 1903 non
274 1858 353 1904 autem
366 1854 407 1910 ita,
423 1852 483 1916 quod
494 1853 519 1903 in
530 1854 591 1904 nulla
601 1856 733 1917 operatione
745 1852 877 1903 intellectis

62 1926 152 1991 aliquis
167 1926 270 1975 fallatur,

91 2001 131 2051 Ad
140 1999 274 2049 secundum
283 1996 416 2059 dicendum,
430 1994 492 2059 qudd
501 1996 630 2047 intellectus
641 2010 731 2059 semper
741 1999 776 2046 est
784 1998 876 2057 rectus,

58 2070 199 2122 seeundum
215 2068 278 2133 quod
297 2068 430 2117 intellectus
448 2070 483 2117 est
494 2067 674 2131 principiorum,
690 2068 814 2130 circaque
831 2064 877 2117 non

58 2142 196 2207 decipitur,
210 2155 239 2192 ex
252 2142 333 2190 eadem
349 2152 419 2189 causa
431 2153 476 2203 qua
489 2152 535 2191 non
549 2138 661 2203 decipitur
669 2139 728 2188 circa
739 2140 805 2199 qood
816 2140 878 2203 quid

55 2227 94 2265 eet
109 2233 120 2263 .·
136 2227 200 2264 nam
212 2211 328 2275 principia
341 2224 384 2273 per
394 2224 419 2260 se
429 2214 483 2259 nota
496 2214 549 2260 sunt
557 2210 596 2259 illa
606 2224 656 2274 quae
666 2210 742 2260 statim
755 2209 878 2261 intellectis

53 2285 182 2337 terminis
195 2286 376 2346 cognoscuntur,
388 2296 417 2331 ex
428 2296 455 2332 eo
469 2281 529 2345 qudd
538 2282 685 2346 predicatum
695 2282 788 2345 ponitur
796 2282 822 2331 in
834 2282 878 2331 dil-

53 2358 177 2411 tinitione
192 2353 300 2419 subjecti.

87 2496 124 2558 (1)
147 2493 380 2549 mutaticum,
399 2491 441 2535 lib.
457 2492 504 2549 111,
521 2491 550 2536 de
568 2488 673 2541 Animo,
690 2498 747 2537 tent.
770 2490 813 2547 26,
830 2494 878 2537 sive

53 2574 111 2620 ηρ,
126 2559 158 2619 6,
181 2566 262 2613 prope
280 2553 351 2598 linem
367 2569 373 2596 ε
392 2554 683 2600 Nuoomeaetuoettentus
696 2558 825 2604 veronesi,
839 2556 880 2599 ted

51 2628 101 2682 qui
119 2622 257 2668 versatur
270 2618 339 2661 circo
356 2617 438 2673 ipsum
453 2615 517 2673 pund
531 2615 590 2673 qnid
602 2619 649 2665 ent,
662 2617 691 2660 in
702 2621 819 2673 quantiam
835 2617 881 2661 tn·

48 2683 200 2743 jusmodi,
213 2683 237 2725 et
247 2690 300 2722 non
312 2682 388 2735 prout
395 2678 492 2734 aliquid
502 2678 615 2723 cmonttot
630 2672 774 2737 (affirmauit
788 2678 824 2723 uel
838 2690 879 2723 ne-

51 2744 169 2807 gative),
190 2742 225 2788 de
238 2740 337 2797 aliqum·
351 2740 375 2784 id
385 2739 447 2784 enirn
460 2740 561 2785 insinuat
575 2740 636 2795 qudd
647 2741 769 2797 aliquando
781 2742 804 2785 in
816 2741 879 2797 qood

52 2812 121 2869 ,μω
132 2812 175 2855 m
195 2808 281 2863 potest
294 2803 378 2848 cudere
390 2803 527 2858 compositio
538 2802 653 2859 quaedam,
673 2804 775 2861 adeoque
791 2802 879 2846 salsitas

52 2874 116 2921 lieet
129 2884 184 2930 per
201 2879 231 2911 se
245 2877 295 2911 nou
308 2865 393 2922 possit,
406 2865 460 2921 quia
469 2866 499 2909 io
511 2864 707 2911 indivisibilium
718 2864 880 2911 intellectione

51 2951 108 2987 reon
120 2940 161 2984 ut
173 2929 298 2995 saltum,
308 2933 335 2972 ut
345 2927 488 2985 praemittitur
502 2928 576 2972 initio.
