1992 3342
130 202 177 255 tte
315 213 375 257 rats
391 212 414 269 t,
430 212 522 265 cumen
540 213 612 268 turri,
629 212 683 255 rar.
699 208 734 253 tr.

130 294 254 359 quamiict
268 294 431 359 perfectionem
443 294 571 347 iutcttecirts
582 294 679 344 mittitur
693 293 778 355 Filius,
789 288 832 343 sed
845 302 930 343 secam

129 366 184 416 dim
200 365 268 417 tatem
279 365 449 419 instructionem
463 366 600 429 intellectis,
612 378 656 429 qua
667 369 800 430 prorumpat
814 366 841 415 iu
863 366 930 415 affec*

130 438 180 487 turn
189 438 287 502 amoris,
297 442 323 488 ut
333 438 511 499 diciturdooo„
521 440 549 488 Vl
560 455 565 487 :
579 434 682 489 comnis
690 436 730 501 qui
741 436 831 487 andiut
840 437 854 487 d
863 438 928 487 Patre

128 512 153 558 ct
165 508 257 569 didicit,
269 508 333 560 uenit
344 511 371 560 ad
383 520 434 574 met
447 528 461 557 o
471 515 494 561 ct
507 510 532 559 in
544 503 639 559 Psalm.
651 508 685 572 (t)
698 524 703 556 :
716 526 731 556 n
740 510 767 557 in
779 508 929 559 meditatione

129 592 180 630 mea
193 580 323 631 exardescet
331 580 398 646 ignis.
408 599 421 628 u
432 577 460 632 Et
471 582 522 633 ideo
536 580 652 645 signanter
662 573 717 629 dicit
727 580 882 641 Augustinus,
892 580 927 628 tv,

128 647 161 700 de
178 646 254 704 Trio..
267 650 328 714 quta
342 671 357 701 u
366 649 436 704 iilius
450 651 556 713 mittitur,
568 652 619 702 cim
635 650 770 713 iquoquam
785 652 929 713 cognoscitur

128 726 195 785 atque
205 717 342 786 percipitur,
352 724 488 790 »perceptio
505 729 580 775 autern
591 716 791 787 experimentalcm
807 725 927 785 quamdam

129 788 232 842 notitiam
248 793 368 857 significat.
384 798 413 846 iit
424 798 472 847 hec
489 790 580 859 proprii
597 793 676 845 dieitur
686 792 801 857 sapientia
814 794 929 857 quiasisaa
981 790 982 859 ζ

128 864 193 927 pido
206 866 326 921 scientio,
341 863 464 918 seeunddm
475 866 532 916 iliud
547 862 650 921 Baetes„
660 866 706 915 Vi:
721 881 735 912 u
745 864 870 929 Sapientia
879 867 929 917 too

129 935 197 986 trine
216 935 340 988 secunddm
353 952 436 989 nomen
447 940 498 1003 ejus
508 942 543 988 est
551 935 595 1003 (i).
606 954 620 984 o

161 1008 195 1056 id
207 1008 298 1058 tertium
310 1007 430 1059 dicendum
441 1044 448 1069 ,
461 1003 521 1073 quod
535 1008 588 1058 ciunt
602 1002 680 1059 missio
693 1006 802 1071 importet
817 1005 926 1070 originem

129 1086 232 1139 persona
242 1079 317 1131 misse
328 1082 352 1129 et
363 1078 551 1130 inhabitationem
560 1091 602 1143 per
611 1079 705 1142 gratiam
714 1076 753 1141 (ut
764 1076 836 1141 suprit
845 1080 927 1128 dictum

130 1148 194 1211 esti,
204 1150 225 1199 si
238 1151 356 1214 loquamur
363 1152 390 1201 de
399 1149 507 1201 missione
517 1153 626 1214 quantum
637 1146 666 1199 ad
673 1148 799 1211 originem,
810 1146 844 1199 sic
854 1150 928 1200 missio

129 1219 181 1269 Filii
199 1220 368 1285 distinguitnri
381 1222 487 1273 missione
499 1222 596 1286 spiritis
609 1220 682 1273 sancti
689 1258 697 1284 ,
707 1220 768 1270 sicut
776 1224 801 1269 et
812 1220 928 1283 generatio

130 1284 144 1339 i
155 1293 300 1353 processione
310 1310 317 1356 3
327 1292 347 1343 si
357 1298 431 1343 autem
442 1294 552 1356 quantum
564 1294 592 1343 ad
601 1292 707 1343 effectum
717 1290 811 1355 gratiae,
824 1292 929 1343 siccone

129 1363 247 1413 municant
256 1365 305 1414 dnae
316 1361 436 1414 missiones
444 1365 469 1413 iu
479 1364 554 1414 radice
564 1363 642 1427 gratie
648 1401 657 1427 ,
668 1364 708 1413 sed
721 1361 896 1425 distinguuntur
905 1364 927 1412 in

130 1432 248 1485 attactibus
266 1435 361 1498 gratie,
374 1435 414 1499 qni
431 1438 484 1485 suot
502 1435 639 1486 illuminatio
653 1433 782 1483 inteltectds
799 1437 824 1483 et
837 1433 927 1485 initam-

129 1504 199 1553 matio
214 1506 317 1556 affectos.
330 1508 359 1556 itt
368 1508 401 1557 sio
410 1506 556 1557 manifestum
565 1500 671 1569 estquod
683 1518 783 1555 noanon
794 1506 927 1569 potestesse

129 1573 179 1623 sinc
189 1575 233 1624 atta
238 1613 247 1639 ,
261 1577 315 1640 qnia
326 1581 407 1627 neutra
417 1582 453 1627 est
463 1578 513 1629 sine
524 1578 597 1641 gratia
606 1582 694 1641 gratum
706 1575 816 1641 insieme,
829 1590 874 1627 nac
885 1588 926 1626 ana

130 1655 227 1708 persona
241 1653 360 1713 separatur
373 1647 401 1700 ab
412 1650 464 1701 atta
769 1663 771 1673 ¹

420 1802 578 1858 tapetias
594 1802 631 1857 Vi.

160 1916 246 1963 Utrttm
253 1916 334 1965 miscio
343 1919 520 1979 invisibilium
525 1922 562 2029 tad
570 1932 650 1967 omnen
659 1922 700 1980 ptri
709 1924 767 1967 suot
773 1923 905 1981 participes

478 1994 524 2040 pru
536 1994 570 2029 in.

161 2101 195 2150 dd
208 2103 296 2150 mitum
307 2099 341 2150 sie
351 2103 478 2165 proceditur
488 2100 530 2166 (a).
539 2100 634 2151 Videtur
644 2092 702 2165 qnid
714 2094 793 2153 missio
804 2096 928 2153 invisibilis

131 2182 178 2221 non
191 2172 232 2222 iiat
242 2173 270 2222 ad
279 2184 359 2222 omnes
369 2173 409 2236 qni
421 2177 474 2222 sunt
484 2170 606 2237 participes
618 2173 704 2237 gratia.
719 2174 801 2223 Patres
812 2172 876 2225 enim
889 2189 929 2224 re·

132 2244 186 2294 teris
202 2241 340 2295 Testamenti
358 2244 436 2307 gratiae
453 2244 577 2309 participes
593 2242 691 2294 inerunt.
715 2243 760 2295 Sed
773 2244 802 2295 ad
819 2244 872 2297 iilos
884 2260 928 2295 non

131 2311 220 2365 videtur
230 2314 298 2366 fuisse
310 2317 369 2366 iacta
379 2313 457 2366 missio
466 2316 587 2366 invisibilis
598 2332 604 2379 ;
615 2315 764 2366 diciturenim
774 2318 860 2379 doum,
872 2318 926 2367 vlt:

132 2401 146 2433 n
161 2386 266 2437 Nondum
279 2390 327 2437 erat
336 2386 432 2451 Spiritus
445 2388 521 2451 natus,
532 2387 585 2453 qnia
598 2388 698 2438 nondum
717 2390 764 2437 erat
780 2386 848 2438 iesus
862 2387 929 2451 glori·

163 2528 198 2593 (1)
212 2529 323 2579 Nimirum
336 2533 402 2579 Prot.
414 2534 543 2593 XXXVIII,
555 2545 615 2580 vers.
632 2530 656 2577 d.

163 2600 198 2663 (2)
218 2605 336 2651 allusione
355 2605 425 2651 latina
445 2605 532 2651 tantam
551 2617 620 2661 quarn
636 2608 659 2649 et
671 2603 800 2649 Beroardus
817 2604 927 2650 indicavit

131 2675 200 2709 serm.
212 2664 251 2724 85,
259 2669 288 2711 tu
298 2667 367 2713 Com.
377 2670 435 2713 Nam
443 2680 516 2725 geon
527 2669 578 2713 voci
587 2667 709 2713 conuenire
719 2678 765 2711 non
774 2672 867 2725 potest,
878 2678 929 2723 qne

131 2725 677 2859 tis>

131 2861 205 2983 8,(Ξ)
216 2865 248 2909 Ite
259 2866 295 2911 tuis
305 2869 408 2930 etiami,
420 2871 497 2921 Sesti„
511 2870 564 2919 dist.
577 2868 733 2933 1,qncst.t‚
746 2875 790 2913 art.
807 2866 831 2929 i,
847 2882 889 2927 qu.
902 2870 925 2931 2,
