1992 3342
150 203 178 248 et
365 221 424 260 nans
439 225 463 274 ι,
477 225 568 271 onnon.
583 230 615 279 n,
630 230 684 269 sun.
699 233 735 270 na.

148 302 189 352 per
206 303 346 357 consequens
363 299 478 360 possibilia
500 317 551 354 esse
572 308 596 355 et
612 319 659 358 nou
673 321 732 360 esse.
753 311 900 378 lmpoasnbiie
922 327 956 372 εει

148 364 224 412 autem
243 364 319 416 omnia
336 381 386 431 qnae
398 375 451 420 sunt
465 373 532 437 talia,
546 389 637 441 semper
654 393 703 430 esse
717 397 722 430 :
735 383 788 446 quia
804 389 867 450 quod
880 393 957 454 possi-
990 408 992 411 ·

148 431 192 483 bile
206 439 240 485 εει
258 451 303 488 non
321 453 384 502 esse,
398 445 532 509 quandoque
547 462 594 498 nou
615 455 658 501 est.
676 452 700 502 si
718 453 789 517 igitur
806 461 884 512 omnia
901 471 956 515 suut
990 516 992 519 ,

147 505 260 564 possibilia
275 522 321 558 non
336 523 398 574 esse,
411 513 532 577 aliquando
551 519 608 569 nibil
622 521 665 572 tuit
675 523 700 572 in
714 526 799 577 nebus:
814 531 857 581 sed
875 534 897 584 si
911 536 956 586 boe
990 532 992 539 '

146 578 181 624 est
196 589 282 642 veroni,
292 580 360 631 eliam
373 597 433 634 nunc
444 586 502 636 nihil
514 594 588 652 εεεει,
596 592 649 654 quia
661 596 720 657 quod
733 611 779 647 non
792 603 840 663 est,
855 617 905 656 non
918 608 956 658 in-

147 646 202 710 cipit
215 663 264 700 εεεε
278 652 322 702 nisi
335 667 375 717 per
387 657 473 720 aliquid
487 661 547 722 qood
558 666 602 712 est.
613 663 919 746 SQQQWUS(
936 680 954 743 ),

146 717 284 782 imqqqsibile
301 724 344 774 luit
358 728 418 791 qnod
432 729 517 796 aliquid
531 731 719 804 illthdliblissla
732 743 755 789 et
766 739 798 790 sic
813 738 887 797 m'odb
894 751 956 801 nibil

146 793 220 854 esset,
232 795 292 856 quod
305 801 368 858 patet
381 812 430 849 esse
442 800 531 852 salsum.
543 805 594 854 Nou
605 819 659 868 engo
670 810 745 860 omnia
756 811 819 863 entia
831 823 888 867 sunt
899 834 955 884 poe

146 860 232 926 sibi'ia,
247 866 287 916 sed
305 873 394 930 opottet
405 871 489 934 aliquid
509 885 558 924 esse
571 879 723 930 necessarium
738 882 763 932 in
780 885 857 937 rebus.
876 893 955 946 Omne

146 937 222 982 autem
233 939 384 988 necessarium
395 941 432 991 vel
443 943 513 993 babet
526 957 616 998 causam
631 964 676 1000 sun
689 954 830 1006 necessitatis
840 960 953 1029 aliunde,

145 1005 182 1054 vel
200 1019 246 1056 non
263 1008 333 1059 habet
345 1025 350 1058 :
364 1024 410 1062 non
430 1017 465 1064 est
478 1019 555 1067 autem
569 1019 675 1080 possibile
690 1022 750 1086 qubd
769 1030 911 1088 procedatur
928 1037 955 1088 in

144 1073 257 1127 inlinitum
272 1079 297 1128 in
310 1083 443 1134 necessariis
456 1100 508 1150 quae
521 1089 606 1140 babent
621 1105 712 1143 canem
727 1109 773 1147 suae
790 1103 954 1173 necessitatis,

144 1145 202 1196 sieut
215 1163 258 1200 nee
270 1150 293 1200 in
305 1152 378 1203 causis
387 1153 552 1222 efficientibus,
564 1164 589 1210 ui
597 1164 717 1226 probatum
728 1171 771 1218 est.
783 1170 843 1233 Ergo
854 1188 954 1233 neeesse

144 1221 179 1268 est
196 1233 281 1282 ponere
296 1223 381 1288 aliquid
397 1229 457 1290 quod
473 1229 503 1280 sit
517 1245 558 1294 per
572 1247 596 1283 se
614 1238 778 1304 necessarium,
796 1255 843 1293 non
860 1248 954 1307 babens

143 1301 233 1340 causam
251 1295 391 1347 necessitatis
412 1297 517 1364 aliunde,
532 1304 573 1353 sed
589 1306 649 1368 quod
667 1311 701 1357 εει
716 1323 784 1362 musa
804 1321 954 1376 necessitatis

144 1359 194 1412 aliis
206 1378 211 1411 :
225 1366 285 1428 quod
295 1379 374 1418 omnes
387 1369 464 1420 dicunt
478 1373 558 1424 Deum.

177 1435 259 1492 Quarta
269 1437 305 1488 via
314 1439 410 1514 suitur
421 1455 448 1491 ex
459 1445 574 1529 &uadibus
585 1447 625 1510 qui
633 1449 658 1498 in
666 1451 734 1501 nebus
741 1452 914 1531 inveniuntur(
932 1468 950 1532 l.

142 1503 261 1557 Invenitur
270 1507 331 1558 enim
340 1509 363 1559 in
373 1527 396 1560 re
414 1527 440 1564 us
451 1528 521 1578 unqu
547 1518 619 1580 magis
630 1524 656 1569 ⁴et
670 1521 744 1574 mnus
756 1524 858 1593 bonum,
870 1539 896 1585 et
910 1553 954 1590 ve

142 1588 207 1637 rum,
222 1581 245 1627 et
259 1579 346 1642 nobile,
361 1586 384 1632 et
397 1583 429 1632 sic
439 1585 467 1635 de
480 1587 531 1637 aliis
544 1589 683 1652 hujusmodi.
694 1595 738 1644 sed
748 1599 821 1660 magis
831 1606 856 1652 ει
872 1608 952 1662 minos

142 1645 246 1699 dicuntur
257 1650 284 1701 de
298 1651 392 1704 diversis
402 1659 526 1708 secundum
535 1662 594 1723 quod
604 1665 786 1731 appropinquant
794 1670 952 1734 diversimode

142 1717 170 1766 ad
184 1719 281 1785 siquid,
296 1726 356 1786 qnod
370 1729 468 1780 mannil
485 1736 532 1795 est3
549 1732 607 1784 sieut
620 1737 693 1800 magis
708 1739 805 1792 calidum
822 1751 871 1811 est,
886 1759 952 1815 qood

67 1815 68 1820 =
142 1789 214 1852 magis
231 1795 397 1860 appropinquat
414 1801 512 1852 manime
529 1804 610 1856 calido.
625 1808 665 1858 Est
680 1809 750 1874 igitur
767 1813 868 1882 aliquid,
885 1829 951 1885 quod

140 1867 175 1912 est
191 1864 344 1932 verissimum,
360 1874 383 1921 et
395 1873 519 1939 optimum,
532 1882 555 1927 et
574 1880 752 1948 nobilissimum,
769 1890 793 1935 et
807 1902 850 1952 per
864 1907 952 1957 conse.

140 1947 213 1996 quens
223 1938 320 1989 inanime
330 1955 370 1992 ens
382 1958 387 1992 ε
402 1958 455 1994 nam
466 1961 516 2010 que
527 1953 581 1999 sunt
594 1951 691 2002 manusb
699 1968 754 2010 vena
759 1993 768 2019 ,
779 1963 834 2009 sunt
844 1967 949 2021 maxime

140 2005 214 2069 entia,
226 2011 251 2057 ut
264 2009 344 2060 dicitur
357 2015 455 2066 secundo
472 2020 623 2084 metaphysie.
636 2022 679 2087 (3).
694 2026 758 2084 Quod
771 2032 849 2081 autem
860 2034 951 2091 dieitm
990 2070 992 2097 1

140 2076 237 2128 maxime
244 2079 267 2128 in
280 2083 324 2132 tale
335 2084 410 2148 aliquo
418 2101 514 2152 genere,
526 2094 561 2140 est
570 2095 746 2146 caunensium
756 2111 807 2161 quae
818 2109 873 2154 sunt
882 2106 951 2162 iltius

140 2147 230 2206 generis
241 2165 245 2196 ε
257 2151 314 2201 sicul
323 2153 396 2218 ignis,
406 2157 445 2221 qui
458 2165 493 2209 est
503 2162 601 2212 manue
612 2165 711 2230 calidus,
718 2172 754 2217 εει
764 2183 832 2222 causa
840 2177 949 2232 omnium

174 2299 203 2362 (ι)
219 2305 263 2349 Vel
274 2306 292 2351 si
307 2310 393 2356 nullum
406 2325 448 2358 ens
462 2315 506 2359 suit
522 2323 575 2362 ante
588 2319 628 2364 illa
643 2332 695 2376 quen
710 2325 824 2378 posterius
840 2340 893 2376 esse
909 2335 950 2382 in-

103 2411 106 2417 ,
139 2373 258 2420 ceperunt.
267 2370 321 2415 Mox
330 2377 405 2419 autem
416 2387 466 2421 noo
477 2381 560 2424 omnia
571 2382 637 2426 entia
647 2395 694 2427 esee
703 2386 847 2442 possibilia,
858 2405 950 2446 sensus

139 2433 237 2472 estnon
254 2433 330 2477 omnia
351 2446 401 2482 esso
419 2440 577 2496 contingentia
599 2454 650 2499 qun
670 2454 766 2501 possunt
780 2461 833 2496 esse
851 2461 875 2499 ει
893 2471 949 2507 non

139 2501 208 2550 esse,
227 2492 267 2536 sed
279 2505 325 2540 non
337 2504 451 2553 quatenus
460 2503 576 2558 possibile
586 2507 709 2562 opponitur
722 2510 868 2566 impossibili.

173 2557 202 2620 (2)
219 2563 326 2610 Similiter
337 2569 406 2613 etiam
423 2572 737 2636 ratiocinatur'Augustlnus,
755 2583 783 2626 de
797 2583 872 2634 civit.
885 2591 951 2645 Dei,

138 2624 180 2668 lib.
193 2623 216 2682 8,
231 2637 282 2682 cap.
294 2627 323 2686 6,
334 2643 362 2674 ex
373 2631 528 2688 tunqualitate
539 2638 689 2693 perfeetionis
702 2645 786 2698 quaein
799 2649 871 2696 rebus
881 2654 951 2702 inter

139 2698 163 2730 se
177 2691 315 2744 comparatis
325 2694 498 2748 quomodolibet
511 2698 634 2754 invenitur,
647 2708 672 2747 ut
682 2710 705 2748 ει
716 2707 854 2770 Anselmus,
863 2726 920 2772 cop.
934 2720 948 2765 1

139 2747 174 2792 sui
188 2749 335 2808 Monotoqa't,
350 2756 451 2810 probans
466 2770 513 2804 non
527 2773 579 2806 esse
591 2763 716 2821 inequales
730 2769 774 2813 nisi
788 2783 831 2826 per
842 2779 949 2831 primam

139 2821 246 2868 oausam,
258 2819 304 2858 etc.
677 2846 682 2856 ·
869 2848 875 2856 ·

173 2869 202 2931 (3)
216 2875 260 2918 Ubi
273 2875 355 2920 dicitu
364 2882 519 2929 verissimum
531 2887 559 2931 id
572 2901 620 2933 esse
632 2891 697 2947 qood
706 2893 766 2937 attic
781 2900 815 2941 est
828 2911 905 2947 como
919 2913 952 2953 aee

140 2935 330 2981 υεεεειειεειειιι
339 2943 360 2983 ει
369 2953 410 2985 eos
419 2947 525 2991 monime
534 2950 596 3004 qnod
606 2958 642 2996 est
652 2953 704 2998 aliis
712 2966 783 3002 causa
792 2964 818 3004 ut
830 2960 885 3021 sint,
895 2973 949 3015 eto.
