1992 3342
165 270 196 308 DE
210 268 352 310 codonium
365 268 511 308 automno!
523 269 643 309 fflfflflw
654 270 770 309 imm.
824 263 871 310 767

69 361 99 400 oo,
110 347 193 399 holed
202 349 229 398 ut
240 346 313 398 formo
323 344 472 410 inteligihilis
482 345 624 406 adustous,
634 345 747 411 intelliget
757 347 868 412 seipsam.

68 417 171 482 Angelus
181 419 257 468 autem
268 415 321 468 oium
334 415 364 466 sit
377 416 548 478 immaterialis,
562 420 599 468 eol
611 417 715 482 quadam
727 417 800 469 torma
816 420 872 471 suls·

68 489 152 540 sistem
169 491 192 542 et
205 501 246 552 per
261 489 306 538 hoo
319 487 469 552 intelligibilis
482 489 508 539 io
525 492 577 539 aeto
592 503 599 538 ι
617 489 794 554 unde-sequitur
811 490 872 555 quod

67 575 109 627 psr
118 575 183 633 suam
192 562 296 624 torrnaro,
312 573 362 624 oure
374 564 409 610 est
418 574 462 610 sua
476 556 620 622 striduntia,
635 560 737 624 seipsum
749 561 869 626 intelligat.

100 634 134 683 dd
151 632 255 697 primum„
269 646 322 696 ergo
343 633 477 697 dicendum,
492 632 553 697 qudd
571 632 646 683 littera
658 631 698 683 illa
718 635 754 683 est
770 631 871 698 andoure

66 703 236 769 translationis,
244 717 296 768 qua
304 703 422 768 corrigitur
429 717 470 769 per
481 717 579 762 noran,
587 703 613 753 in
620 716 667 767 qua
675 703 759 760 dieitur
770 719 801 754 :o
811 707 871 757 Pro-

67 780 132 828 teroa
142 779 166 828 el
176 775 237 840 ipsos
247 775 345 841 (soilioel
355 774 456 840 angelos)
474 774 610 840 cognouisse
620 775 725 840 proprias
738 776 844 828 virtutes.
855 793 871 825 s

67 850 130 900 Loro
138 849 335 913 oujushabebatur
347 849 371 898 in
380 847 423 898 alis
432 842 580 898 translatione
596 847 797 903 :ostudunensis
806 849 872 913 iguo-

66 921 231 986 rareproprias
238 920 348 984 vutmes3
358 937 371 968 o
381 919 485 984 quamv's
497 918 569 970 etiem
576 919 652 972 littero
664 914 765 985 antique
776 921 873 972 transla-

68 993 142 1044 tionis
154 992 239 1046 salvari
246 993 320 1058 possit
332 995 440 1056 qnantum
450 993 479 1043 ad
491 993 537 1043 hoo
548 990 610 1056 qood
623 992 700 1056 angeli
711 1005 758 1044 noo
771 992 872 1058 perleotd

69 1068 213 1130 cognoscunt
227 1079 291 1116 suurn
306 1065 414 1116 virtulem
427 1063 554 1116 secundnm
564 1063 625 1128 qndd
637 1064 739 1129 procedit
750 1065 780 1116 ab
793 1065 873 1118 ordine

67 1138 152 1190 diuma
166 1136 298 1202 sapientia,
312 1135 351 1202 qui
364 1140 400 1188 est
412 1135 498 1200 angelis
515 1133 761 1199 inromprolreooilrilio.

100 1211 135 1262 ild
142 1209 265 1260 secundum
276 1207 406 1272 dicendum,
415 1207 476 1272 qnod
484 1207 635 1271 angularium
643 1221 697 1271 qun
707 1209 794 1260 suntin
804 1211 874 1262 rebus

66 1281 234 1347 corporalibus,
247 1294 294 1332 nou
307 1285 342 1332 eol
354 1279 485 1332 intelleoios
499 1280 625 1344 apodnos,
636 1292 681 1330 oon
694 1279 784 1332 rationo
795 1281 873 1346 onpo-

66 1353 177 1412 radatis.
193 1353 233 1404 sed
245 1351 333 1403 ratione
347 1351 465 1415 naono,
479 1365 531 1416 ouo
545 1353 582 1402 est
593 1350 620 1401 in
637 1349 670 1402 eis
683 1350 874 1405 indridnationis

66 1423 214 1490 principium.
226 1425 289 1475 Unde
299 1423 320 1474 si
331 1423 406 1488 aliqua
418 1422 544 1488 singularia
555 1427 609 1472 sunt
619 1422 672 1473 sine
680 1423 775 1472 molada
787 1424 875 1476 subsu-

65 1495 142 1548 teotia
152 1493 161 1560 (
168 1494 229 1546 siout
238 1499 291 1546 suot
305 1495 380 1559 angeli
388 1495 405 1558 l,
419 1493 528 1544 illanilril
538 1494 645 1557 prooilret
654 1492 810 1558 intelligibile
823 1508 875 1547 esee

66 1570 129 1620 aeto

100 1639 135 1690 ld
147 1639 241 1690 testim
255 1638 389 1702 ditensium,
404 1637 465 1702 pudd
483 1636 571 1688 moseri
581 1640 608 1687 et
621 1636 671 1702 pati
686 1636 794 1688 eosvenit
806 1636 874 1688 intel·

66 1709 138 1776 leotui
153 1709 277 1762 swunddm
294 1708 355 1773 pudd
366 1713 401 1760 ost
413 1709 437 1758 io
454 1708 565 1774 potentia.
581 1708 645 1758 llnde
658 1707 789 1771 nonhabet
797 1707 875 1761 locum

67 1784 92 1834 in
110 1782 228 1834 intellectu
237 1782 348 1846 augelloo,
365 1780 464 1833 maximi
474 1783 588 1845 ponens
599 1780 681 1830 adtroo
693 1779 754 1844 qnod
764 1779 875 1844 intelligit

67 1855 177 1918 seipsum.
189 1853 254 1905 detio
267 1851 336 1904 etiam
346 1853 476 1904 intellectos
487 1855 580 1903 nonest
593 1851 697 1916 ejusdem
709 1851 806 1902 rationis
821 1865 873 1903 eoru

67 1925 159 1978 actione
172 1939 222 1989 quo
233 1923 420 1990 incorporalibus
433 1922 547 1974 inuenitur
556 1923 581 1974 in
590 1923 659 1975 aliern
667 1921 787 1974 mutam
799 1926 872 1975 trans·

68 1999 149 2051 euute.
752 2014 756 2018 ·

369 2083 532 2136 adaleodus
546 2085 575 2134 ll.
642 2160 645 2167 Ι

229 2202 317 2251 Utrum
322 2215 385 2248 erosos
394 2201 494 2259 urrpeloo
503 2201 580 2246 ultum
591 2201 725 2258 ooqaoeoot.

101 2321 137 2372 ld
151 2321 275 2371 seeundum
290 2321 324 2371 sio
339 2319 468 2386 proceditur
477 2319 520 2384 (l).
530 2317 624 2369 Vidttur
634 2317 695 2382 qudd
709 2316 875 2380 numerorius

70 2393 141 2444 alium
149 2405 196 2443 uon
207 2395 337 2457 cognoseat.
348 2392 406 2444 llicit
416 2391 476 2442 enirn
488 2390 639 2454 Philosophus
646 2390 670 2439 in
680 2389 719 2438 lll.
729 2390 765 2439 lte
775 2390 872 2445 unimur,

70 2463 132 2528 qndd
148 2465 168 2514 si
177 2463 308 2516 intellectus
318 2466 433 2521 humanos
443 2463 538 2514 hadent
547 2462 573 2512 in
586 2475 611 2513 se
624 2461 723 2527 nouam
734 2461 875 2510 daturamde

70 2549 166 2587 numero
180 2548 254 2587 rerum
269 2535 419 2600 sensibilium,
430 2535 470 2587 illa
482 2539 563 2586 natura
574 2533 671 2585 interius
684 2532 787 2583 existero
798 2530 877 2596 prolui·

71 2607 137 2660 beret
149 2621 258 2672 apparere
271 2612 395 2672 extranea3
410 2605 468 2658 sicu
482 2607 552 2657 etiam
566 2605 586 2656 si
600 2605 688 2671 pupilla
699 2607 761 2654 esset
775 2604 876 2654 colorata

71 2681 148 2744 aliquo
162 2681 250 2743 colore,
260 2695 306 2732 non
319 2685 398 2746 posset
408 2680 485 2731 ridere
498 2687 590 2730 omnem
604 2679 711 2730 colorem.
720 2677 765 2728 Sed
780 2675 840 2726 sieut
848 2689 875 2726 se

71 2752 143 2802 habel
158 2749 287 2802 intellectus
299 2753 412 2804 humanus
423 2753 453 2802 ad
464 2744 634 2816 cognoscendas
646 2761 683 2800 res
697 2761 817 2814 corporeos
826 2785 833 2808 ,
842 2746 878 2798 ita

72 2837 99 2874 se
114 2823 184 2874 nabot
201 2823 329 2875 intellectus
343 2823 459 2889 angelicus
479 2824 508 2873 ad
526 2821 697 2889 cognoscendas
717 2834 754 2874 res
770 2819 876 2870 immate-

106 2938 141 3004 (l)
152 2945 186 2990 Do
199 2943 236 2990 luis
247 2943 318 2992 otiam
333 2942 426 2994 orsos
438 2945 521 2997 Gaul..
533 2943 576 2992 lto.
585 2944 623 3004 11,
635 2953 691 3002 oep.
701 2939 745 2997 ou;
760 2945 834 2999 etqu.
846 2937 875 3000 8,

72 3005 191 3068 darom,
206 3011 252 3057 art.
265 3003 292 3054 6.
362 3035 366 3040 -
