1992 3342
79 175 94 219 fl
414 185 545 224 rnonocns.

79 261 172 322 propter
189 259 400 322 multiplicationem
416 261 533 312 inutilium
553 260 719 325 questionum,
737 262 882 316 articulorum

79 333 103 380 et
121 333 319 394 argumentorum
334 331 417 394 purtim
430 332 514 394 etiem,
524 331 578 396 quin
590 345 618 381 ee
631 345 681 394 que
692 336 745 381 sunt
755 334 882 384 necessaria

79 401 162 452 talibus
175 401 204 451 ed
220 401 336 452 sciendum
343 441 351 466 ,
366 417 412 454 non
428 403 551 452 traduntur
563 402 687 452 sceundlrm
700 402 803 453 ordinem
816 405 882 454 disci-

77 471 146 544 plinpe
152 511 161 536 ‚
175 473 216 524 sed
228 473 355 524 sccunddm
367 473 428 539 qudd
440 474 572 538 requirebat
584 473 692 524 librorum
705 475 829 539 expositio,
844 477 882 526 vel

77 543 202 598 secundinm
216 543 277 608 qudd
290 558 314 594 se
332 547 449 608 praeoenat
467 545 554 595 ocresio
574 544 718 610 disputandi3
733 545 817 608 partim
831 547 883 610 qui-

77 614 144 678 dem,
156 615 209 679 quia
221 617 354 668 eorumdem
365 617 474 682 frequens
486 614 594 680 repetitio
607 619 631 668 et
641 615 756 667 festidium
767 619 791 666 el
801 617 882 668 conlu-

76 683 165 736 siouem
178 687 302 748 generabat
314 688 338 736 in
353 687 435 739 animis
448 688 585 739 auditorum.

107 759 160 808 llaec
174 756 244 820 igitur
256 762 279 808 et
296 759 341 808 elin
352 759 483 824 hujusmodi
497 758 583 809 enitere
597 759 727 824 studentes,
743 758 882 809 tentabimus

76 842 129 878 cum
147 827 283 879 confidentia
304 830 376 880 divini
394 832 486 895 aemilii,
501 845 529 881 ee
542 845 592 894 quae
606 830 636 881 ad
652 845 739 881 socrum
755 830 882 881 doctrinam

76 899 207 963 pertinent,
220 901 320 952 breviter
335 915 362 954 nc
372 903 470 956 dilucide
483 902 606 967 prosequi,
622 901 747 952 secundom
759 899 821 964 qudd
833 915 882 950 me-

76 969 137 1020 teria
148 971 256 1035 patietur.

76 1090 106 1133 irc
117 1102 241 1136 commune
248 1091 400 1143 medeantur,
410 1092 556 1151 lateantque
566 1093 595 1137 im
603 1106 627 1138 re
635 1093 751 1138 uirtutem
759 1091 882 1150 pomerolis

76 1153 173 1198 auxilii
181 1186 190 1202 ,
199 1155 235 1199 ito
246 1159 268 1200 et
277 1156 336 1213 fidos
345 1157 464 1200 catholieo
474 1169 525 1201 mom
531 1156 660 1201 odoerclcm
668 1155 780 1212 singulae
787 1155 882 1200 tomtdm

74 1219 164 1270 potos,
175 1217 215 1262 sed
226 1222 312 1262 contro
323 1232 403 1264 omnen
410 1218 503 1264 morton
512 1231 580 1276 opem
589 1219 684 1263 medelm
695 1219 829 1262 communic
836 1218 882 1260 im·
904 1237 909 1243 ·

75 1280 167 1338 percite
181 1285 207 1323 ut
215 1280 316 1325 Hilarius
326 1283 343 1326 l.
353 1294 382 1327 ιι.
396 1281 424 1327 de
437 1282 528 1326 Trinit.
539 1282 579 1340 eit,
589 1282 629 1326 ubi
640 1287 664 1326 et
678 1281 754 1326 eddit:
766 1281 882 1336 liopomm

79 1343 112 1384 oct
124 1342 190 1384 emim
200 1345 232 1386 tot
244 1355 272 1387 eo
284 1344 313 1387 mi
326 1357 380 1390 nno
392 1344 501 1390 remedio
514 1357 561 1390 ecee
572 1349 629 1401 quot
643 1344 722 1388 morli
735 1347 806 1391 root,
817 1346 839 1386 et
849 1345 882 1386 tot

78 1403 189 1447 veritatis
199 1405 324 1452 doetrinae
335 1412 390 1466 qmot
400 1413 456 1454 runt
467 1408 551 1454 ttmdc'c
558 1407 684 1467 solsticiis.
695 1407 776 1451 Hiuce
786 1403 882 1448 Medicis

79 1471 189 1521 usurpem
200 1467 315 1512 locutione
329 1471 530 1526 medicamentum
541 1469 692 1515 Catholicccm
704 1480 751 1511 non
766 1464 881 1509 immerito

78 1527 123 1571 dici
133 1528 207 1584 possit
218 1545 224 1575 z
238 1530 317 1586 quidni
327 1537 351 1576 et
364 1543 405 1576 suo
417 1531 485 1574 modo
498 1534 522 1574 s.
532 1531 625 1574 'rhomen
636 1530 755 1582 doctrine,
770 1540 816 1584 qun
825 1538 883 1571 con-

79 1588 143 1634 tuens
159 1589 259 1638 hereses
275 1603 356 1638 omnes
370 1599 394 1638 et
409 1591 528 1638 conuictos
545 1597 642 1637 testetur
652 1592 706 1638 Pius
720 1585 759 1636 V?
