1992 3342
75 177 81 188 “
125 173 156 221 ts
345 183 405 220 3133
418 183 440 232 ι,
454 179 644 231 consumans.
658 181 712 218 vm.

126 273 230 324 monem,
246 263 271 310 ut
281 261 364 322 potens
381 259 411 309 sit
427 259 543 309 exhortari
559 258 583 308 in
597 257 698 308 doctrina
712 269 783 320 sana,
796 259 874 309 eicos
891 259 936 323 qui

127 331 284 382 contradicunt
296 343 400 393 arguere.
413 347 427 378 o

159 403 353 470 (Condrusro.-
364 403 427 454 Licet
445 415 509 454 33333
529 403 645 466 doctrina,
666 401 724 453 31331
743 401 793 452 aliae
812 401 934 469 scientiae,

129 476 158 525 ad
177 489 218 525 sua
233 474 345 538 principia
363 475 479 538 probanda
494 489 541 525 nou
556 478 740 538 argumentetur3
756 477 835 524 contra
853 477 935 526 tamen

128 551 238 611 negantes
251 547 290 596 illa
303 548 420 610 procedit,
431 548 469 598 rel
482 561 511 597 ex
524 547 637 598 concessis
646 547 698 597 illos
709 546 883 610 redarguendo,
894 549 935 600 uel

127 631 205 669 eorum
223 622 359 682 apparentes
373 618 472 670 rationes
489 618 633 668 dissolvendo
651 631 657 665 :
677 631 706 667 ex
721 616 839 682 principiis
854 621 936 670 tamen

127 691 155 740 ad
166 691 320 742 conclusiones
331 689 522 753 argumentatur.)

160 762 294 826 Respondeo
312 762 445 826 dicendum,
461 761 522 827 quhd
538 762 597 812 sicut
615 763 665 813 aliae
684 761 786 813 scientiae
801 775 849 812 non
865 775 936 826 argu-

129 837 260 886 mentantur
271 836 299 885 ad
311 849 352 885 sua
368 835 480 900 principia
496 835 628 918 probanda,
639 835 680 884 sed
692 849 721 884 ex
732 833 851 898 principiis
863 847 935 898 argu-

130 921 182 957 men
182 911 259 961 tantur
278 907 306 957 ad
326 907 490 958 ostendendum
510 905 597 956 31313
612 905 667 970 ipsis
687 905 814 956 33133113·
836 904 870 955 113
883 907 936 957 haec

130 979 590 1060 13133341333333331113331333
609 977 723 1043 principia
734 976 866 1046 probanda,
881 992 935 1041 quae
986 1014 990 1209 ,

130 1048 695 1178 W
690 1039 858 1119 3113ιί131131
879 1061 936 1111 pro-

236 1159 242 1185 ,
258 1121 316 1171 31331
329 1123 448 1185 Apostolus
463 1135 542 1185 pnmae
558 1120 593 1169 ad
605 1121 656 1171 Cor
677 1121 716 1169 llll
727 1133 757 1168 er
769 1116 936 1171 resurrectione

131 1193 214 1243 Christi
229 1195 371 1255 argumentat
372 1207 398 1242 ur
361 1193 444 1242 131
462 1193 652 1243 resurrectionem
673 1205 816 1242 communem
834 1192 937 1254 proban·
989 1218 991 1293 ,

131 1265 182 1314 133
201 1263 243 1330 (1)
260 1265 304 1314 Sed
324 1267 400 1314 tamen
417 1263 604 1314 musiderandum
618 1263 694 1314 estin
712 1261 812 1313 scientiis
830 1262 935 1344 philoso-

131 1335 217 1399 phicis,
237 1337 298 1400 quod
315 1335 435 1387 interiores
456 1334 556 1387 33133113
574 1349 616 1386 333
632 1336 730 1398 probant
748 1349 789 1385 sua
805 1334 935 1401 principia,
990 1318 992 1383 1

131 1421 174 1457 333
187 1411 239 1458 3331
240 1422 265 1458 33
283 1411 405 1490 negantem
424 1422 464 1459 sua
482 1407 595 1472 principia
609 1407 738 1472 disputant,
757 1407 797 1456 sed
807 1408 852 1456 hoc
863 1408 936 1458 relin-
991 1420 993 1465 l

131 1485 204 1544 quunt
225 1480 337 1544 superiori
359 1479 483 1530 scientiae·
479 1493 608 1543 ‚suprema
626 1478 829 1542 veronenses,
847 1479 936 1531 scilicet

131 1551 295 1616 metaphysica,
312 1552 413 1616 disputat
425 1556 504 1602 contra
521 1556 642 1614 negantem
660 1565 700 1601 333
721 1549 846 1614 principia,
860 1550 937 1602 sind-

131 1623 243 1672 versarius
254 1623 339 1686 aliquid
352 1623 468 1687 concedit,
484 1623 505 1674 si
515 1626 592 1672 autem
603 1622 661 1672 nihil
670 1622 786 1685 concedit,
801 1636 847 1672 nou
858 1625 936 1686 potest
993 1656 994 1661 =

131 1707 182 1743 cum
200 1707 228 1744 eo
241 1695 369 1758 disputare,
382 1697 457 1759 potest
473 1697 550 1744 tamen
564 1695 651 1744 solvere
661 1694 762 1745 rationes
773 1693 852 1757 ipsius.
869 1695 935 1746 Unde

131 1777 194 1815 sacra
208 1765 324 1830 doctrina,
339 1765 392 1816 313
408 1781 454 1816 uon
467 1767 552 1817 haheat
569 1765 723 1830 superiorem,
737 1764 837 1829 disputat
855 1770 936 1818 contra

132 1841 254 1900 negantem
264 1852 304 1888 sua
318 1837 443 1902 principia,
458 1838 637 1902 argumentando
648 1837 752 1901 quidem,
764 1836 783 1886 31
792 1836 937 1889 aduersarius

132 1906 217 1971 aliquid
230 1910 338 1959 concedat
348 1923 426 1960 eorum
438 1923 487 1973 quae
501 1924 543 1973 per
554 1910 653 1960 diuinam
667 1908 829 1958 revelationem
847 1907 937 1958 hahen-

132 1981 170 2029 tur
185 1995 190 2028 :
207 1981 265 2030 sicut
278 1995 319 2044 per
332 1981 477 2031 auctoritates
487 1994 557 2032 sacra
569 1980 689 2044 Scriptura
703 1979 843 2043 disputamus
856 1983 936 2031 contra

133 2051 265 2114 haereticos,
279 2057 303 2103 et
318 2067 359 2116 per
377 2067 448 2103 unum
465 2052 584 2104 articulum
598 2055 677 2101 contra
694 2055 804 2114 negantes
816 2049 894 2100 alium.
912 2052 937 2101 Si

133 2121 188 2172 vert
200 2123 340 2174 adversarius
358 2123 416 2173 nihil
427 2125 504 2174 credat
518 2137 596 2174 eorum
613 2135 664 2187 qua
675 2121 783 2172 diuinitus
795 2122 935 2187 revelantur,

133 2207 179 2243 uon
189 2197 292 2245 remanet
308 2195 451 2259 ampliusuia
465 2195 646 2259 adprobandum
658 2193 764 2244 articulos
780 2193 833 2244 hdei
842 2207 884 2257 per
899 2208 937 2244 ra-

132 2265 220 2328 tiones,
242 2267 282 2316 331
302 2267 331 2318 31
352 2267 485 2318 soluendum
502 2266 618 2329 rationes,
642 2265 667 2315 si
679 2279 735 2329 quas
752 2265 841 2316 inducit
856 2269 936 2318 contra

133 2335 210 2386 iidem.
222 2335 279 2389 Ciam
292 2337 353 2388 enim
368 2338 424 2390 tides
433 2337 550 2388 infallibili
558 2337 650 2388 ueritati
663 2337 782 2400 innitatur,
795 2337 936 2402 impossihile

131 2470 251 2516 scientiam
265 2475 301 2516 331
311 2485 339 2518 ex
350 2473 473 2519 dilectione
486 2473 561 2518 cordis
570 2473 591 2517 31
603 2471 698 2517 firmiter
707 2471 835 2531 inhaerere,
848 2473 880 2517 ait
891 2473 936 2518 ibi-

132 2533 185 2580 dem
200 2536 222 2578 S.
235 2534 347 2592 Thomas,
362 2535 455 2581 13313.

166 2592 196 2656 (1)
211 2598 242 2641 Ut
251 2597 329 2642 311333
341 2603 377 2642 331
388 2611 448 2643 vers.
464 2596 509 2657 11,
521 2610 547 2642 33
557 2597 667 2655 deinceps
679 2613 685 2642 :
698 2597 794 2654 proinde
810 2595 872 2641 illam
886 2595 937 2641 dic-

130 2658 269 2717 putote'om'a
282 2658 457 2718 disciplinam,
468 2661 496 2706 ad
508 2660 587 2705 omnia
598 2673 682 2718 genera
693 2661 845 2717 questionum
856 2659 936 2704 utilem

133 2734 184 2767 3333
194 2721 249 2764 dicit
261 2723 360 2779 August
373 2723 414 2768 lib.
430 2724 453 2781 1,
469 2723 497 2769 do
508 2723 586 2768 doctr
605 2722 695 2769 Christ.
712 2735 765 2780 cap.
785 2720 814 2766 31
826 2722 902 2780 quin
914 2727 937 2765 31

133 2783 286 2829 necessariam
304 2796 356 2828 esse
368 2792 434 2842 urget
444 2787 485 2831 lrh
502 2788 567 2845 XIV,
580 2785 608 2830 de
625 2786 715 2831 131311
731 2798 783 2843 cap.
799 2783 826 2839 1,
838 2789 865 2828 ut
882 2784 937 2828 illud

132 2846 208 2903 ipsum
219 2845 280 2901 quod
294 2846 393 2891 creditur
410 2855 489 2894 contra
503 2848 586 2906 impios
603 2847 747 2908 defendatur,
763 2853 786 2893 et
802 2846 846 2904 piis
860 2847 938 2903 opitu-

133 2910 194 2953 letur
207 2907 235 2953 ad
247 2907 355 2954 salutem
