<?xml version="1.0" encoding="UTF-8"?>
<!DOCTYPE html PUBLIC "-//W3C//DTD XHTML 1.0 Transitional//EN"
    "http://www.w3.org/TR/xhtml1/DTD/xhtml1-transitional.dtd">
<html xmlns="http://www.w3.org/1999/xhtml" xml:lang="en" lang="en">
 <head>
  <title>
</title>
<meta http-equiv="Content-Type" content="text/html;charset=utf-8" />
  <meta name='ocr-system' content='tesseract 3.04.00' />
  <meta name='ocr-capabilities' content='ocr_page ocr_carea ocr_par ocr_line ocrx_word'/>
</head>
<body>
  <div class='ocr_page' id='page_1' title='image "./summatheologica04nicogoog_0182.png"; bbox 0 0 1992 3342; ppageno 0'>
   <div class='ocr_carea' id='block_1_1' title="bbox 347 234 879 279">
    <p class='ocr_par' dir='ltr' id='par_1_1' title="bbox 347 234 879 279">
     <span class='ocr_line' id='line_1_1' title="bbox 347 234 879 279; baseline 0.009 -5"><span class='ocrx_word' id='word_1_1' title='bbox 347 240 381 275; x_wconf 85' lang='lat' dir='ltr'><strong>nn</strong></span> <span class='ocrx_word' id='word_1_2' title='bbox 398 240 439 275; x_wconf 78' lang='lat' dir='ltr'><strong>aaa</strong></span> <span class='ocrx_word' id='word_1_3' title='bbox 454 240 606 279; x_wconf 79' lang='lat' dir='ltr'><strong>cnunlrrnnn.</strong></span> <span class='ocrx_word' id='word_1_4' title='bbox 836 234 879 279; x_wconf 77' lang='lat'><strong>173</strong></span> 
     </span>
    </p>
   </div>
   <div class='ocr_carea' id='block_1_2' title="bbox 66 314 879 450">
    <p class='ocr_par' dir='ltr' id='par_1_2' title="bbox 66 314 879 450">
     <span class='ocr_line' id='line_1_2' title="bbox 68 314 879 380; baseline 0.004 -16"><span class='ocrx_word' id='word_1_5' title='bbox 68 329 143 367; x_wconf 77' lang='lat' dir='ltr'><strong>aarum</strong></span> <span class='ocrx_word' id='word_1_6' title='bbox 153 315 218 366; x_wconf 86' lang='lat' dir='ltr'><strong>seire</strong></span> <span class='ocrx_word' id='word_1_7' title='bbox 237 314 338 365; x_wconf 80' lang='lat' dir='ltr'><strong>noluisti.</strong></span> <span class='ocrx_word' id='word_1_8' title='bbox 355 315 500 379; x_wconf 76' lang='lat' dir='ltr'><strong>Responderi</strong></span> <span class='ocrx_word' id='word_1_9' title='bbox 512 315 573 365; x_wconf 87' lang='lat' dir='ltr'><strong>enim</strong></span> <span class='ocrx_word' id='word_1_10' title='bbox 593 321 684 380; x_wconf 85' lang='lat' dir='ltr'><strong>puteat,</strong></span> <span class='ocrx_word' id='word_1_11' title='bbox 708 318 790 367; x_wconf 84' lang='lat' dir='ltr'><strong>multus</strong></span> <span class='ocrx_word' id='word_1_12' title='bbox 810 318 879 367; x_wconf 87' lang='lat' dir='ltr'><strong>etiam</strong></span> 
     </span>
     <span class='ocr_line' id='line_1_3' title="bbox 66 385 877 450; baseline 0.004 -15"><span class='ocrx_word' id='word_1_13' title='bbox 66 402 110 437; x_wconf 90' lang='lat' dir='ltr'><strong>unu</strong></span> <span class='ocrx_word' id='word_1_14' title='bbox 117 385 296 437; x_wconf 80' lang='lat' dir='ltr'><strong>mundnsmalta</strong></span> <span class='ocrx_word' id='word_1_15' title='bbox 303 385 364 437; x_wconf 82' lang='lat' dir='ltr'><strong>seire</strong></span> <span class='ocrx_word' id='word_1_16' title='bbox 372 399 438 450; x_wconf 82' lang='lat' dir='ltr'><strong>vera,</strong></span> <span class='ocrx_word' id='word_1_17' title='bbox 448 386 558 436; x_wconf 81' lang='lat' dir='ltr'><strong>»scilieet</strong></span> <span class='ocrx_word' id='word_1_18' title='bbox 566 400 607 450; x_wconf 87' lang='lat' dir='ltr'><strong>per</strong></span> <span class='ocrx_word' id='word_1_19' title='bbox 618 387 731 438; x_wconf 90' lang='lat' dir='ltr'><strong>ratinnem</strong></span> <span class='ocrx_word' id='word_1_20' title='bbox 742 389 877 439; x_wconf 76' lang='lat' dir='ltr'><strong>naturalem.</strong></span> 
     </span>
    </p>
   </div>
   <div class='ocr_carea' id='block_1_3' title="bbox 360 522 595 573">
    <p class='ocr_par' dir='ltr' id='par_1_3' title="bbox 360 522 595 573">
     <span class='ocr_line' id='line_1_4' title="bbox 360 522 595 573; baseline 0.009 -3"><span class='ocrx_word' id='word_1_21' title='bbox 360 522 518 572; x_wconf 73' lang='lat' dir='ltr'><strong>nantelinus</strong></span> <span class='ocrx_word' id='word_1_22' title='bbox 535 524 595 573; x_wconf 85' lang='lat' dir='ltr'><strong>xlll.</strong></span> 
     </span>
    </p>
   </div>
   <div class='ocr_carea' id='block_1_4' title="bbox 73 630 877 750">
    <p class='ocr_par' dir='ltr' id='par_1_4' title="bbox 73 630 877 750">
     <span class='ocr_line' id='line_1_5' title="bbox 73 630 877 692; baseline 0.006 -16"><span class='ocrx_word' id='word_1_23' title='bbox 73 632 155 676; x_wconf 77' lang='lat' dir='ltr'><strong>Ula-tem</strong></span> <span class='ocrx_word' id='word_1_24' title='bbox 166 645 209 689; x_wconf 77' lang='lat' dir='ltr'><strong>per</strong></span> <span class='ocrx_word' id='word_1_25' title='bbox 224 630 335 689; x_wconf 54' lang='lat' dir='ltr'><strong>pretam</strong></span> <span class='ocrx_word' id='word_1_26' title='bbox 352 630 471 674; x_wconf 65' lang='lat' dir='ltr'><strong>tuamne</strong></span> <span class='ocrx_word' id='word_1_27' title='bbox 483 632 559 675; x_wconf 78' lang='lat' dir='ltr'><strong>altior</strong></span> <span class='ocrx_word' id='word_1_28' title='bbox 575 635 678 689; x_wconf 77' lang='lat' dir='ltr'><strong>cnqnitto</strong></span> <span class='ocrx_word' id='word_1_29' title='bbox 694 636 740 679; x_wconf 84' lang='lat' dir='ltr'><strong>Dei</strong></span> <span class='ocrx_word' id='word_1_30' title='bbox 746 669 752 690; x_wconf 93' lang='lat'><em>,</em></span> <span class='ocrx_word' id='word_1_31' title='bbox 764 638 836 692; x_wconf 74' lang='lat' dir='ltr'><strong>parurn</strong></span> <span class='ocrx_word' id='word_1_32' title='bbox 850 650 877 681; x_wconf 85' lang='lat' dir='ltr'><strong>en</strong></span> 
     </span>
     <span class='ocr_line' id='line_1_6' title="bbox 216 693 716 750; baseline 0.006 -12"><span class='ocrx_word' id='word_1_33' title='bbox 216 707 270 750; x_wconf 74' lang='lat' dir='ltr'><strong>paea</strong></span> <span class='ocrx_word' id='word_1_34' title='bbox 279 693 385 737; x_wconf 66' lang='lat' dir='ltr'><strong>habetur</strong></span> <span class='ocrx_word' id='word_1_35' title='bbox 391 704 435 748; x_wconf 76' lang='lat' dir='ltr'><strong>per</strong></span> <span class='ocrx_word' id='word_1_36' title='bbox 443 693 561 737; x_wconf 77' lang='lat' dir='ltr'><strong>rationem</strong></span> <span class='ocrx_word' id='word_1_37' title='bbox 571 698 716 741; x_wconf 75' lang='lat' dir='ltr'><em>naturalem.</em></span> 
     </span>
    </p>
   </div>
   <div class='ocr_carea' id='block_1_5' title="bbox 50 798 876 2357">
    <p class='ocr_par' dir='ltr' id='par_1_5' title="bbox 57 798 876 1493">
     <span class='ocr_line' id='line_1_7' title="bbox 96 798 876 869; baseline 0.003 -17"><span class='ocrx_word' id='word_1_38' title='bbox 96 802 129 852; x_wconf 78' lang='lat' dir='ltr'><strong>Ad</strong></span> <span class='ocrx_word' id='word_1_39' title='bbox 145 798 370 851; x_wconf 80' lang='lat' dir='ltr'><strong>decimum-tertium</strong></span> <span class='ocrx_word' id='word_1_40' title='bbox 388 798 423 848; x_wconf 88' lang='lat' dir='ltr'><strong>sic</strong></span> <span class='ocrx_word' id='word_1_41' title='bbox 441 800 571 863; x_wconf 77' lang='lat' dir='ltr'><strong>proceditur</strong></span> <span class='ocrx_word' id='word_1_42' title='bbox 588 801 630 866; x_wconf 79' lang='lat' dir='ltr'><strong>(l).</strong></span> <span class='ocrx_word' id='word_1_43' title='bbox 648 803 741 855; x_wconf 86' lang='lat' dir='ltr'><strong>Videtur</strong></span> <span class='ocrx_word' id='word_1_44' title='bbox 757 804 817 868; x_wconf 74' lang='lat' dir='ltr'><strong>queat</strong></span> <span class='ocrx_word' id='word_1_45' title='bbox 835 821 876 869; x_wconf 88' lang='lat' dir='ltr'><strong>per</strong></span> 
     </span>
     <span class='ocr_line' id='line_1_8' title="bbox 63 868 875 939; baseline 0.006 -16"><span class='ocrx_word' id='word_1_46' title='bbox 63 872 159 936; x_wconf 69' lang='lat' dir='ltr'><strong>gatiam</strong></span> <span class='ocrx_word' id='word_1_47' title='bbox 171 885 219 921; x_wconf 89' lang='lat' dir='ltr'><strong>non</strong></span> <span class='ocrx_word' id='word_1_48' title='bbox 232 871 347 921; x_wconf 80' lang='lat' dir='ltr'>habeatur</span> <span class='ocrx_word' id='word_1_49' title='bbox 357 868 425 919; x_wconf 85' lang='lat' dir='ltr'><strong>altior</strong></span> <span class='ocrx_word' id='word_1_50' title='bbox 435 871 536 933; x_wconf 74' lang='lat' dir='ltr'>cognitio</span> <span class='ocrx_word' id='word_1_51' title='bbox 546 871 587 922; x_wconf 84' lang='lat' dir='ltr'><strong>llei</strong></span> <span class='ocrx_word' id='word_1_52' title='bbox 600 872 668 937; x_wconf 75' lang='lat' dir='ltr'><strong>quim</strong></span> <span class='ocrx_word' id='word_1_53' title='bbox 679 888 707 925; x_wconf 88' lang='lat' dir='ltr'><strong>ea</strong></span> <span class='ocrx_word' id='word_1_54' title='bbox 717 890 768 939; x_wconf 81' lang='lat' dir='ltr'><strong>qua</strong></span> <span class='ocrx_word' id='word_1_55' title='bbox 779 878 875 928; x_wconf 83' lang='lat' dir='ltr'><strong>hahetur</strong></span> 
     </span>
     <span class='ocr_line' id='line_1_9' title="bbox 61 939 876 1012; baseline 0.006 -18"><span class='ocrx_word' id='word_1_56' title='bbox 61 959 102 1007; x_wconf 89' lang='lat' dir='ltr'><strong>per</strong></span> <span class='ocrx_word' id='word_1_57' title='bbox 115 944 247 993; x_wconf 81' lang='lat' dir='ltr'><strong>naturalem</strong></span> <span class='ocrx_word' id='word_1_58' title='bbox 260 939 385 991; x_wconf 87' lang='lat' dir='ltr'><strong>rationem.</strong></span> <span class='ocrx_word' id='word_1_59' title='bbox 401 939 461 990; x_wconf 80' lang='lat' dir='ltr'><strong>llicit</strong></span> <span class='ocrx_word' id='word_1_60' title='bbox 473 942 535 993; x_wconf 86' lang='lat' dir='ltr'><strong>enim</strong></span> <span class='ocrx_word' id='word_1_61' title='bbox 547 943 690 1009; x_wconf 77' lang='lat' dir='ltr'><strong>Dionysiusl</strong></span> <span class='ocrx_word' id='word_1_62' title='bbox 705 946 746 997; x_wconf 88' lang='lat' dir='ltr'><strong>lib.</strong></span> <span class='ocrx_word' id='word_1_63' title='bbox 760 948 792 997; x_wconf 85' lang='lat' dir='ltr'><strong>de</strong></span> <span class='ocrx_word' id='word_1_64' title='bbox 805 950 876 1012; x_wconf 75' lang='lat' dir='ltr'><strong>Mys-</strong></span> 
     </span>
     <span class='ocr_line' id='line_1_10' title="bbox 63 1011 875 1078; baseline 0.009 -16"><span class='ocrx_word' id='word_1_65' title='bbox 63 1018 112 1064; x_wconf 84' lang='lat' dir='ltr'><strong>ticu</strong></span> <span class='ocrx_word' id='word_1_66' title='bbox 131 1014 284 1078; x_wconf 63' lang='grc' dir='ltr'><strong>Πιεοὶορια,</strong></span> <span class='ocrx_word' id='word_1_67' title='bbox 303 1011 366 1076; x_wconf 74' lang='lat' dir='ltr'><strong>qued</strong></span> <span class='ocrx_word' id='word_1_68' title='bbox 384 1029 398 1059; x_wconf 85' lang='lat' dir='ltr'><strong>u</strong></span> <span class='ocrx_word' id='word_1_69' title='bbox 409 1011 448 1062; x_wconf 88' lang='lat' dir='ltr'><strong>ille</strong></span> <span class='ocrx_word' id='word_1_70' title='bbox 466 1014 506 1076; x_wconf 86' lang='lat' dir='ltr'><strong>qui</strong></span> <span class='ocrx_word' id='word_1_71' title='bbox 528 1015 609 1065; x_wconf 89' lang='lat' dir='ltr'><strong>melius</strong></span> <span class='ocrx_word' id='word_1_72' title='bbox 626 1016 704 1066; x_wconf 88' lang='lat' dir='ltr'><strong>unitur</strong></span> <span class='ocrx_word' id='word_1_73' title='bbox 720 1019 768 1069; x_wconf 85' lang='lat' dir='ltr'><strong>lleo</strong></span> <span class='ocrx_word' id='word_1_74' title='bbox 786 1019 811 1069; x_wconf 88' lang='lat' dir='ltr'><strong>ln</strong></span> <span class='ocrx_word' id='word_1_75' title='bbox 831 1021 875 1069; x_wconf 81' lang='lat' dir='ltr'><strong>nne</strong></span> 
     </span>
     <span class='ocr_line' id='line_1_11' title="bbox 63 1081 873 1153; baseline 0.009 -21"><span class='ocrx_word' id='word_1_76' title='bbox 63 1086 125 1147; x_wconf 80' lang='lat' dir='ltr'><strong>nita,</strong></span> <span class='ocrx_word' id='word_1_77' title='bbox 137 1084 215 1135; x_wconf 88' lang='lat' dir='ltr'><strong>unitur</strong></span> <span class='ocrx_word' id='word_1_78' title='bbox 231 1084 255 1135; x_wconf 90' lang='lat' dir='ltr'><strong>ei</strong></span> <span class='ocrx_word' id='word_1_79' title='bbox 268 1082 330 1133; x_wconf 83' lang='lat' dir='ltr'><strong>sieut</strong></span> <span class='ocrx_word' id='word_1_80' title='bbox 348 1081 452 1133; x_wconf 79' lang='lat' dir='ltr'><strong>omnine</strong></span> <span class='ocrx_word' id='word_1_81' title='bbox 462 1082 550 1146; x_wconf 77' lang='lat' dir='ltr'><strong>ignoto.</strong></span> <span class='ocrx_word' id='word_1_82' title='bbox 566 1102 579 1131; x_wconf 86' lang='lat' dir='ltr'><strong>u</strong></span> <span class='ocrx_word' id='word_1_83' title='bbox 594 1087 657 1153; x_wconf 84' lang='lat' dir='ltr'><strong>Quod</strong></span> <span class='ocrx_word' id='word_1_84' title='bbox 671 1088 740 1138; x_wconf 88' lang='lat' dir='ltr'><strong>etiam</strong></span> <span class='ocrx_word' id='word_1_85' title='bbox 754 1090 782 1139; x_wconf 87' lang='lat' dir='ltr'><strong>de</strong></span> <span class='ocrx_word' id='word_1_86' title='bbox 796 1090 873 1153; x_wconf 80' lang='lat' dir='ltr'>Moyse</span> 
     </span>
     <span class='ocr_line' id='line_1_12' title="bbox 65 1152 876 1221; baseline 0.006 -17"><span class='ocrx_word' id='word_1_87' title='bbox 65 1154 135 1219; x_wconf 85' lang='lat' dir='ltr'><strong>dicit,</strong></span> <span class='ocrx_word' id='word_1_88' title='bbox 145 1155 183 1217; x_wconf 86' lang='lat' dir='ltr'><strong>qui</strong></span> <span class='ocrx_word' id='word_1_89' title='bbox 192 1160 273 1205; x_wconf 68' lang='lat' dir='ltr'><strong>nmen</strong></span> <span class='ocrx_word' id='word_1_90' title='bbox 286 1152 450 1203; x_wconf 78' lang='lat' dir='ltr'><strong>excellentiam</strong></span> <span class='ocrx_word' id='word_1_91' title='bbox 460 1156 573 1217; x_wconf 65' lang='lat' dir='ltr'><strong>mudum</strong></span> <span class='ocrx_word' id='word_1_92' title='bbox 586 1156 683 1209; x_wconf 78' lang='lat' dir='ltr'>obtinuit</span> <span class='ocrx_word' id='word_1_93' title='bbox 693 1159 717 1208; x_wconf 90' lang='lat' dir='ltr'><strong>in</strong></span> <span class='ocrx_word' id='word_1_94' title='bbox 729 1159 809 1221; x_wconf 75' lang='lat' dir='ltr'><strong>gratiae</strong></span> <span class='ocrx_word' id='word_1_95' title='bbox 821 1173 876 1221; x_wconf 83' lang='lat' dir='ltr'>cog·</span> 
     </span>
     <span class='ocr_line' id='line_1_13' title="bbox 60 1223 876 1293; baseline 0.005 -18"><span class='ocrx_word' id='word_1_96' title='bbox 60 1227 157 1277; x_wconf 85' lang='lat' dir='ltr'><strong>uitione.</strong></span> <span class='ocrx_word' id='word_1_97' title='bbox 179 1227 225 1276; x_wconf 84' lang='lat' dir='ltr'><strong>Sed</strong></span> <span class='ocrx_word' id='word_1_98' title='bbox 245 1223 360 1289; x_wconf 80' lang='lat' dir='ltr'><strong>conjungi</strong></span> <span class='ocrx_word' id='word_1_99' title='bbox 381 1226 446 1287; x_wconf 82' lang='lat' dir='ltr'><strong>llen,</strong></span> <span class='ocrx_word' id='word_1_100' title='bbox 460 1224 588 1288; x_wconf 83' lang='lat' dir='ltr'><strong>ignorando</strong></span> <span class='ocrx_word' id='word_1_101' title='bbox 606 1228 634 1277; x_wconf 88' lang='lat' dir='ltr'><strong>de</strong></span> <span class='ocrx_word' id='word_1_102' title='bbox 652 1241 680 1279; x_wconf 88' lang='lat' dir='ltr'><strong>en</strong></span> <span class='ocrx_word' id='word_1_103' title='bbox 697 1230 751 1293; x_wconf 84' lang='lat' dir='ltr'><strong>quid</strong></span> <span class='ocrx_word' id='word_1_104' title='bbox 767 1235 816 1293; x_wconf 89' lang='lat' dir='ltr'><strong>est,</strong></span> <span class='ocrx_word' id='word_1_105' title='bbox 830 1231 876 1281; x_wconf 85' lang='lat' dir='ltr'><strong>lrnu</strong></span> 
     </span>
     <span class='ocr_line' id='line_1_14' title="bbox 58 1294 876 1371; baseline 0 -22"><span class='ocrx_word' id='word_1_106' title='bbox 58 1298 171 1362; x_wconf 78' lang='lat' dir='ltr'><strong>contingit</strong></span> <span class='ocrx_word' id='word_1_107' title='bbox 182 1298 255 1348; x_wconf 89' lang='lat' dir='ltr'><strong>etiam</strong></span> <span class='ocrx_word' id='word_1_108' title='bbox 268 1310 311 1361; x_wconf 87' lang='lat' dir='ltr'><strong>per</strong></span> <span class='ocrx_word' id='word_1_109' title='bbox 324 1294 439 1345; x_wconf 87' lang='lat' dir='ltr'><strong>rationem</strong></span> <span class='ocrx_word' id='word_1_110' title='bbox 451 1297 588 1347; x_wconf 75' lang='lat' dir='ltr'><strong>naturalem.</strong></span> <span class='ocrx_word' id='word_1_111' title='bbox 602 1298 661 1361; x_wconf 79' lang='lat' dir='ltr'><strong>Ergo</strong></span> <span class='ocrx_word' id='word_1_112' title='bbox 674 1312 716 1361; x_wconf 89' lang='lat' dir='ltr'><strong>per</strong></span> <span class='ocrx_word' id='word_1_113' title='bbox 730 1301 826 1362; x_wconf 83' lang='lat' dir='ltr'><strong>gratiam</strong></span> <span class='ocrx_word' id='word_1_114' title='bbox 840 1302 876 1371; x_wconf 77' lang='lat' dir='ltr'><strong>(a)</strong></span> 
     </span>
     <span class='ocr_line' id='line_1_15' title="bbox 57 1364 876 1435; baseline -0.001 -15"><span class='ocrx_word' id='word_1_115' title='bbox 57 1385 103 1420; x_wconf 87' lang='lat' dir='ltr'><strong>nun</strong></span> <span class='ocrx_word' id='word_1_116' title='bbox 123 1370 216 1435; x_wconf 87' lang='lat' dir='ltr'><strong>plenius</strong></span> <span class='ocrx_word' id='word_1_117' title='bbox 238 1366 388 1430; x_wconf 77' lang='lat' dir='ltr'><strong>cognoscitur</strong></span> <span class='ocrx_word' id='word_1_118' title='bbox 404 1364 418 1415; x_wconf 77' lang='lat' dir='ltr'><strong>a</strong></span> <span class='ocrx_word' id='word_1_119' title='bbox 436 1366 503 1416; x_wconf 82' lang='lat' dir='ltr'><strong>nabis</strong></span> <span class='ocrx_word' id='word_1_120' title='bbox 520 1368 594 1429; x_wconf 81' lang='lat' dir='ltr'><strong>Deus,</strong></span> <span class='ocrx_word' id='word_1_121' title='bbox 612 1367 682 1431; x_wconf 77' lang='lat' dir='ltr'><strong>quam</strong></span> <span class='ocrx_word' id='word_1_122' title='bbox 701 1383 744 1432; x_wconf 89' lang='lat' dir='ltr'><strong>per</strong></span> <span class='ocrx_word' id='word_1_123' title='bbox 765 1370 876 1421; x_wconf 85' lang='lat' dir='ltr'><strong>rationem</strong></span> 
     </span>
     <span class='ocr_line' id='line_1_16' title="bbox 62 1442 205 1493; baseline -0.028 0"><span class='ocrx_word' id='word_1_124' title='bbox 62 1442 205 1493; x_wconf 78' lang='lat' dir='ltr'><strong>naturalem.</strong></span> 
     </span>
    </p>

    <p class='ocr_par' dir='ltr' id='par_1_6' title="bbox 50 1506 874 2003">
     <span class='ocr_line' id='line_1_17' title="bbox 88 1506 870 1574; baseline 0 -14"><span class='ocrx_word' id='word_1_125' title='bbox 88 1517 115 1560; x_wconf 71' lang='lat' dir='ltr'><strong>n.</strong></span> <span class='ocrx_word' id='word_1_126' title='bbox 128 1514 244 1562; x_wconf 73' lang='lat' dir='ltr'><strong>mantea</strong></span> <span class='ocrx_word' id='word_1_127' title='bbox 251 1548 262 1574; x_wconf 87' lang='lat'>‚</span> <span class='ocrx_word' id='word_1_128' title='bbox 276 1522 320 1573; x_wconf 86' lang='lat' dir='ltr'><strong>per</strong></span> <span class='ocrx_word' id='word_1_129' title='bbox 338 1508 451 1559; x_wconf 88' lang='lat' dir='ltr'><strong>rationem</strong></span> <span class='ocrx_word' id='word_1_130' title='bbox 463 1507 592 1559; x_wconf 88' lang='lat' dir='ltr'><strong>naturalem</strong></span> <span class='ocrx_word' id='word_1_131' title='bbox 604 1508 629 1559; x_wconf 91' lang='lat' dir='ltr'><strong>in</strong></span> <span class='ocrx_word' id='word_1_132' title='bbox 642 1506 798 1573; x_wconf 76' lang='lat' dir='ltr'><strong>arguitionem</strong></span> <span class='ocrx_word' id='word_1_133' title='bbox 812 1511 870 1561; x_wconf 85' lang='lat' dir='ltr'><strong>divi-</strong></span> 
     </span>
     <span class='ocr_line' id='line_1_18' title="bbox 55 1580 874 1649; baseline -0.001 -15"><span class='ocrx_word' id='word_1_134' title='bbox 55 1598 141 1634; x_wconf 84' lang='lat' dir='ltr'><strong>norum</strong></span> <span class='ocrx_word' id='word_1_135' title='bbox 156 1584 281 1649; x_wconf 80' lang='lat' dir='ltr'><strong>peruenire</strong></span> <span class='ocrx_word' id='word_1_136' title='bbox 295 1594 343 1632; x_wconf 87' lang='lat' dir='ltr'><strong>uun</strong></span> <span class='ocrx_word' id='word_1_137' title='bbox 356 1594 492 1645; x_wconf 82' lang='lat' dir='ltr'><strong>possumus,</strong></span> <span class='ocrx_word' id='word_1_138' title='bbox 505 1580 549 1633; x_wconf 86' lang='lat' dir='ltr'><strong>nisi</strong></span> <span class='ocrx_word' id='word_1_139' title='bbox 561 1595 603 1646; x_wconf 88' lang='lat' dir='ltr'><strong>per</strong></span> <span class='ocrx_word' id='word_1_140' title='bbox 618 1583 794 1646; x_wconf 79' lang='lat' dir='ltr'><strong>phantasmata,</strong></span> <span class='ocrx_word' id='word_1_141' title='bbox 809 1583 874 1635; x_wconf 86' lang='lat' dir='ltr'><strong>simi·</strong></span> 
     </span>
     <span class='ocr_line' id='line_1_19' title="bbox 53 1651 873 1716; baseline 0.001 -12"><span class='ocrx_word' id='word_1_142' title='bbox 53 1657 110 1706; x_wconf 85' lang='lat' dir='ltr'><strong>liter</strong></span> <span class='ocrx_word' id='word_1_143' title='bbox 119 1654 187 1706; x_wconf 86' lang='lat' dir='ltr'><strong>etiam</strong></span> <span class='ocrx_word' id='word_1_144' title='bbox 199 1669 245 1705; x_wconf 90' lang='lat' dir='ltr'><strong>nee</strong></span> <span class='ocrx_word' id='word_1_145' title='bbox 264 1652 398 1704; x_wconf 66' lang='lat' dir='ltr'><strong>mennatum</strong></span> <span class='ocrx_word' id='word_1_146' title='bbox 411 1651 564 1714; x_wconf 76' lang='lat' dir='ltr'><strong>engmtinnem</strong></span> <span class='ocrx_word' id='word_1_147' title='bbox 573 1652 663 1716; x_wconf 65' lang='lat' dir='ltr'><strong>gratiam</strong></span> <span class='ocrx_word' id='word_1_148' title='bbox 678 1653 734 1704; x_wconf 86' lang='lat' dir='ltr'><strong>dicit</strong></span> <span class='ocrx_word' id='word_1_149' title='bbox 747 1655 808 1705; x_wconf 88' lang='lat' dir='ltr'><strong>enim</strong></span> <span class='ocrx_word' id='word_1_150' title='bbox 821 1655 873 1705; x_wconf 88' lang='lat' dir='ltr'><strong>llin-</strong></span> 
     </span>
     <span class='ocr_line' id='line_1_20' title="bbox 53 1720 874 1792; baseline -0.001 -16"><span class='ocrx_word' id='word_1_151' title='bbox 53 1728 161 1792; x_wconf 69' lang='lat' dir='ltr'><strong>npsinsl</strong></span> <span class='ocrx_word' id='word_1_152' title='bbox 181 1741 206 1777; x_wconf 87' lang='lat' dir='ltr'><strong>e.</strong></span> <span class='ocrx_word' id='word_1_153' title='bbox 220 1724 282 1777; x_wconf 70' lang='grc' dir='ltr'><strong>σαὶ.</strong></span> <span class='ocrx_word' id='word_1_154' title='bbox 303 1724 385 1791; x_wconf 70' lang='lat' dir='ltr'><strong>Hier„</strong></span> <span class='ocrx_word' id='word_1_155' title='bbox 406 1720 468 1785; x_wconf 72' lang='lat' dir='ltr'><strong>qued</strong></span> <span class='ocrx_word' id='word_1_156' title='bbox 481 1740 495 1770; x_wconf 82' lang='lat' dir='ltr'><strong>a</strong></span> <span class='ocrx_word' id='word_1_157' title='bbox 513 1722 652 1787; x_wconf 85' lang='lat' dir='ltr'><strong>impossibile</strong></span> <span class='ocrx_word' id='word_1_158' title='bbox 674 1728 708 1775; x_wconf 88' lang='lat' dir='ltr'><strong>est</strong></span> <span class='ocrx_word' id='word_1_159' title='bbox 725 1725 791 1775; x_wconf 89' lang='lat' dir='ltr'><strong>nubis</strong></span> <span class='ocrx_word' id='word_1_160' title='bbox 808 1724 874 1775; x_wconf 87' lang='lat' dir='ltr'><strong>aliter</strong></span> 
     </span>
     <span class='ocr_line' id='line_1_21' title="bbox 53 1792 871 1856; baseline -0.006 -8"><span class='ocrx_word' id='word_1_161' title='bbox 53 1800 136 1848; x_wconf 76' lang='lat' dir='ltr'><strong>lucere</strong></span> <span class='ocrx_word' id='word_1_162' title='bbox 149 1798 260 1849; x_wconf 72' lang='lat' dir='ltr'><strong>divinum</strong></span> <span class='ocrx_word' id='word_1_163' title='bbox 277 1793 382 1856; x_wconf 81' lang='lat' dir='ltr'><strong>radium,</strong></span> <span class='ocrx_word' id='word_1_164' title='bbox 401 1792 446 1842; x_wconf 89' lang='lat' dir='ltr'><strong>nisi</strong></span> <span class='ocrx_word' id='word_1_165' title='bbox 463 1793 572 1844; x_wconf 81' lang='lat' dir='ltr'><strong>uarietate</strong></span> <span class='ocrx_word' id='word_1_166' title='bbox 593 1808 708 1845; x_wconf 82' lang='lat' dir='ltr'><strong>sacrorum</strong></span> <span class='ocrx_word' id='word_1_167' title='bbox 731 1795 871 1847; x_wconf 81' lang='lat' dir='ltr'><strong>velaminum</strong></span> 
     </span>
     <span class='ocr_line' id='line_1_22' title="bbox 53 1865 873 1931; baseline -0.01 -10"><span class='ocrx_word' id='word_1_168' title='bbox 53 1871 247 1921; x_wconf 69' lang='lat' dir='ltr'><strong>camaranum</strong></span> <span class='ocrx_word' id='word_1_169' title='bbox 262 1865 312 1931; x_wconf 77' lang='lat'>(³);</span> <span class='ocrx_word' id='word_1_170' title='bbox 327 1881 342 1911; x_wconf 85' lang='lat' dir='ltr'><strong>n</strong></span> <span class='ocrx_word' id='word_1_171' title='bbox 357 1877 414 1927; x_wconf 81' lang='lat' dir='ltr'><strong>erge</strong></span> <span class='ocrx_word' id='word_1_172' title='bbox 424 1876 465 1927; x_wconf 91' lang='lat' dir='ltr'><strong>per</strong></span> <span class='ocrx_word' id='word_1_173' title='bbox 476 1865 572 1927; x_wconf 77' lang='lat' dir='ltr'><strong>gratiam</strong></span> <span class='ocrx_word' id='word_1_174' title='bbox 588 1876 634 1915; x_wconf 89' lang='lat' dir='ltr'><strong>nnn</strong></span> <span class='ocrx_word' id='word_1_175' title='bbox 647 1866 738 1931; x_wconf 87' lang='lat' dir='ltr'><strong>plenius</strong></span> <span class='ocrx_word' id='word_1_176' title='bbox 756 1866 873 1928; x_wconf 80' lang='lat' dir='ltr'><strong>cognesci-</strong></span> 
     </span>
     <span class='ocr_line' id='line_1_23' title="bbox 50 1934 624 2003; baseline -0.01 -10"><span class='ocrx_word' id='word_1_177' title='bbox 50 1957 101 1993; x_wconf 85' lang='lat' dir='ltr'><strong>mus</strong></span> <span class='ocrx_word' id='word_1_178' title='bbox 115 1945 206 2003; x_wconf 73' lang='grc' dir='ltr'><strong>Βιιιιιι,</strong></span> <span class='ocrx_word' id='word_1_179' title='bbox 221 1951 294 2003; x_wconf 88' lang='lat' dir='ltr'><strong>quam</strong></span> <span class='ocrx_word' id='word_1_180' title='bbox 307 1949 350 2001; x_wconf 86' lang='lat' dir='ltr'><strong>per</strong></span> <span class='ocrx_word' id='word_1_181' title='bbox 363 1934 478 1985; x_wconf 87' lang='lat' dir='ltr'><strong>rationem</strong></span> <span class='ocrx_word' id='word_1_182' title='bbox 489 1938 624 1987; x_wconf 85' lang='lat' dir='ltr'><strong>naturalem.</strong></span> 
     </span>
    </p>

    <p class='ocr_par' dir='ltr' id='par_1_7' title="bbox 50 2006 873 2357">
     <span class='ocr_line' id='line_1_24' title="bbox 84 2006 871 2073; baseline -0.009 -9"><span class='ocrx_word' id='word_1_183' title='bbox 84 2020 108 2064; x_wconf 81' lang='grc'><strong>3,</strong></span> <span class='ocrx_word' id='word_1_184' title='bbox 121 2016 254 2073; x_wconf 55' lang='lat' dir='ltr'><strong>Pramum,</strong></span> <span class='ocrx_word' id='word_1_185' title='bbox 262 2008 395 2059; x_wconf 76' lang='lat' dir='ltr'><strong>inteream</strong></span> <span class='ocrx_word' id='word_1_186' title='bbox 402 2009 480 2056; x_wconf 87' lang='lat' dir='ltr'><strong>nester</strong></span> <span class='ocrx_word' id='word_1_187' title='bbox 489 2020 530 2072; x_wconf 90' lang='lat' dir='ltr'><strong>per</strong></span> <span class='ocrx_word' id='word_1_188' title='bbox 540 2008 636 2071; x_wconf 82' lang='lat' dir='ltr'><strong>gratiam</strong></span> <span class='ocrx_word' id='word_1_189' title='bbox 646 2006 699 2056; x_wconf 87' lang='lat' dir='ltr'><strong>fidei</strong></span> <span class='ocrx_word' id='word_1_190' title='bbox 707 2007 754 2055; x_wconf 90' lang='lat' dir='ltr'><strong>llen</strong></span> <span class='ocrx_word' id='word_1_191' title='bbox 761 2006 871 2057; x_wconf 85' lang='lat' dir='ltr'><strong>adhaeret.</strong></span> 
     </span>
     <span class='ocr_line' id='line_1_25' title="bbox 51 2077 873 2142; baseline -0.01 -7"><span class='ocrx_word' id='word_1_192' title='bbox 51 2088 118 2137; x_wconf 73' lang='lat' dir='ltr'><strong>fialas</strong></span> <span class='ocrx_word' id='word_1_193' title='bbox 130 2089 215 2136; x_wconf 90' lang='lat' dir='ltr'><strong>autem</strong></span> <span class='ocrx_word' id='word_1_194' title='bbox 226 2094 277 2131; x_wconf 90' lang='lat' dir='ltr'><strong>nnn</strong></span> <span class='ocrx_word' id='word_1_195' title='bbox 287 2080 378 2130; x_wconf 84' lang='lat' dir='ltr'><strong>ridetur</strong></span> <span class='ocrx_word' id='word_1_196' title='bbox 391 2091 443 2129; x_wconf 86' lang='lat' dir='ltr'><strong>esse</strong></span> <span class='ocrx_word' id='word_1_197' title='bbox 454 2078 566 2142; x_wconf 63' lang='lat' dir='ltr'><strong>engallim</strong></span> <span class='ocrx_word' id='word_1_198' title='bbox 579 2078 634 2129; x_wconf 82' lang='lat' dir='ltr'><strong>dicit</strong></span> <span class='ocrx_word' id='word_1_199' title='bbox 645 2078 709 2127; x_wconf 88' lang='lat' dir='ltr'><strong>enim</strong></span> <span class='ocrx_word' id='word_1_200' title='bbox 719 2077 838 2141; x_wconf 82' lang='lat' dir='ltr'><strong>Gregorius</strong></span> <span class='ocrx_word' id='word_1_201' title='bbox 849 2079 873 2129; x_wconf 92' lang='lat' dir='ltr'><strong>in</strong></span> 
     </span>
     <span class='ocr_line' id='line_1_26' title="bbox 50 2148 873 2220; baseline -0.006 -14"><span class='ocrx_word' id='word_1_202' title='bbox 50 2157 148 2207; x_wconf 81' lang='lat' dir='ltr'><strong>llnmil.</strong></span> <span class='ocrx_word' id='word_1_203' title='bbox 170 2152 237 2220; x_wconf 72' lang='lat' dir='ltr'><strong>qued</strong></span> <span class='ocrx_word' id='word_1_204' title='bbox 259 2169 274 2200; x_wconf 79' lang='grc' dir='ltr'><strong>(ι</strong></span> <span class='ocrx_word' id='word_1_205' title='bbox 288 2164 316 2201; x_wconf 88' lang='lat' dir='ltr'><strong>ea</strong></span> <span class='ocrx_word' id='word_1_206' title='bbox 334 2163 386 2215; x_wconf 79' lang='lat' dir='ltr'><strong>qua</strong></span> <span class='ocrx_word' id='word_1_207' title='bbox 405 2163 452 2200; x_wconf 88' lang='lat' dir='ltr'><strong>nnn</strong></span> <span class='ocrx_word' id='word_1_208' title='bbox 466 2150 573 2215; x_wconf 83' lang='lat' dir='ltr'><strong>ridentur</strong></span> <span class='ocrx_word' id='word_1_209' title='bbox 592 2149 660 2199; x_wconf 83' lang='lat' dir='ltr'><strong>tidem</strong></span> <span class='ocrx_word' id='word_1_210' title='bbox 676 2148 762 2199; x_wconf 88' lang='lat' dir='ltr'><strong>hahent</strong></span> <span class='ocrx_word' id='word_1_211' title='bbox 783 2155 807 2199; x_wconf 85' lang='lat' dir='ltr'><strong>et</strong></span> <span class='ocrx_word' id='word_1_212' title='bbox 827 2163 873 2201; x_wconf 87' lang='lat' dir='ltr'><strong>nnn</strong></span> 
     </span>
     <span class='ocr_line' id='line_1_27' title="bbox 51 2219 872 2290; baseline -0.007 -15"><span class='ocrx_word' id='word_1_213' title='bbox 51 2228 201 2290; x_wconf 79' lang='lat' dir='ltr'><strong>agnitionem</strong></span> <span class='ocrx_word' id='word_1_214' title='bbox 215 2222 262 2288; x_wconf 81' lang='lat' dir='ltr'><strong>(l).</strong></span> <span class='ocrx_word' id='word_1_215' title='bbox 277 2237 291 2267; x_wconf 85' lang='grc' dir='ltr'><strong>ι</strong></span> <span class='ocrx_word' id='word_1_216' title='bbox 302 2222 363 2283; x_wconf 80' lang='lat' dir='ltr'><strong>Ergo</strong></span> <span class='ocrx_word' id='word_1_217' title='bbox 380 2220 531 2285; x_wconf 80' lang='lat' dir='ltr'><strong>pergratiam</strong></span> <span class='ocrx_word' id='word_1_218' title='bbox 549 2233 594 2271; x_wconf 90' lang='lat' dir='ltr'><strong>nnn</strong></span> <span class='ocrx_word' id='word_1_219' title='bbox 610 2219 698 2270; x_wconf 86' lang='lat' dir='ltr'><strong>additur</strong></span> <span class='ocrx_word' id='word_1_220' title='bbox 714 2220 779 2271; x_wconf 88' lang='lat' dir='ltr'><strong>nubis</strong></span> <span class='ocrx_word' id='word_1_221' title='bbox 797 2221 872 2284; x_wconf 74' lang='lat' dir='ltr'><strong>atqua</strong></span> 
     </span>
     <span class='ocr_line' id='line_1_28' title="bbox 50 2292 444 2357; baseline -0.023 -8"><span class='ocrx_word' id='word_1_222' title='bbox 50 2298 208 2351; x_wconf 71' lang='lat' dir='ltr'><strong>esculentior</strong></span> <span class='ocrx_word' id='word_1_223' title='bbox 224 2292 329 2357; x_wconf 79' lang='lat' dir='ltr'><strong>cognitio</strong></span> <span class='ocrx_word' id='word_1_224' title='bbox 342 2292 371 2343; x_wconf 85' lang='lat' dir='ltr'><strong>de</strong></span> <span class='ocrx_word' id='word_1_225' title='bbox 384 2293 444 2341; x_wconf 82' lang='lat' dir='ltr'><strong>llen.</strong></span> 
     </span>
    </p>
   </div>
   <div class='ocr_carea' id='block_1_6' title="bbox 48 2408 870 2538">
    <p class='ocr_par' dir='ltr' id='par_1_8' title="bbox 48 2408 870 2538">
     <span class='ocr_line' id='line_1_29' title="bbox 80 2408 868 2479; baseline -0.016 -14"><span class='ocrx_word' id='word_1_226' title='bbox 80 2417 111 2479; x_wconf 75' lang='lat' dir='ltr'><strong>ti)</strong></span> <span class='ocrx_word' id='word_1_227' title='bbox 122 2422 161 2464; x_wconf 81' lang='lat' dir='ltr'><strong>lte</strong></span> <span class='ocrx_word' id='word_1_228' title='bbox 170 2418 212 2462; x_wconf 86' lang='lat' dir='ltr'><strong>tris</strong></span> <span class='ocrx_word' id='word_1_229' title='bbox 225 2414 300 2458; x_wconf 87' lang='lat' dir='ltr'><strong>etiam</strong></span> <span class='ocrx_word' id='word_1_230' title='bbox 312 2411 383 2468; x_wconf 82' lang='lat' dir='ltr'><strong>inira,</strong></span> <span class='ocrx_word' id='word_1_231' title='bbox 395 2422 436 2467; x_wconf 86' lang='lat' dir='ltr'><strong>qu.</strong></span> <span class='ocrx_word' id='word_1_232' title='bbox 448 2409 486 2469; x_wconf 72' lang='lat'><strong>32,</strong></span> <span class='ocrx_word' id='word_1_233' title='bbox 499 2417 542 2455; x_wconf 87' lang='lat' dir='ltr'><strong>art.</strong></span> <span class='ocrx_word' id='word_1_234' title='bbox 557 2408 579 2463; x_wconf 80' lang='lat'><strong>¹3</strong></span> <span class='ocrx_word' id='word_1_235' title='bbox 593 2416 618 2453; x_wconf 89' lang='lat' dir='ltr'><strong>ut</strong></span> <span class='ocrx_word' id='word_1_236' title='bbox 628 2416 650 2454; x_wconf 84' lang='lat' dir='ltr'><strong>et</strong></span> <span class='ocrx_word' id='word_1_237' title='bbox 661 2412 680 2469; x_wconf 88' lang='grc' dir='ltr'><strong>Ι,</strong></span> <span class='ocrx_word' id='word_1_238' title='bbox 692 2410 769 2460; x_wconf 67' lang='lat' dir='ltr'><strong>sent„</strong></span> <span class='ocrx_word' id='word_1_239' title='bbox 779 2410 833 2455; x_wconf 89' lang='lat' dir='ltr'><strong>dist.</strong></span> <span class='ocrx_word' id='word_1_240' title='bbox 846 2409 868 2467; x_wconf 85' lang='grc'><strong>3,</strong></span> 
     </span>
     <span class='ocr_line' id='line_1_30' title="bbox 48 2470 870 2538; baseline -0.002 -22"><span class='ocrx_word' id='word_1_241' title='bbox 48 2497 91 2537; x_wconf 65' lang='lat' dir='ltr'><strong>qu,</strong></span> <span class='ocrx_word' id='word_1_242' title='bbox 100 2483 124 2538; x_wconf 69' lang='grc' dir='ltr'><strong>ι,</strong></span> <span class='ocrx_word' id='word_1_243' title='bbox 137 2487 184 2525; x_wconf 73' lang='lat' dir='ltr'><strong>m,</strong></span> <span class='ocrx_word' id='word_1_244' title='bbox 198 2476 231 2530; x_wconf 59' lang='grc' dir='ltr'><strong>ἐς</strong></span> <span class='ocrx_word' id='word_1_245' title='bbox 242 2481 268 2521; x_wconf 89' lang='lat' dir='ltr'><strong>et</strong></span> <span class='ocrx_word' id='word_1_246' title='bbox 276 2487 318 2530; x_wconf 88' lang='lat' dir='ltr'><strong>qu.</strong></span> <span class='ocrx_word' id='word_1_247' title='bbox 330 2472 361 2518; x_wconf 82' lang='lat'><strong>10</strong></span> <span class='ocrx_word' id='word_1_248' title='bbox 370 2473 400 2518; x_wconf 81' lang='lat' dir='ltr'><strong>(le</strong></span> <span class='ocrx_word' id='word_1_249' title='bbox 410 2472 488 2530; x_wconf 75' lang='lat' dir='ltr'><strong>uerit,</strong></span> <span class='ocrx_word' id='word_1_250' title='bbox 504 2479 548 2518; x_wconf 88' lang='lat' dir='ltr'><strong>art.</strong></span> <span class='ocrx_word' id='word_1_251' title='bbox 565 2473 617 2523; x_wconf 88' lang='lat' dir='ltr'><strong>ult.;</strong></span> <span class='ocrx_word' id='word_1_252' title='bbox 633 2472 657 2519; x_wconf 88' lang='lat' dir='ltr'><strong>et</strong></span> <span class='ocrx_word' id='word_1_253' title='bbox 671 2484 739 2528; x_wconf 87' lang='lat' dir='ltr'><strong>super</strong></span> <span class='ocrx_word' id='word_1_254' title='bbox 753 2470 870 2531; x_wconf 73' lang='lat' dir='ltr'><strong>Bottium,</strong></span> 
     </span>
    </p>
   </div>
   <div class='ocr_carea' id='block_1_7' title="bbox 47 2534 874 3003">
    <p class='ocr_par' dir='ltr' id='par_1_9' title="bbox 50 2534 599 2597">
     <span class='ocr_line' id='line_1_31' title="bbox 50 2534 599 2597; baseline -0.029 -10"><span class='ocrx_word' id='word_1_255' title='bbox 50 2546 81 2588; x_wconf 79' lang='lat' dir='ltr'><strong>da</strong></span> <span class='ocrx_word' id='word_1_256' title='bbox 97 2545 185 2593; x_wconf 67' lang='lat' dir='ltr'><strong>Trite„</strong></span> <span class='ocrx_word' id='word_1_257' title='bbox 198 2552 243 2597; x_wconf 87' lang='lat' dir='ltr'><strong>qu.</strong></span> <span class='ocrx_word' id='word_1_258' title='bbox 258 2537 283 2596; x_wconf 89' lang='lat'><strong>1,</strong></span> <span class='ocrx_word' id='word_1_259' title='bbox 300 2542 344 2594; x_wconf 81' lang='lat' dir='ltr'><strong>art.</strong></span> <span class='ocrx_word' id='word_1_260' title='bbox 357 2534 382 2579; x_wconf 71' lang='lat' dir='ltr'><strong>t.</strong></span> <span class='ocrx_word' id='word_1_261' title='bbox 597 2584 599 2589; x_wconf 16' lang='grc' dir='ltr'><strong>Α</strong></span> 
     </span>
    </p>

    <p class='ocr_par' dir='ltr' id='par_1_10' title="bbox 48 2602 872 2734">
     <span class='ocr_line' id='line_1_32' title="bbox 82 2602 872 2675; baseline -0.019 -14"><span class='ocrx_word' id='word_1_262' title='bbox 82 2614 113 2675; x_wconf 66' lang='grc' dir='ltr'><strong>(ἱ)</strong></span> <span class='ocrx_word' id='word_1_263' title='bbox 129 2617 176 2660; x_wconf 83' lang='lat' dir='ltr'><strong>Pru</strong></span> <span class='ocrx_word' id='word_1_264' title='bbox 189 2608 372 2671; x_wconf 74' lang='lat' dir='ltr'><strong>gratulandum</strong></span> <span class='ocrx_word' id='word_1_265' title='bbox 387 2609 513 2663; x_wconf 85' lang='lat' dir='ltr'><strong>sumptam,</strong></span> <span class='ocrx_word' id='word_1_266' title='bbox 526 2605 601 2660; x_wconf 81' lang='lat' dir='ltr'><strong>qualis</strong></span> <span class='ocrx_word' id='word_1_267' title='bbox 612 2608 648 2649; x_wconf 90' lang='lat' dir='ltr'><strong>est</strong></span> <span class='ocrx_word' id='word_1_268' title='bbox 659 2602 715 2649; x_wconf 83' lang='lat' dir='ltr'><strong>fides</strong></span> <span class='ocrx_word' id='word_1_269' title='bbox 729 2604 788 2663; x_wconf 86' lang='lat' dir='ltr'><strong>ipsa,</strong></span> <span class='ocrx_word' id='word_1_270' title='bbox 802 2603 872 2649; x_wconf 89' lang='lat' dir='ltr'><strong>etiam</strong></span> 
     </span>
     <span class='ocr_line' id='line_1_33' title="bbox 48 2665 858 2734; baseline -0.025 -12"><span class='ocrx_word' id='word_1_271' title='bbox 48 2678 198 2734; x_wconf 67' lang='lat' dir='ltr'><strong>peccaturis,</strong></span> <span class='ocrx_word' id='word_1_272' title='bbox 215 2684 267 2721; x_wconf 87' lang='lat' dir='ltr'><strong>mon</strong></span> <span class='ocrx_word' id='word_1_273' title='bbox 281 2682 325 2727; x_wconf 87' lang='lat' dir='ltr'><strong>pro</strong></span> <span class='ocrx_word' id='word_1_274' title='bbox 340 2668 416 2727; x_wconf 79' lang='lat' dir='ltr'><strong>gratia</strong></span> <span class='ocrx_word' id='word_1_275' title='bbox 428 2665 579 2721; x_wconf 73' lang='lat' dir='ltr'><strong>instituente.</strong></span> <span class='ocrx_word' id='word_1_276' title='bbox 686 2726 687 2734; x_wconf 15' lang='lat'>¹</span> <span class='ocrx_word' id='word_1_277' title='bbox 817 2716 819 2721; x_wconf 28' lang='grc' dir='ltr'>Ι</span> <span class='ocrx_word' id='word_1_278' title='bbox 855 2666 858 2671; x_wconf 86' lang='grc'><em>·</em></span> 
     </span>
    </p>

    <p class='ocr_par' dir='ltr' id='par_1_11' title="bbox 52 2728 872 2875">
     <span class='ocr_line' id='line_1_34' title="bbox 85 2728 872 2807; baseline -0.025 -14"><span class='ocrx_word' id='word_1_279' title='bbox 85 2746 117 2807; x_wconf 52' lang='grc' dir='ltr'><strong>βξ</strong></span> <span class='ocrx_word' id='word_1_280' title='bbox 141 2737 323 2805; x_wconf 77' lang='lat' dir='ltr'><strong>significantius</strong></span> <span class='ocrx_word' id='word_1_281' title='bbox 352 2745 377 2784; x_wconf 88' lang='lat' dir='ltr'><strong>et</strong></span> <span class='ocrx_word' id='word_1_282' title='bbox 400 2736 484 2797; x_wconf 80' lang='lat' dir='ltr'><strong>majori</strong></span> <span class='ocrx_word' id='word_1_283' title='bbox 511 2736 614 2793; x_wconf 88' lang='lat' dir='ltr'><strong>emphasi</strong></span> <span class='ocrx_word' id='word_1_284' title='bbox 634 2736 700 2792; x_wconf 74' lang='lat' dir='ltr'><strong>great</strong></span> <span class='ocrx_word' id='word_1_285' title='bbox 722 2753 727 2779; x_wconf 85' lang='lat'><strong>:</strong></span> <span class='ocrx_word' id='word_1_286' title='bbox 751 2728 872 2791; x_wconf 67' lang='grc' dir='ltr'><strong>θειιρχιιιιιι</strong></span> 
     </span>
     <span class='ocr_line' id='line_1_35' title="bbox 52 2806 654 2875; baseline -0.015 -17"><span class='ocrx_word' id='word_1_287' title='bbox 52 2810 155 2875; x_wconf 72' lang='grc' dir='ltr'><strong>ἀκτῖνα,</strong></span> <span class='ocrx_word' id='word_1_288' title='bbox 168 2815 241 2875; x_wconf 81' lang='lat' dir='ltr'><strong>quasi</strong></span> <span class='ocrx_word' id='word_1_289' title='bbox 256 2812 348 2858; x_wconf 74' lang='lat' dir='ltr'><strong>divino</strong></span> <span class='ocrx_word' id='word_1_290' title='bbox 359 2807 530 2867; x_wconf 72' lang='lat' dir='ltr'><strong>principalem</strong></span> <span class='ocrx_word' id='word_1_291' title='bbox 544 2806 654 2851; x_wconf 80' lang='lat' dir='ltr'><strong>rudium.</strong></span> 
     </span>
    </p>

    <p class='ocr_par' dir='ltr' id='par_1_12' title="bbox 47 2871 874 3003">
     <span class='ocr_line' id='line_1_36' title="bbox 90 2871 874 2948; baseline -0.029 -15"><span class='ocrx_word' id='word_1_292' title='bbox 90 2886 121 2948; x_wconf 75' lang='lat' dir='ltr'><strong>(tl</strong></span> <span class='ocrx_word' id='word_1_293' title='bbox 132 2891 183 2935; x_wconf 76' lang='lat' dir='ltr'><strong>lml</strong></span> <span class='ocrx_word' id='word_1_294' title='bbox 195 2886 281 2946; x_wconf 80' lang='lat' dir='ltr'><strong>ponus</strong></span> <span class='ocrx_word' id='word_1_295' title='bbox 294 2882 308 2927; x_wconf 78' lang='lat' dir='ltr'><strong>e</strong></span> <span class='ocrx_word' id='word_1_296' title='bbox 320 2892 453 2937; x_wconf 81' lang='lat' dir='ltr'><strong>converso,</strong></span> <span class='ocrx_word' id='word_1_297' title='bbox 470 2878 531 2933; x_wconf 78' lang='lat' dir='ltr'><strong>quen</strong></span> <span class='ocrx_word' id='word_1_298' title='bbox 545 2891 573 2923; x_wconf 84' lang='lat' dir='ltr'><strong>en</strong></span> <span class='ocrx_word' id='word_1_299' title='bbox 590 2888 642 2933; x_wconf 75' lang='lat' dir='ltr'><strong>pum</strong></span> <span class='ocrx_word' id='word_1_300' title='bbox 658 2876 792 2945; x_wconf 78' lang='lat' dir='ltr'><strong>uidentur,</strong></span> <span class='ocrx_word' id='word_1_301' title='bbox 804 2871 874 2934; x_wconf 77' lang='lat' dir='ltr'><strong>fidem</strong></span> 
     </span>
     <span class='ocr_line' id='line_1_37' title="bbox 47 2934 874 3003; baseline -0.036 -4"><span class='ocrx_word' id='word_1_302' title='bbox 47 2952 222 3003; x_wconf 73' lang='lat' dir='ltr'><strong>montalent,</strong></span> <span class='ocrx_word' id='word_1_303' title='bbox 245 2946 287 2994; x_wconf 79' lang='lat' dir='ltr'><strong>red</strong></span> <span class='ocrx_word' id='word_1_304' title='bbox 310 2944 481 3002; x_wconf 62' lang='lat' dir='ltr'><strong>aperitionem</strong></span> <span class='ocrx_word' id='word_1_305' title='bbox 498 2946 524 2984; x_wconf 88' lang='lat' dir='ltr'><strong>ut</strong></span> <span class='ocrx_word' id='word_1_306' title='bbox 542 2941 605 2985; x_wconf 82' lang='lat' dir='ltr'><strong>tom.</strong></span> <span class='ocrx_word' id='word_1_307' title='bbox 625 2940 710 2994; x_wconf 79' lang='lat' dir='ltr'>XXVI,</span> <span class='ocrx_word' id='word_1_308' title='bbox 737 2948 761 2978; x_wconf 90' lang='grc' dir='ltr'><strong>ιιι</strong></span> <span class='ocrx_word' id='word_1_309' title='bbox 787 2934 874 2981; x_wconf 71' lang='lat' dir='ltr'><strong>evang.</strong></span> 
     </span>
    </p>
   </div>
   <div class='ocr_carea' id='block_1_8' title="bbox 0 0 1000 3342">
    <p class='ocr_par' dir='ltr' id='par_1_13' title="bbox 0 0 1000 3342">
     <span class='ocr_line' id='line_1_38' title="bbox 0 0 1000 3342; baseline 0 5"><span class='ocrx_word' id='word_1_310' title='bbox 0 0 1000 3342; x_wconf 95' lang='lat' dir='ltr'><strong> </strong></span> 
     </span>
    </p>
   </div>
  </div>
 </body>
</html>
