1992 3342
137 165 183 210 131
346 169 407 206 nans
424 170 445 218 ι,
463 169 555 213 quasa.
573 170 612 218 xi,
630 170 684 205 anu.
703 171 720 205 u.

137 263 184 300 non
197 247 259 298 addit
281 246 380 309 aliquam
392 257 440 295 rem
454 256 522 308 supra
535 257 590 308 ens,
604 246 644 295 sed
657 243 770 306 significat
789 246 933 297 substantiam

137 321 211 382 entis,
222 321 289 383 prout
301 320 335 366 ast
347 314 458 377 indiuisa,
472 314 660 367 existimaverunt
670 315 703 367 sic
714 329 738 366 εε
751 316 836 366 babere
849 318 876 367 dc
889 331 934 369 uun

137 394 198 458 quud
213 394 248 442 εει
260 388 397 469 principium
411 388 514 447 numcni;
528 392 553 439 ει
565 388 618 452 quia
632 401 739 438 uumerus
751 389 891 453 componitur
907 405 934 441 cx

137 462 277 526 unitatibus,
288 446 431 511 credidc'runt
439 461 499 525 quud
508 460 599 511 numeri
607 463 682 511 assant
693 461 823 511 substantia
837 462 936 513 omnium

137 549 222 586 reruni.
239 532 383 584 Eccntraric
395 536 472 582 autem
485 530 615 593 avicenna,
633 530 780 581 considerans
795 530 854 596 qudd
867 546 936 583 unum

138 609 198 670 quud
220 611 255 656 est
274 604 412 670 principium
430 603 520 654 numeri
537 603 599 652 addit
619 602 717 665 aliquam
736 616 784 653 uem
800 616 867 666 supra
886 604 938 655 sub

138 675 244 727 stantiam
257 676 317 726 cutis
330 674 405 741 (alias
421 688 529 725 numerus
548 686 577 723 cx
598 671 721 723 unitatibus
737 672 873 738 compositus
892 690 939 727 ncn

138 753 199 798 εεεει
210 747 298 811 species
309 742 459 811 quantitatis),
472 744 570 794 credidit
580 742 640 806 qubd
650 756 721 793 unum
731 746 791 807 quod
801 746 940 797 convertitur

138 833 190 868 cum
208 822 279 879 εειε,
293 816 359 866 addat
371 829 420 865 nem
433 814 533 878 aliquam
545 827 613 878 super
626 814 773 865 substantiam
789 816 861 878 ands,
880 817 940 868 sicut

139 891 212 940 album
234 900 303 952 supra
322 886 448 937 bominem.
468 886 513 937 Sed
531 887 575 936 lucc
596 884 715 937 manilasld
729 886 810 936 falsum
824 890 871 950 est,
886 890 941 953 quia

139 959 246 1024 qualibet
256 971 292 1009 res
304 961 340 1008 εει
351 971 397 1007 uua
405 971 446 1021 per
454 970 518 1007 suam
531 957 687 1007 substantiam.
698 956 723 1007 Si
732 957 794 1008 enim
804 970 844 1022 per
855 958 941 1023 aliquid

139 1031 200 1080 aliud
216 1032 276 1079 εεεει
288 1041 335 1077 una
348 1027 456 1090 qualibet
467 1041 518 1089 res,
533 1026 584 1075 cum
606 1026 660 1077 illud
678 1027 760 1079 itanum
778 1027 807 1077 sit
818 1042 907 1093 unum,
920 1033 942 1081 si

138 1103 199 1151 essct
207 1099 292 1149 iterum
303 1112 374 1149 nuum
386 1112 428 1163 εει
441 1098 527 1163 aliquid
541 1097 616 1160 aliud,
628 1102 689 1149 εεεει
702 1098 764 1149 abira
777 1098 802 1149 in
815 1098 939 1151 inlinitum.

138 1173 202 1222 Unda
220 1170 324 1221 standum
343 1170 420 1220 estin
437 1169 519 1235 primo.
541 1168 579 1219 Sic
596 1168 665 1231 igitur
678 1168 799 1219 dicendum
813 1174 860 1232 εει,
880 1171 942 1235 qubd

137 1256 208 1291 unum
226 1243 285 1305 qnod
310 1241 449 1291 convertitur
469 1254 521 1290 cum
542 1243 609 1302 enta,
628 1253 674 1289 non
692 1240 753 1291 addit
774 1239 873 1303 aliquam
891 1256 942 1293 ram

136 1325 205 1376 supra
217 1325 272 1376 cus;
286 1312 407 1363 selmum
415 1311 476 1375 qucd
485 1314 520 1360 εει
530 1310 670 1375 principium
682 1310 771 1361 numani
781 1311 843 1361 addit
854 1311 943 1377 aliquid
986 1328 987 1353 ³

137 1397 204 1448 supra
217 1397 271 1447 cns,
286 1384 314 1434 ad
327 1396 399 1445 genus
411 1380 544 1445 quantitatis
561 1380 688 1444 pertinens.

140 1498 143 1503 .
169 1453 488 1514 alumnumalumnum,
503 1450 564 1515 qubd
582 1450 640 1501 nihil
656 1451 763 1516 prohibet
781 1451 804 1501 id
824 1454 885 1515 quud
906 1462 944 1505 εει

138 1539 184 1576 unc
197 1524 265 1576 mado
281 1524 391 1585 divisum,
409 1536 459 1573 εεεε
472 1522 518 1572 alic
531 1521 598 1574 modo
609 1522 746 1586 indivisum
760 1522 821 1573 sicut
833 1526 894 1587 quod
907 1532 945 1577 est

139 1596 236 1645 divisum
252 1607 365 1655 numero,
387 1597 423 1643 εει
443 1592 565 1643 indivisum
582 1593 705 1643 secundum
723 1594 825 1657 speciem
843 1610 848 1643 ι
869 1599 945 1648 sisic

140 1665 253 1727 contingit
266 1664 351 1727 aliquid
361 1677 410 1714 esse
421 1678 467 1714 uun
481 1664 548 1713 mado
562 1677 647 1726 unum,
662 1664 707 1714 alio
719 1665 785 1715 mado
801 1666 880 1717 multa.
896 1668 945 1720 Sed

140 1744 217 1787 nmen
240 1736 260 1786 ει
281 1735 311 1785 ειι
327 1734 450 1784 indivisum
467 1734 617 1797 simpliciter,
633 1735 672 1785 vel
689 1735 742 1798 quia
760 1740 795 1785 εει
817 1736 946 1791 indivisam

140 1810 264 1858 secundum
277 1805 300 1854 id
313 1805 374 1868 quod
386 1805 486 1868 perimet
499 1805 528 1854 ad
541 1804 663 1855 essentiam
676 1806 719 1868 rei,
733 1807 787 1859 licet
800 1808 830 1859 sit
842 1808 945 1862 divisum

140 1883 249 1942 quantum
264 1878 293 1927 ad
306 1889 333 1927 ca
350 1888 401 1940 qua
414 1880 468 1926 suut
480 1880 544 1927 cntra
556 1876 678 1927 essentiam
692 1878 739 1940 rai,
753 1878 811 1931 sicut
828 1881 889 1943 quud
908 1888 946 1933 εει

140 1966 211 2001 unum
228 1950 330 2015 subjecto
349 1956 373 1998 ει
389 1949 461 1999 ιεειιε
478 1949 602 1999 secuudum
622 1948 762 2014 accidentia;
778 1952 816 2002 val
835 1952 890 2016 quia
909 1962 947 2005 εει

140 2022 262 2073 indivisum
281 2021 306 2072 iu
329 2023 394 2082 actu,
409 2024 433 2071 ει
453 2020 551 2070 divisum
572 2019 597 2069 in
616 2021 734 2084 potantia,
749 2021 809 2073 sicut
830 2025 892 2087 quod
909 2032 948 2077 εει

140 2107 211 2144 unum
223 2096 271 2143 tcta
285 2096 309 2143 ct
321 2091 392 2142 multa
403 2091 527 2142 secuudum
540 2094 634 2155 partas:
650 2091 780 2155 hujusmodi
793 2097 860 2144 crunt
871 2108 948 2147 unum

139 2163 272 2227 simplicitas
282 2166 306 2213 ει
318 2163 389 2212 multa
399 2162 524 2212 secundum
533 2161 595 2225 quid.
608 2161 633 2211 Si
645 2161 701 2212 vend
710 2162 795 2227 aliquid
806 2163 819 2213 d
832 2178 949 2219 convcusc

139 2234 169 2285 sit
181 2232 304 2283 indivisum
324 2233 448 2285 secuudum
465 2232 520 2295 quid
537 2235 562 2282 et
580 2232 677 2283 divisum
697 2232 847 2298 simplicitas,
864 2241 949 2301 utpute

140 2304 194 2368 quia
206 2307 242 2354 εει
258 2303 356 2353 divisum
368 2304 493 2354 secundum
507 2302 639 2365 essentiam,
651 2306 675 2353 ει
685 2304 808 2355 indivisum
819 2310 951 2360 secundum

139 2376 265 2437 rationem,
278 2375 316 2425 val
327 2376 453 2425 secundum
470 2374 608 2439 principium
621 2374 670 2424 siva
682 2388 782 2440 cansam,
795 2381 862 2427 crunt
873 2381 951 2435 mulla

140 2531 250 2576 omnium
265 2527 502 2584 condiscendumque
519 2532 575 2573 text.
593 2526 617 2587 a,
632 2528 681 2574 siva
697 2540 749 2586 cap.
765 2529 790 2590 u,
804 2532 844 2577 ubi
859 2532 948 2581 dicun-

138 2599 176 2638 tur
189 2602 281 2648 quoquc
294 2591 438 2647 Pythagorici
456 2590 574 2635 censuisse
594 2590 656 2645 qudd
673 2592 811 2638 imitatione
829 2606 954 2643 scamaro-

139 2666 198 2699 raaua
219 2654 302 2697 amaia
317 2654 367 2697 aiat
385 2652 469 2706 cutim
484 2652 550 2697 Plato
571 2658 648 2697 autem
672 2654 733 2709 qudd
750 2656 952 2714 participatione

140 2738 300 2771 amarorum
310 2726 359 2771 salo
375 2724 468 2769 nominc
482 2724 617 2784 immutata,
630 2736 713 2783 nempe
728 2716 835 2785 μῖμησει,
851 2728 898 2773 boc
912 2738 952 2775 εει

141 2798 278 2844 {misaam
297 2809 338 2855 pro
356 2785 458 2857 μετεῖει,
478 2795 523 2839 hoc
542 2802 578 2839 εει
596 2797 801 2857 participatione,
822 2806 848 2845 ut
870 2804 954 2857 expri-

142 2860 263 2907 miluribi.
