1992 3342
221 267 381 308 prensuras
397 271 423 308 rs
438 268 635 320 mnaanrmrs,
651 269 704 310 are.
816 256 865 309 tet

65 345 222 400 mmmsert
229 349 317 397 remoto
326 360 368 411 per
378 347 517 399 intellectum
527 346 612 399 lPalre
622 347 682 413 qnbd
692 346 723 399 sit
734 348 867 413 inperitos

63 417 100 468 sel
111 419 226 481 spirens,
245 423 347 468 remanet
359 419 491 483 hypostasis
507 420 544 471 vel
557 432 653 484 perenm
666 419 752 483 Patris3
767 421 807 469 setl
823 432 864 469 re

63 486 125 538 mota
138 488 275 553 proprietate
287 491 402 553 personali
417 503 458 562 per
471 490 620 554 intellectum,
633 490 719 542 tollitur
732 490 863 541 intellectus

64 560 195 625 hypostasis
211 576 217 609 :
229 562 346 620 nonenim
358 562 510 627 proprietates
521 564 652 627 personales
664 562 697 612 sle
707 562 865 625 intelliguntur

64 631 173 682 advenire
187 633 346 696 hypostatibus
363 632 447 683 (lirinis
455 670 463 696 ,
480 632 539 683 sieta
552 633 623 683 lorma
638 634 742 697 subjecto
756 634 864 697 praeexis-

65 704 138 767 tenti3
154 705 196 754 seh
208 720 223 751 a
236 704 313 755 lerunt
328 717 405 755 seeum
416 718 460 761 ,sua
473 704 592 769 supposita
598 741 607 768 ‚
620 720 635 751 n
648 705 673 754 in
689 708 800 769 quantum
811 707 867 755 sunt

65 776 121 839 ipse
134 788 242 840 persone
257 776 425 840 subsistentes,
441 776 500 827 sirm
512 776 637 841 paternitas
654 780 690 827 est
707 776 757 840 ipse
778 780 842 841 pater
857 792 864 826 :

64 848 198 924 hypostasis
209 848 271 900 enim
285 848 401 913 signifieat
416 848 501 913 ahquid
516 847 649 899 distinctum
658 848 684 897 in
697 848 782 898 limais
790 882 798 912 ,
814 847 866 898 ebur

64 920 197 983 hypostasis
211 919 243 970 sit
256 920 386 974 substantia
396 919 522 975 individua.
540 918 595 971 Cirnr
607 917 676 983 igitur
685 920 764 970 relatio
776 918 806 969 sit
815 932 867 983 que

64 990 186 1057 distinguit
196 992 333 1057 hypostases
344 996 368 1042 et
382 991 513 1053 constitnit,
528 995 554 1041 ut
567 992 653 1041 dimum
671 994 718 1054 est,
732 990 868 1055 relinquitur

64 1060 125 1125 qnbd
137 1062 291 1114 relationibus
301 1064 458 1127 personalibus
465 1063 561 1113 remotis
571 1076 613 1126 per
622 1062 764 1113 intellectum
775 1074 820 1113 uon
830 1076 867 1115 re-

65 1138 175 1183 maneant
185 1136 331 1199 hypostases.

97 1206 142 1255 Sed
159 1205 236 1271 (sieut
246 1204 330 1256 dimum
343 1206 396 1269 est)
408 1206 477 1271 aliqui
491 1207 572 1257 dieunt
582 1205 642 1270 qubd
656 1208 791 1270 hypostases
800 1207 824 1257 in
834 1207 869 1258 li·

64 1276 126 1327 vinis
135 1290 184 1327 non
195 1277 366 1341 distinguuntur
376 1292 418 1342 per
425 1278 556 1341 relationes,
567 1279 607 1329 sel
616 1290 656 1343 per
663 1278 735 1329 solam
746 1278 865 1341 originem3

64 1352 90 1396 nt
104 1346 247 1409 intelligatur
264 1352 329 1399 Pater
345 1364 397 1401 esse
414 1348 545 1414 hypostasis
563 1350 666 1413 quaedam
686 1362 728 1413 per
746 1350 789 1399 hoe
805 1348 869 1413 qobtl

66 1422 165 1469 nonest
177 1418 210 1467 ob
220 1418 290 1483 olio,
304 1420 376 1471 Filius
391 1424 468 1471 autem
479 1434 521 1484 per
533 1421 578 1469 hoe
591 1418 653 1484 qubd
662 1423 700 1469 est
714 1420 745 1470 ab
763 1418 813 1469 olto
826 1434 869 1485 per

66 1490 252 1556 generationem,
265 1492 305 1542 setl
315 1492 439 1544 relationes
447 1488 595 1543 aduenientes
606 1491 671 1555 quasi
681 1491 831 1557 proprietates
840 1493 869 1542 ad

66 1563 205 1626 lignitatem
215 1563 366 1628 anentes,
375 1564 517 1615 constituunt
530 1563 643 1614 rabonem,
652 1564 831 1629 peraonae,an‹le
845 1568 870 1614 et

63 1634 210 1697 personales
220 1634 328 1684 dicuntur
341 1637 416 1687 :rende
428 1636 521 1686 remotis
527 1634 660 1699 hujusmodi
670 1636 819 1687 relationibus
827 1649 869 1701 per

66 1707 210 1757 intehsetum
216 1742 225 1769 ,
235 1711 357 1758 remanent
370 1708 461 1771 quidem
473 1706 628 1772 hypostases,
644 1708 685 1758 sed
698 1720 745 1757 non
757 1720 870 1773 personae.

67 1779 112 1829 Sed
126 1780 232 1829 hoe-uon
245 1781 394 1843 potest-esse,
404 1784 496 1844 propter
509 1780 553 1829 duo
566 1794 571 1827 :
586 1778 669 1844 primi,
685 1779 737 1843 qnia
748 1776 870 1829 relationes

67 1852 216 1914 distinguunt
232 1853 257 1900 et
274 1850 413 1902 constituunt
428 1853 579 1917 hypostases,
593 1854 619 1901 at
636 1854 753 1901 ostensum
769 1860 819 1915 est3
835 1864 872 1901 se-

66 1922 159 1987 eundo,
172 1923 228 1986 qnia
241 1922 315 1973 omnis
326 1925 459 1988 hypostasis
471 1926 558 1975 nature
572 1922 691 1974 rationalis
710 1927 745 1973 est
758 1934 869 1988 persona,

66 1999 93 2045 ut
107 1999 175 2059 patet
187 2008 230 2059 per
245 1994 405 2046 diffinitionem
420 1996 493 2047 boetii
511 1994 608 2045 dicentis
622 1994 683 2059 quot
696 2012 709 2043 a
725 2008 823 2059 persona
835 1998 873 2047 est

66 2067 187 2117 rationahs
199 2070 287 2117 naturae
300 2067 413 2117 indiuidua
427 2065 551 2118 substantia
562 2065 608 2133 (l).
621 2066 708 2117 »Unde
719 2066 745 2115 ad
758 2064 803 2115 hoe
811 2065 872 2130 quor

67 2143 131 2189 esset
143 2138 279 2203 hypostasis
291 2143 315 2189 et
333 2152 381 2189 non
394 2149 503 2203 persona,
516 2142 631 2203 oporteret
645 2132 747 2188 abstrahi
765 2150 794 2187 ex
808 2138 871 2203 parte

12 2211 13 2228 ¹
68 2213 160 2261 nature
171 2207 363 2274 rationalitatem,
377 2223 424 2261 uon
435 2213 510 2262 autem
524 2223 552 2261 ex
567 2213 632 2275 parte
648 2220 753 2275 persone
766 2208 872 2285 proprie7

69 2284 153 2331 tatem.
851 2284 855 2296 ‘

102 2355 138 2404 ad
150 2354 250 2419 ponium
263 2367 318 2417 ergo
334 2354 470 2418 (limatum,
482 2352 542 2419 quid
555 2364 653 2419 persona
665 2366 711 2404 non
731 2352 799 2405 aldit
807 2366 876 2424 supra

69 2425 216 2489 hypostasim
228 2425 392 2490 proprietatem
402 2426 590 2489 distinguentem,
601 2424 713 2489 absolute,
724 2426 764 2475 sed
772 2426 877 2489 proprie·

68 2502 142 2548 tatem
154 2498 335 2561 distinguentem
347 2499 377 2548 ad
389 2498 522 2562 dignitatem
536 2496 689 2562 pertinentem
705 2512 710 2546 :
726 2500 799 2547 totum
814 2497 876 2547 enim

68 2570 115 2618 hoo
128 2572 165 2620 est
176 2569 335 2633 accipiendum
343 2570 393 2620 loeo
408 2570 479 2620 unius
489 2568 634 2621 differentis.
651 2566 683 2619 hh
695 2568 828 2631 dignitatem
837 2582 877 2619 an-

67 2648 118 2692 tem
125 2641 232 2706 pertinet
239 2641 369 2706 proprietas
377 2642 530 2705 distinguens,
541 2640 667 2691 seeundhm
676 2638 737 2705 qubd
744 2638 879 2703 intelligitur

69 2713 205 2764 subsistens
213 2712 240 2761 in
249 2717 330 2763 natura
342 2712 458 2764 rationali:
471 2714 534 2763 llnde
548 2710 636 2764 remoti
649 2710 788 2777 proprietate
799 2711 879 2762 distin-

69 2789 159 2846 ouente
172 2783 294 2848 ipersona
301 2822 310 2848 ,
319 2798 365 2834 nou
380 2788 483 2835 remanet
492 2782 641 2849 hypostasis3
657 2784 697 2833 sed
712 2786 849 2845 remaneret,
859 2783 880 2832 si

68 2854 194 2907 tolleretur
203 2854 345 2907 mtionslitas
357 2859 460 2907 natum:
472 2856 591 2907 tamenim
603 2852 777 2919 petraniquam
793 2855 882 2919 hypos«

105 2991 139 3062 (¹)
155 2996 188 3047 Ut
201 3006 244 3058 ‘1¹¹-
256 2992 301 3059 2⁹,
315 3001 360 3047 art.
373 2972 439 3060 hex
450 2992 557 3058 preleaso
573 2992 668 3047 definita
681 3000 727 3044 est.
