1992 3342
315 230 347 267 aa
363 230 404 267 nni
422 230 629 268 ιιιιιιιτιιιιιιιιιι.
822 223 874 285 ‚ite

73 311 130 362 tialis
148 307 266 372 ipsorum)
279 310 304 357 et
320 310 434 370 quantum
445 307 474 356 ad
486 320 536 357 esse
551 308 703 371 aooidentale,
718 306 875 369 sisubjeetum

71 378 219 445 compatiatur
224 391 304 428 mum
311 378 466 441 privationem
473 378 596 428 assidentis
604 394 611 441 ·,
619 378 677 428 siem
686 380 730 428 boe
738 378 875 441 subjeetum,

67 455 148 513 bono,
161 447 306 512 oompatitur
318 462 398 499 meum
417 462 465 498 non
478 448 554 498 album
562 486 571 512 ,
593 452 616 499 et
634 450 688 499 ideo
705 452 780 513 potest
794 447 876 498 mutari

73 524 99 571 de
111 522 159 571 albo
171 521 197 570 in
210 534 260 571 non
273 521 361 570 alborm
378 520 404 570 Si
415 519 472 569 verb
486 520 516 569 sit
535 521 581 570 tale
595 521 712 583 assidens,
726 522 786 584 quod
798 534 877 571 eonse-

77 595 152 653 qoatur
162 591 279 655 principia
290 590 424 641 essentialia
434 590 544 653 subjecti,
559 590 656 653 privatio
675 592 736 641 illius
755 590 878 641 assidentis

78 662 129 722 loon
143 666 218 725 potest
230 664 295 712 stare
307 676 362 711 eum
371 661 492 724 mbjeoto3
508 662 567 712 unde
587 662 712 725 subjeetum
736 675 783 714 nou
804 665 879 726 potest

77 732 154 781 mamni
173 734 299 783 meandum
320 731 379 781 illud
397 732 519 794 assidens,
537 732 595 782 siem
614 733 654 782 nir
671 747 716 783 non
735 736 811 797 potest
828 732 879 782 iteri

76 801 143 865 nigra.
157 804 185 852 ln
202 803 339 867 emporibus
350 803 408 853 verb
426 804 557 854 smlestibos
568 804 664 855 materia
677 818 722 855 non
742 805 879 867 compatitur

74 887 146 924 ιωιιιιι
157 874 314 938 privationem
332 875 429 936 formae,
443 875 496 937 quia
517 876 589 925 torma
604 875 693 939 pertinit
711 878 783 926 totam
796 878 879 939 poten-

74 944 189 995 tialitatem
200 944 321 995 materia:
331 949 356 995 et
362 946 416 995 ideo
428 959 474 995 non
487 950 540 995 suat
554 946 672 997 mutabilia
689 947 813 997 seeundum
821 960 877 996 *esse

75 1016 230 1079 substantiale,
245 1017 288 1067 sed
305 1017 431 1066 seeundum
444 1018 593 1080 semiobulo,
608 1018 662 1081 quia
673 1016 801 1082 subjeetum
818 1030 879 1069 oom-

74 1085 154 1146 patitur
167 1100 246 1136 mum
260 1088 417 1150 privationem
432 1087 502 1151 nujus
514 1088 572 1151 loci,
592 1090 630 1139 vel
648 1088 717 1139 illius.
740 1088 878 1138 Substantia

76 1154 128 1204 verb
139 1156 297 1221 incorporea,
311 1158 366 1220 quia
381 1162 434 1207 sunt
447 1158 503 1219 ipsa
515 1159 592 1209 formae
606 1159 755 1209 subsistentes
767 1159 815 1223 (t),
828 1172 878 1221 qua

76 1228 148 1275 amen
155 1241 179 1276 se
189 1228 279 1276 babent
290 1227 319 1276 ad
330 1241 381 1276 esse
396 1227 495 1289 ipsarum
506 1228 565 1277 sieut
578 1228 681 1290 potentia
693 1230 721 1277 ad
732 1232 816 1290 aetum,
831 1241 877 1278 nou

75 1297 239 1360 compatiuntur
252 1310 334 1347 semim
346 1296 582 1360 privationsmiiujus
599 1303 675 1360 aetus;
691 1298 744 1359 quia
760 1312 810 1348 esse
824 1312 877 1349 eon-

75 1366 388 1430 mammaemammal
396 1366 557 1431 corrumpitur,
568 1367 613 1417 nisi
620 1380 662 1430 per
670 1369 715 1416 boe
723 1368 783 1429 quod
792 1368 876 1417 amittit

78 1437 176 1487 arnam.
190 1438 257 1488 Unde
276 1438 302 1486 in
313 1438 365 1500 ipsa
375 1438 448 1487 torma
460 1451 507 1487 nou
518 1442 553 1487 est
563 1438 667 1501 potentia
680 1438 709 1486 ad
723 1451 769 1487 uon
783 1450 841 1500 esse,
855 1442 878 1487 et

73 1507 123 1556 ideo
144 1508 278 1571 hujumodi
297 1507 429 1560 susanae
452 1512 506 1557 sunt
521 1508 674 1559 immutabiles
692 1513 716 1558 et
733 1509 878 1560 invariabiles

76 1579 194 1627 meandum
204 1593 257 1629 esse
271 1594 278 1627 ι
294 1583 319 1629 et
333 1580 379 1629 boo
390 1579 496 1642 estquod
512 1579 567 1629 dicit
580 1579 671 1644 Dionys.
687 1581 724 1630 lv.
736 1580 769 1645 (t)
782 1594 832 1644 cap.
848 1581 878 1630 de

72 1648 121 1698 div.
146 1653 224 1701 Nom,
247 1649 310 1713 qubd
331 1650 463 1699 substantia
482 1650 647 1701 intellectuales
666 1656 761 1715 ereata,
785 1654 876 1703 mundae

74 1725 125 1769 sunt
135 1720 149 1769 'a
160 1721 312 1783 generatione
321 1724 346 1770 et
356 1722 386 1770 ab
395 1720 458 1770 omni
466 1721 604 1785 variatione,
615 1722 673 1772 daut
686 1722 839 1787 inoorporales
853 1726 877 1773 et

72 1790 250 1853 immaterialem
262 1792 304 1841 sed
318 1794 397 1841 tamen
406 1794 510 1841 remanet
524 1791 549 1841 iu
562 1792 595 1843 eis
614 1793 696 1857 duplex
715 1794 853 1844 mutabilitas
869 1810 875 1842 ι

69 1875 112 1912 una
121 1863 252 1913 meandum
267 1862 329 1925 qnod
346 1864 401 1911 sunt
415 1860 442 1910 in
460 1862 562 1924 potentia
575 1864 604 1912 ad
618 1864 702 1926 finem,
719 1868 743 1913 et
758 1864 792 1913 sie
805 1868 840 1913 est
853 1865 877 1913 in

67 1933 100 1982 eis
114 1934 262 1983 mutabilitas
283 1933 409 1982 seeundum
423 1932 558 1983 electionem
578 1934 605 1983 de
622 1935 683 1985 bono
697 1935 723 1983 in
740 1935 838 1996 malum,
853 1940 878 1985 ut

65 2004 190 2054 Damasum
203 2003 261 2053 dioit
273 2019 279 2052 :
297 2002 341 2053 alia
353 2002 478 2065 meandum
490 2004 574 2066 locum,
589 2004 733 2067 inquantum
743 2003 827 2053 virtute
837 2018 876 2055 sna

65 2075 131 2126 linita
144 2077 244 2139 possunt
257 2074 372 2137 attingere
386 2074 491 2137 quaedam
502 2076 566 2136 losa,
582 2087 632 2138 qua
643 2074 706 2137 prius
723 2087 769 2125 ιιοιι
781 2075 878 2140 attinge-

65 2147 133 2209 bant;
148 2146 212 2209 quod
231 2146 261 2195 de
274 2147 322 2195 ileo
333 2145 379 2195 diei
392 2158 440 2195 non
457 2148 549 2209 potest,
563 2144 603 2208 qui
618 2158 660 2195 sua
678 2142 789 2196 infinitate
801 2148 877 2199 omnia

65 2217 114 2266 loca
127 2217 205 2281 replet
208 2254 218 2279 ‚
232 2209 339 2279 utsupra
350 2215 437 2266 dietum
449 2219 492 2266 est.

94 2286 133 2337 Sia
152 2287 226 2349 igitur
245 2286 271 2335 in
285 2286 349 2336 omni
361 2288 466 2336 ereatura
480 2289 516 2336 est
539 2285 641 2349 potentia
659 2288 688 2337 ad
702 2288 851 2340 mutationem
870 2308 875 2339 ι

64 2358 102 2406 vel
119 2358 252 2408 seeundum
276 2370 326 2407 esse
346 2356 511 2418 substantiale,
526 2357 585 2407 siout
599 2370 692 2421 corpora
705 2360 875 2425 corruptibilia5

95 2474 128 2536 (t)
142 2479 246 2532 Propter
261 2475 412 2521 intrinsecam
425 2473 570 2519 identitatem
582 2476 693 2531 suppositi
708 2489 788 2522 earnm
799 2484 823 2523 et
837 2492 879 2523 na·

66 2543 139 2596 toras,
157 2544 273 2593 utsupra
288 2536 412 2595 questa,
428 2542 471 2581 art.
487 2536 510 2593 3,
526 2542 629 2581 notatum
645 2544 689 2583 eet.

96 2597 130 2658 (ἱ)
140 2602 197 2646 iton
209 2597 250 2656 lo,
261 2604 287 2643 nt
297 2599 361 2655 pribs
373 2598 471 2655 passim,
484 2598 589 2653 quamvis
602 2600 763 2644 emendaretur
777 2599 805 2643 ad
817 2611 881 2643 mar-

65 2661 142 2714 ginem
159 2680 167 2706 z
188 2662 273 2718 quidni
289 2667 366 2707 autern
378 2662 404 2705 in
421 2656 506 2705 textu?
519 2670 588 2717 snper
602 2658 632 2705 10
648 2668 727 2705 tamen
742 2666 823 2717 capnt,
838 2662 877 2705 ubi

66 2722 144 2769 mvinn
163 2724 288 2769 aeternitas
303 2729 328 2767 et
346 2723 522 2768 immutabilitas
543 2722 694 2780 interibilem,
710 2723 819 2767 observat
835 2724 878 2765 Pa-

67 2783 190 2839 tbynerea
212 2798 264 2831 aevo
279 2787 374 2842 angelos
393 2790 418 2829 et
437 2785 525 2829 animas
542 2785 653 2829 humanas
666 2784 793 2828 mensurari
802 2782 891 2839 ,onia

72 2854 124 2890 snut
132 2850 254 2895 interitus
265 2848 402 2900 immotam
413 2846 551 2902 participare
564 2852 640 2891 autern
654 2852 772 2901 tempore,
788 2844 841 2897 quia
856 2842 878 2883 in

69 2919 221 2967 amadeus
235 2924 364 2962 cernuntur
379 2915 411 2974 (εν
419 2908 528 2976 pavisset,
541 2917 585 2961 hoe
596 2922 631 2961 est
642 2914 799 2971 productione.
811 2924 812 2927 ¹
