1992 3342
229 221 536 267 cenomannicorum
551 224 715 269 mmonnnn.
821 214 867 267 itit

373 382 530 437 inuenitis
543 386 572 435 11.

162 498 248 543 Utrum
257 498 336 543 missio
345 499 376 543 rit
386 502 474 544 eterna
482 501 520 545 cel
530 500 663 558 temporetis
673 500 776 547 tactim.

108 614 143 665 it
153 617 278 665 secundum
292 616 324 669 sic
337 616 465 681 proceditur
477 620 518 679 tt).
533 614 626 669 Virietnr
639 617 699 681 qnod
712 617 788 671 missio
801 614 871 685 possit

72 694 124 738 esse
142 690 237 738 eterne.
253 688 312 737 Dicit
326 688 387 738 enirn
395 686 533 750 Gregorius:
548 690 605 744 «Eo
622 688 718 740 mittitur
730 690 799 741 Filius
810 690 871 755 quod

73 762 195 821 generatur
206 758 249 824 (2).
259 775 272 804 n
285 758 328 809 Sed
339 758 454 821 generatio
462 758 515 807 iiiii
524 763 558 809 cst
568 762 652 811 aeterna
665 775 670 809 ε
683 774 736 823 ergo
750 762 772 812 et
783 760 869 811 missio.

105 834 133 881 2.
147 830 276 892 Praeterea,
286 829 413 892 cuicunque
423 829 531 881 conuenit
545 830 628 893 aliquid
640 830 802 894 temporaliter,
817 830 871 881 iliud

72 904 185 950 mutatur.
197 902 242 949 Sed
252 914 349 965 persona
358 901 436 951 divina
448 914 494 952 non
506 902 605 951 mutatur
615 916 621 950 r
632 916 685 965 ergo
696 902 772 953 missio
786 902 870 952 divine

72 986 176 1036 persone
189 985 235 1021 non
249 975 283 1023 est
295 968 439 1036 temporalis,
453 975 493 1024 sed
507 977 600 1025 eterna.

106 1049 130 1095 ³.
145 1044 273 1108 morea,
292 1042 369 1110 missio
382 1046 550 1110 processionem
565 1045 680 1111 importat.
696 1042 741 1095 Sed
757 1044 871 1109 processio

71 1110 203 1166 diuinarum
213 1127 362 1180 personarum
375 1122 409 1167 est
420 1121 506 1169 eterna
523 1130 529 1166 :
546 1128 599 1181 ergo
612 1118 636 1169 et
649 1112 734 1167 missio.

103 1188 150 1238 Sed
166 1192 247 1237 contra
263 1191 310 1251 est,
321 1190 381 1251 quod
395 1188 476 1239 cicitur
489 1184 586 1251 Galat,
597 1190 626 1239 tv
639 1205 645 1239 r
656 1202 670 1237 u
680 1187 736 1239 Cium
746 1184 811 1238 uenit
823 1189 872 1253 pie

72 1259 154 1310 nitndo
167 1258 293 1323 temporis,
311 1259 375 1309 misit
392 1262 452 1311 Deus
465 1260 548 1311 Filium
558 1273 632 1309 suum.
642 1276 656 1307 »

103 1330 265 1395 (Concessio.
275 1358 306 1367 -
316 1330 392 1382 Missis
406 1335 485 1383 contra
504 1332 673 1397 generationem
688 1334 712 1381 et
725 1328 872 1395 spirationem

71 1402 195 1465 distincta,
209 1398 341 1467 temporalis
356 1400 416 1465 est.)

104 1473 242 1537 Resporm
253 1473 389 1537 dicendum,
402 1469 463 1537 quod
475 1471 501 1524 in
511 1470 549 1525 his
561 1487 612 1539 quar
624 1474 748 1539 important
763 1468 875 1536 originem

69 1544 202 1595 divinarum
219 1555 379 1608 personarum,
391 1548 425 1595 est
438 1546 542 1609 quedam
561 1545 690 1597 differentia
707 1542 844 1595 attendenda
867 1557 873 1591 ε

72 1616 179 1681 quedam
191 1614 254 1665 enim
267 1616 292 1666 in
306 1629 347 1666 sua
358 1615 525 1681 significatione
535 1617 659 1682 important
670 1616 742 1667 solam
759 1612 876 1665 habitudi-

72 1701 127 1738 nem
145 1687 175 1737 ad
190 1684 341 1751 principium.
354 1691 380 1736 ut
397 1690 522 1752 processio
538 1688 562 1739 et
582 1689 683 1752 exitus;
701 1686 806 1753 quedam
821 1682 875 1735 uero

73 1774 125 1809 cum
142 1757 277 1811 habitudine
293 1759 322 1810 ad
334 1754 470 1825 principium
482 1756 635 1811 determinant
655 1758 805 1823 processionis
823 1759 875 1807 ter-

73 1842 172 1878 minum.

105 1902 208 1960 Quorum
218 1896 321 1961 quaedam
332 1899 485 1950 determinant
495 1898 619 1949 terminum
629 1904 754 1960 eternum,
766 1898 824 1947 sicut
833 1910 874 1960 pe·

73 1971 175 2019 ceratio
187 1974 212 2020 et
219 1972 348 2034 spiratio:
359 1983 416 2020 nam
426 1970 543 2033 generatio
556 1974 591 2021 est
600 1969 714 2034 processio
729 1967 811 2018 divine
822 1980 875 2031 pcr-

73 2054 137 2091 sonae
146 2040 171 2090 in
185 2044 290 2091 naturam
300 2040 414 2103 diuinam3
424 2045 447 2091 et
460 2040 554 2106 spiratio
564 2037 652 2106 passive
663 2043 757 2103 accepta
766 2038 874 2101 importat

73 2112 249 2175 processionem
256 2113 338 2165 amoris
351 2112 502 2165 subsistentis.
522 2113 631 2173 Quodam
643 2110 698 2163 uero
715 2124 767 2160 cum
782 2108 873 2159 habitu·

74 2184 130 2234 dine
148 2185 178 2234 ad
196 2184 334 2248 principium
349 2183 474 2248 important
494 2184 616 2233 terminum
634 2182 795 2245 temporalem,
817 2181 876 2231 sicut

74 2256 168 2305 messio
180 2259 204 2306 et
216 2256 309 2306 detio:
323 2257 422 2307 mittitur
433 2256 494 2306 enim
508 2254 592 2319 siquid
607 2254 635 2304 ad
650 2255 694 2303 lnoc
706 2256 732 2301 ut
748 2252 815 2301 sitin
829 2252 877 2301 ali-

74 2327 336 2389 auscitanensium
344 2326 405 2392 quod
418 2328 541 2390 habeatur3
553 2338 673 2390 personam
687 2327 763 2373 autem
777 2322 876 2373 diuinam

13 2455 14 2460 ἵ
74 2397 157 2447 haberi
169 2396 198 2447 ab
209 2398 285 2461 aliqua
296 2404 412 2461 meatum,
425 2398 464 2449 rei
475 2410 525 2448 esse
535 2409 595 2447 nouo
605 2397 671 2447 motio
683 2394 827 2445 existendiin
839 2406 876 2456 aa,

75 2473 112 2519 cst
124 2468 239 2532 quoddam
252 2471 386 2532 temporale.

108 2540 176 2590 iinde
187 2542 277 2590 messio
287 2545 311 2591 et
327 2540 399 2591 datio
410 2540 436 2590 in
445 2539 530 2591 divinis
541 2539 647 2591 dicuntur
657 2536 811 2603 temporaliter
829 2539 881 2585 tan·

73 2612 141 2677 turn,
158 2614 290 2677 permotio
305 2617 384 2664 nutem
394 2618 418 2664 et
432 2615 545 2678 spiratio
562 2611 635 2666 solum
654 2612 682 2662 ab
700 2616 794 2662 aeterno.
814 2610 881 2660 Pro-

110 2745 143 2808 (i)
159 2750 193 2793 De
206 2747 242 2792 his
255 2750 324 2795 etium
334 2752 358 2809 l,
369 2750 447 2800 Sesti„
458 2749 511 2794 dist.
523 2746 566 2808 15,
576 2754 657 2805 quest.
669 2746 693 2803 i,
704 2753 747 2791 art.
758 2746 783 2790 i.

111 2815 143 2878 (2)
166 2820 197 2864 Ut
210 2819 289 2865 ridere
302 2826 339 2866 est
354 2820 432 2867 homil.
445 2818 486 2877 18,
499 2820 525 2863 in
535 2819 673 2876 Evangelia,
688 2816 740 2862 cium
753 2816 824 2863 rerba
839 2812 878 2857 iiia

77 2884 128 2992 εἰ)
136 2882 223 2990 Ιζιιέη
233 2884 274 2928 XX
280 2916 287 2943 ‚
298 2885 414 2940 explicat:
426 2882 495 2929 siccet
505 2882 574 2928 misit
583 2892 619 2928 me
628 2880 715 2932 Pater,
724 2884 746 2927 et
756 2891 798 2937 epu
806 2877 877 2921 mitto
