1992 3342
120 204 169 251 m
323 215 383 251 nnus
399 217 420 262 ι,
435 216 527 259 quusi.
543 216 599 263 xvi,
615 216 669 252 unu.
684 219 726 255 un.

118 288 181 339 euim
195 289 239 339 erit
253 290 373 339 uerilntem
386 304 502 342 nonense
517 292 576 353 drgo
587 291 672 342 ventas
690 294 767 343 creatu
779 296 813 343 εει
831 298 923 345 uterum
974 348 975 355 ἶ

152 361 197 411 Sed
206 365 284 410 eontra
293 366 338 424 εει,
351 360 413 424 qudd
423 362 484 412 solue
494 364 555 413 Deus
568 366 603 413 εει
616 368 723 427 eternus,
738 368 763 413 ιιι
776 378 844 428 supra
857 366 925 417 hubi·

94 463 98 470 ·
119 434 170 481 lum
183 435 219 482 εει
232 432 285 495 (qn.
298 434 342 493 ιι,
357 435 401 482 nit.
417 432 456 496 ι).
974 430 975 479 i

152 505 309 567 (concinne.
322 530 353 542 -
374 506 442 555 llullu
462 511 540 557 euentu
559 508 643 558 veritas
661 510 696 558 εει
717 510 813 570 eterna,
827 508 866 559 sed
878 510 926 559 sula
974 488 975 553 i

119 574 204 625 ueritas
217 574 289 625 diuini
300 575 442 641 intellectis,
452 577 494 641 qni
502 578 562 629 sulus
575 582 610 629 est
623 583 738 642 eternus,
752 584 776 629 ει
788 578 802 629 i
816 592 860 642 qun
876 578 927 643 ipsu

120 646 172 710 ejus
185 646 270 697 ueritas
282 646 413 699 indistincta
424 647 484 712 εει.)

152 720 287 783 despondeo
303 719 440 785 dicendum,
453 718 514 784 qudd
532 719 617 771 ven'lus
635 720 811 771 enuntiabilium
829 730 928 774 nonest

120 789 183 840 alind
198 789 266 854 quim
282 790 367 841 veritas
379 791 516 843 intellectis.
534 792 681 843 Enuntiabile
699 792 761 842 enim
775 794 809 841 εει
822 791 846 841 in
859 792 927 845 intel-

121 862 196 924 lectu,
210 865 235 912 ει
247 862 317 913 estin
329 876 394 913 unce.
409 861 540 913 Secunddm
555 866 632 913 autem
646 862 705 927 qudd
715 866 750 915 εει
760 862 784 913 iu
798 862 926 928 intellectu,

120 933 190 983 habel
206 948 248 997 per
265 948 289 985 εε
308 934 446 998 venitatem
465 934 506 985 sed
524 934 649 985 secundini
672 933 733 999 qudd
753 938 787 985 εει
811 934 834 983 in
854 949 925 999 uene,

121 1002 204 1053 dieitur
217 1019 307 1055 verum
318 1006 484 1063 enuntiabile,
495 1004 620 1057 secundum
631 1005 692 1069 quiid
702 1004 814 1069 signifieat
824 1004 926 1069 aliquam

118 1072 238 1125 veritatem
253 1073 395 1139 intellectis,
405 1090 451 1126 nnn
462 1080 557 1141 propter
571 1076 671 1141 aliquam
682 1076 803 1127 ueritatem
813 1074 838 1124 in
849 1090 926 1127 enun-

119 1144 193 1196 tiabili
206 1145 356 1211 existentem,
372 1148 430 1197 sieut
448 1148 473 1197 in
486 1148 590 1212 subjectu
603 1164 608 1197 :
623 1149 681 1198 sieut
694 1147 760 1199 urina
774 1146 856 1197 dieitur
869 1162 926 1200 suna

120 1229 166 1265 non
178 1216 192 1266 l
202 1217 300 1268 nuditate
317 1232 368 1283 qum
382 1218 406 1268 in
419 1218 470 1283 ipsu
485 1218 530 1282 sit,
541 1218 580 1269 sed
595 1218 717 1271 isanitate
735 1216 839 1271 animalis
857 1232 926 1283 quum

117 1287 240 1349 significat.
259 1290 370 1341 Similiter
382 1290 452 1341 etiam
464 1304 532 1353 supra
551 1290 696 1353 dictumest,
710 1294 754 1340 art.
766 1294 794 1354 l,
809 1288 870 1353 qndd
888 1306 926 1342 res

120 1360 297 1412 denominantur
306 1375 367 1413 uene
379 1360 392 1409 l
402 1360 498 1411 ueritate
510 1360 648 1412 intellectis.
665 1362 728 1411 Unde
741 1360 845 1411 sinullus
857 1360 926 1411 intel-

118 1432 191 1483 leetue
203 1437 264 1484 esset
275 1436 383 1495 eternus,
395 1432 457 1482 nulla
470 1431 555 1484 veritas
566 1435 626 1483 esset
637 1437 730 1482 aeterua.
742 1431 788 1481 Sed
802 1430 855 1494 qnia
864 1433 926 1483 selus

119 1503 249 1555 intellectus
262 1504 352 1555 diuinue
365 1507 400 1554 εει
417 1507 531 1567 eternus,
547 1503 571 1553 in
587 1503 638 1567 ipso
652 1503 699 1555 sole
712 1501 796 1553 veritus
812 1504 926 1553 eternita-

120 1578 168 1625 tem
180 1576 258 1626 halet.
272 1576 320 1625 Nec
336 1578 429 1638 propter
446 1576 490 1624 hnc
509 1574 611 1639 sequitur
627 1574 687 1637 qndd
709 1572 793 1637 aliquid
813 1572 875 1623 uliud
898 1576 928 1625 sit

122 1648 231 1695 eternum
248 1644 316 1709 quim
333 1647 394 1696 lleus
402 1683 411 1710 ‚
429 1646 484 1709 quia
502 1645 588 1696 veritus
601 1645 730 1695 intellectus
743 1644 816 1695 diuini
828 1649 864 1695 εει
876 1646 927 1710 ipse

121 1716 189 1779 Deus,
204 1720 229 1765 ut
241 1730 309 1779 snpra
320 1720 436 1767 ostensum
453 1720 488 1767 est
502 1716 559 1780 (art.
577 1716 614 1781 ιι).
749 1766 751 1769 .

153 1788 187 1838 dd
199 1787 297 1852 primum
310 1800 364 1850 erge
380 1787 518 1850 dicendum,
533 1786 593 1851 qudd
612 1787 669 1837 mtie
680 1786 773 1851 circuli,
789 1788 813 1837 ει
833 1790 883 1837 dun
904 1792 928 1839 ει

122 1862 174 1909 tria
183 1874 236 1910 εεεε
243 1860 359 1921 quinque,
373 1858 458 1909 habent
470 1858 623 1909 eternitatem
636 1858 661 1909 in
674 1862 751 1909 mente
765 1858 851 1909 divine.

152 1933 185 1982 Ad
207 1932 331 1982 seeundum
351 1930 488 1993 dicendum,
504 1930 565 1994 quiid
586 1948 600 1977 n
621 1929 706 1994 aliquid
725 1944 775 1981 esse
796 1944 887 1997 semper
905 1936 928 1983 et

120 2004 215 2068 ultique,
224 2020 238 2051 »
250 2006 325 2067 potest
335 2001 433 2065 intelligi
446 2000 567 2065 dupliciter
581 2018 587 2052 :
602 2016 647 2052 unu
662 2002 729 2052 modu
745 2001 799 2065 quia
818 2002 928 2053 hibelin

119 2089 144 2125 εε
157 2077 217 2125 unde
233 2089 259 2125 se
278 2072 386 2125 extendat
399 2074 427 2124 nd
441 2087 510 2125 omne
528 2079 619 2137 tempus
641 2077 664 2124 et
683 2074 712 2123 nd
725 2087 818 2123 omnem
836 2074 927 2139 ledum,

118 2145 180 2197 nient
191 2148 237 2198 lieo
251 2145 362 2210 competit
381 2159 432 2196 εεεε
449 2145 533 2209 ubique
547 2151 571 2195 ει
588 2158 695 2209 sempe-3
711 2144 857 2209 ullomodo,
874 2147 928 2210 quia

119 2231 166 2267 nen
178 2219 249 2268 habel
261 2218 286 2267 in
299 2231 380 2282 seque
394 2217 559 2267 determinetur
574 2217 602 2268 ud
616 2216 715 2281 aliquem
728 2216 803 2266 lnenm
816 2216 856 2267 vel
869 2222 928 2267 tem-

119 2302 177 2351 pus3
192 2288 251 2338 sieut
268 2290 365 2339 materia
382 2288 455 2353 prima
473 2286 557 2339 dieitur
570 2302 620 2340 εεεε
639 2302 699 2351 una,
718 2300 765 2339 unu
782 2288 838 2351 quia
859 2289 930 2340 habet

119 2373 190 2410 unam
202 2360 308 2424 somnum,
319 2360 376 2411 sicut
392 2362 461 2411 home
475 2364 511 2410 est
524 2374 584 2411 unus
598 2362 628 2411 ab
642 2361 730 2411 unitate
744 2360 929 2423 dumetorum,

119 2431 159 2481 ned
179 2443 221 2494 per
236 2431 388 2481 remotionem
409 2431 655 2483 omnium'lnrmarum
678 2431 880 2494 distinguentium.
902 2434 930 2482 El

119 2514 161 2565 per
174 2503 236 2551 hune
253 2503 345 2552 modum
359 2500 475 2567 quodlibet
489 2504 619 2555 uniuersale
640 2504 723 2554 dieitur
738 2517 788 2554 εεεε
802 2505 893 2569 ubique
908 2510 932 2555 ει

118 2574 252 2638 semper‚in
261 2578 373 2637 quantum
383 2575 526 2627 universalia
544 2577 706 2627 abstrahuntur
719 2576 747 2627 ab
761 2576 801 2627 hle
816 2582 842 2629 ει
857 2592 930 2628 nunc.

118 2644 165 2695 Sed
177 2659 206 2696 ex
219 2647 263 2695 line
275 2660 322 2696 nun
333 2646 436 2712 sequitur
454 2661 544 2699 edesse
559 2652 662 2712 eterna,
678 2647 723 2699 nisi
743 2646 768 2697 iu
788 2646 931 2711 intellectu,

116 2716 137 2765 si
149 2716 202 2781 quis
214 2716 245 2767 sit
256 2721 365 2769 eternus.

150 2788 184 2838 nd
200 2788 294 2840 tertium
314 2790 449 2854 dicendum,
466 2789 527 2854 qndd
546 2790 601 2840 illud
623 2791 681 2853 quod
701 2803 764 2839 nune
781 2794 838 2854 εει,
855 2806 889 2843 ex
907 2806 935 2842 en

118 2860 219 2909 futurum
230 2858 274 2909 luit
286 2864 409 2924 antequam
422 2866 483 2911 esset
489 2899 498 2925 ,
513 2860 565 2925 quia
577 2860 600 2910 iu
614 2874 681 2913 euulsa
695 2874 736 2911 suu
749 2865 800 2911 erat
814 2866 843 2912 ut
854 2864 933 2915 lieret.

118 2922 182 2973 Unde
200 2923 286 2974 sublati
302 2923 370 2973 causi
393 2938 438 2973 nnn
451 2928 513 2975 esset
526 2926 624 2975 luiturum
638 2922 764 2974 illudlleni.
780 2924 936 2976 soluentem
