<?xml version="1.0" encoding="UTF-8"?>
<!DOCTYPE html PUBLIC "-//W3C//DTD XHTML 1.0 Transitional//EN"
    "http://www.w3.org/TR/xhtml1/DTD/xhtml1-transitional.dtd">
<html xmlns="http://www.w3.org/1999/xhtml" xml:lang="en" lang="en">
 <head>
  <title>
</title>
<meta http-equiv="Content-Type" content="text/html;charset=utf-8" />
  <meta name='ocr-system' content='tesseract 3.04.00' />
  <meta name='ocr-capabilities' content='ocr_page ocr_carea ocr_par ocr_line ocrx_word'/>
</head>
<body>
  <div class='ocr_page' id='page_1' title='image "./summatheologica04nicogoog_0032.png"; bbox 0 0 1992 3342; ppageno 0'>
   <div class='ocr_carea' id='block_1_1' title="bbox 328 185 521 224">
    <p class='ocr_par' dir='ltr' id='par_1_1' title="bbox 328 185 521 224">
     <span class='ocr_line' id='line_1_1' title="bbox 328 185 521 224; baseline 0.005 -3"><span class='ocrx_word' id='word_1_1' title='bbox 328 185 360 221; x_wconf 78' lang='lat' dir='ltr'>DE</span> <span class='ocrx_word' id='word_1_2' title='bbox 376 185 521 224; x_wconf 73' lang='lat' dir='ltr'>uflsotoola.</span> 
     </span>
    </p>
   </div>
   <div class='ocr_carea' id='block_1_2' title="bbox 321 335 524 384">
    <p class='ocr_par' dir='ltr' id='par_1_2' title="bbox 321 335 524 384">
     <span class='ocr_line' id='line_1_2' title="bbox 321 335 524 384; baseline 0.005 -1"><span class='ocrx_word' id='word_1_3' title='bbox 321 335 481 384; x_wconf 71' lang='lat' dir='ltr'>nantelinus</span> <span class='ocrx_word' id='word_1_4' title='bbox 495 336 524 384; x_wconf 79' lang='lat' dir='ltr'>X.</span> 
     </span>
    </p>
   </div>
   <div class='ocr_carea' id='block_1_3' title="bbox 43 440 825 505">
    <p class='ocr_par' dir='ltr' id='par_1_3' title="bbox 43 440 825 505">
     <span class='ocr_line' id='line_1_3' title="bbox 43 440 825 505; baseline 0.02 -24"><span class='ocrx_word' id='word_1_5' title='bbox 43 440 111 486; x_wconf 77' lang='lat' dir='ltr'>tlt-rim</span> <span class='ocrx_word' id='word_1_6' title='bbox 121 456 184 489; x_wconf 80' lang='lat' dir='ltr'>roera</span> <span class='ocrx_word' id='word_1_7' title='bbox 198 448 330 505; x_wconf 66' lang='lat' dir='ltr'>Scriptura</span> <span class='ocrx_word' id='word_1_8' title='bbox 344 449 388 492; x_wconf 83' lang='lat' dir='ltr'>rob</span> <span class='ocrx_word' id='word_1_9' title='bbox 398 462 448 494; x_wconf 79' lang='lat' dir='ltr'>utro</span> <span class='ocrx_word' id='word_1_10' title='bbox 457 449 539 494; x_wconf 76' lang='lat' dir='ltr'>littero</span> <span class='ocrx_word' id='word_1_11' title='bbox 548 448 634 493; x_wconf 77' lang='lat' dir='ltr'>lrabeat</span> <span class='ocrx_word' id='word_1_12' title='bbox 644 449 726 505; x_wconf 73' lang='lat' dir='ltr'>plures</span> <span class='ocrx_word' id='word_1_13' title='bbox 736 463 825 497; x_wconf 69' lang='lat' dir='ltr'>murra.</span> 
     </span>
    </p>
   </div>
   <div class='ocr_carea' id='block_1_4' title="bbox 35 562 906 2639">
    <p class='ocr_par' dir='ltr' id='par_1_4' title="bbox 36 562 906 1782">
     <span class='ocr_line' id='line_1_4' title="bbox 68 562 827 636; baseline 0.017 -24"><span class='ocrx_word' id='word_1_14' title='bbox 68 562 94 613; x_wconf 77' lang='lat' dir='ltr'>tt</span> <span class='ocrx_word' id='word_1_15' title='bbox 102 563 202 618; x_wconf 87' lang='lat' dir='ltr'>decimum</span> <span class='ocrx_word' id='word_1_16' title='bbox 213 569 247 620; x_wconf 85' lang='lat' dir='ltr'>sic</span> <span class='ocrx_word' id='word_1_17' title='bbox 258 569 395 634; x_wconf 78' lang='lat' dir='ltr'>proceditur</span> <span class='ocrx_word' id='word_1_18' title='bbox 405 569 448 635; x_wconf 85' lang='lat'>(1).</span> <span class='ocrx_word' id='word_1_19' title='bbox 460 571 553 621; x_wconf 88' lang='lat' dir='ltr'>Videtur</span> <span class='ocrx_word' id='word_1_20' title='bbox 561 569 622 634; x_wconf 79' lang='lat' dir='ltr'>quod</span> <span class='ocrx_word' id='word_1_21' title='bbox 635 584 698 621; x_wconf 88' lang='lat' dir='ltr'>sacra</span> <span class='ocrx_word' id='word_1_22' title='bbox 711 572 827 636; x_wconf 87' lang='lat' dir='ltr'>Scriptura</span> 
     </span>
     <span class='ocr_line' id='line_1_5' title="bbox 44 634 827 706; baseline 0.022 -28"><span class='ocrx_word' id='word_1_23' title='bbox 44 634 77 681; x_wconf 67' lang='lat' dir='ltr'>sul</span> <span class='ocrx_word' id='word_1_24' title='bbox 92 650 128 687; x_wconf 87' lang='lat' dir='ltr'>una</span> <span class='ocrx_word' id='word_1_25' title='bbox 138 639 209 692; x_wconf 80' lang='lat' dir='ltr'>littera</span> <span class='ocrx_word' id='word_1_26' title='bbox 219 655 269 692; x_wconf 93' lang='lat' dir='ltr'>non</span> <span class='ocrx_word' id='word_1_27' title='bbox 282 644 371 693; x_wconf 86' lang='lat' dir='ltr'>habeat</span> <span class='ocrx_word' id='word_1_28' title='bbox 384 642 462 705; x_wconf 87' lang='lat' dir='ltr'>plures</span> <span class='ocrx_word' id='word_1_29' title='bbox 472 656 561 706; x_wconf 83' lang='lat' dir='ltr'>sensus,</span> <span class='ocrx_word' id='word_1_30' title='bbox 572 643 612 706; x_wconf 86' lang='lat' dir='ltr'>qui</span> <span class='ocrx_word' id='word_1_31' title='bbox 622 647 675 693; x_wconf 83' lang='lat' dir='ltr'>sunt</span> <span class='ocrx_word' id='word_1_32' title='bbox 688 658 694 693; x_wconf 75' lang='grc' dir='ltr'>ι</span> <span class='ocrx_word' id='word_1_33' title='bbox 706 643 827 695; x_wconf 84' lang='lat' dir='ltr'>historicus</span> 
     </span>
     <span class='ocr_line' id='line_1_6' title="bbox 46 704 906 781; baseline 0.01 -24"><span class='ocrx_word' id='word_1_34' title='bbox 46 704 348 781; x_wconf 62' lang='lat' dir='ltr'>triticumc&#39;auegorteus,</span> <span class='ocrx_word' id='word_1_35' title='bbox 362 713 517 776; x_wconf 80' lang='lat' dir='ltr'>tropologicus</span> <span class='ocrx_word' id='word_1_36' title='bbox 529 714 577 764; x_wconf 79' lang='lat' dir='ltr'>slve</span> <span class='ocrx_word' id='word_1_37' title='bbox 587 715 679 765; x_wconf 83' lang='lat' dir='ltr'>moralis</span> <span class='ocrx_word' id='word_1_38' title='bbox 686 752 694 778; x_wconf 95' lang='lat'>,</span> <span class='ocrx_word' id='word_1_39' title='bbox 705 718 729 764; x_wconf 88' lang='lat' dir='ltr'>et</span> <span class='ocrx_word' id='word_1_40' title='bbox 743 729 828 779; x_wconf 83' lang='lat' dir='ltr'>anago-</span> <span class='ocrx_word' id='word_1_41' title='bbox 880 745 887 752; x_wconf 79' lang='lat'>‚</span> <span class='ocrx_word' id='word_1_42' title='bbox 902 731 906 736; x_wconf 56' lang='lat'><em>⁷</em></span> 
     </span>
     <span class='ocr_line' id='line_1_7' title="bbox 42 781 827 854; baseline 0.019 -31"><span class='ocrx_word' id='word_1_43' title='bbox 42 789 97 854; x_wconf 67' lang='lat' dir='ltr'>prcus.</span> <span class='ocrx_word' id='word_1_44' title='bbox 108 781 254 848; x_wconf 64' lang='lat' dir='ltr'>multiplicitas</span> <span class='ocrx_word' id='word_1_45' title='bbox 268 785 333 836; x_wconf 87' lang='lat' dir='ltr'>enim</span> <span class='ocrx_word' id='word_1_46' title='bbox 344 799 453 836; x_wconf 83' lang='lat' dir='ltr'>sensuum</span> <span class='ocrx_word' id='word_1_47' title='bbox 464 785 489 834; x_wconf 92' lang='lat' dir='ltr'>in</span> <span class='ocrx_word' id='word_1_48' title='bbox 503 799 548 835; x_wconf 85' lang='lat' dir='ltr'>uua</span> <span class='ocrx_word' id='word_1_49' title='bbox 558 785 670 850; x_wconf 87' lang='lat' dir='ltr'>scriptura</span> <span class='ocrx_word' id='word_1_50' title='bbox 678 787 738 850; x_wconf 86' lang='lat' dir='ltr'>parit</span> <span class='ocrx_word' id='word_1_51' title='bbox 747 789 827 839; x_wconf 88' lang='lat' dir='ltr'>coutu-</span> 
     </span>
     <span class='ocr_line' id='line_1_8' title="bbox 42 857 826 922; baseline 0.024 -31"><span class='ocrx_word' id='word_1_52' title='bbox 42 860 109 900; x_wconf 82' lang='lat' dir='ltr'>nnnen</span> <span class='ocrx_word' id='word_1_53' title='bbox 120 858 141 903; x_wconf 89' lang='lat' dir='ltr'>et</span> <span class='ocrx_word' id='word_1_54' title='bbox 157 857 333 922; x_wconf 74' lang='lat' dir='ltr'>deceptionem,</span> <span class='ocrx_word' id='word_1_55' title='bbox 348 862 372 907; x_wconf 88' lang='lat' dir='ltr'>et</span> <span class='ocrx_word' id='word_1_56' title='bbox 387 857 447 906; x_wconf 88' lang='lat' dir='ltr'>tollit</span> <span class='ocrx_word' id='word_1_57' title='bbox 466 859 576 920; x_wconf 80' lang='lat' dir='ltr'>arguendi</span> <span class='ocrx_word' id='word_1_58' title='bbox 592 859 724 909; x_wconf 79' lang='lat' dir='ltr'>firmitatem</span> <span class='ocrx_word' id='word_1_59' title='bbox 741 873 747 908; x_wconf 76' lang='grc' dir='ltr'>ε</span> <span class='ocrx_word' id='word_1_60' title='bbox 766 862 826 912; x_wconf 90' lang='lat' dir='ltr'>unde</span> 
     </span>
     <span class='ocr_line' id='line_1_9' title="bbox 41 923 827 994; baseline 0.015 -24"><span class='ocrx_word' id='word_1_61' title='bbox 41 929 61 966; x_wconf 81' lang='lat' dir='ltr'>tr</span> <span class='ocrx_word' id='word_1_62' title='bbox 71 923 215 989; x_wconf 85' lang='lat' dir='ltr'>multiplicibus</span> <span class='ocrx_word' id='word_1_63' title='bbox 226 925 427 994; x_wconf 81' lang='lat' dir='ltr'>propositionibus</span> <span class='ocrx_word' id='word_1_64' title='bbox 438 942 483 978; x_wconf 88' lang='lat' dir='ltr'>uon</span> <span class='ocrx_word' id='word_1_65' title='bbox 490 930 591 992; x_wconf 75' lang='lat' dir='ltr'>procedit</span> <span class='ocrx_word' id='word_1_66' title='bbox 601 931 777 993; x_wconf 79' lang='lat' dir='ltr'>argumentatio,</span> <span class='ocrx_word' id='word_1_67' title='bbox 787 933 827 982; x_wconf 83' lang='lat' dir='ltr'>sed</span> 
     </span>
     <span class='ocr_line' id='line_1_10' title="bbox 40 997 828 1066; baseline 0.019 -29"><span class='ocrx_word' id='word_1_68' title='bbox 40 997 139 1046; x_wconf 81' lang='lat' dir='ltr'>secundun</span> <span class='ocrx_word' id='word_1_69' title='bbox 149 1000 191 1050; x_wconf 86' lang='lat' dir='ltr'>hoc</span> <span class='ocrx_word' id='word_1_70' title='bbox 201 1001 288 1066; x_wconf 82' lang='lat' dir='ltr'>aliquae</span> <span class='ocrx_word' id='word_1_71' title='bbox 305 999 403 1050; x_wconf 75' lang='lat' dir='ltr'>fallacior</span> <span class='ocrx_word' id='word_1_72' title='bbox 416 1000 567 1063; x_wconf 83' lang='lat' dir='ltr'>assignantur.</span> <span class='ocrx_word' id='word_1_73' title='bbox 586 1003 653 1051; x_wconf 88' lang='lat' dir='ltr'>Sacra</span> <span class='ocrx_word' id='word_1_74' title='bbox 666 1005 743 1052; x_wconf 84' lang='lat' dir='ltr'>autem</span> <span class='ocrx_word' id='word_1_75' title='bbox 753 1003 828 1066; x_wconf 86' lang='lat' dir='ltr'>Scrip-</span> 
     </span>
     <span class='ocr_line' id='line_1_11' title="bbox 41 1065 827 1136; baseline 0.01 -21"><span class='ocrx_word' id='word_1_76' title='bbox 41 1065 81 1111; x_wconf 70' lang='lat' dir='ltr'>nn</span> <span class='ocrx_word' id='word_1_77' title='bbox 89 1067 147 1119; x_wconf 84' lang='lat' dir='ltr'>debet</span> <span class='ocrx_word' id='word_1_78' title='bbox 157 1085 205 1122; x_wconf 71' lang='lat' dir='ltr'>csse</span> <span class='ocrx_word' id='word_1_79' title='bbox 219 1072 306 1123; x_wconf 85' lang='lat' dir='ltr'>efficax</span> <span class='ocrx_word' id='word_1_80' title='bbox 317 1073 346 1122; x_wconf 89' lang='lat' dir='ltr'>ad</span> <span class='ocrx_word' id='word_1_81' title='bbox 358 1071 523 1122; x_wconf 86' lang='lat' dir='ltr'>ostendendam</span> <span class='ocrx_word' id='word_1_82' title='bbox 536 1072 656 1123; x_wconf 83' lang='lat' dir='ltr'>veritatem</span> <span class='ocrx_word' id='word_1_83' title='bbox 667 1074 751 1136; x_wconf 83' lang='lat' dir='ltr'>absque</span> <span class='ocrx_word' id='word_1_84' title='bbox 765 1074 827 1124; x_wconf 90' lang='lat' dir='ltr'>omni</span> 
     </span>
     <span class='ocr_line' id='line_1_12' title="bbox 40 1132 828 1256; baseline 0.011 -69"><span class='ocrx_word' id='word_1_85' title='bbox 40 1132 116 1256; x_wconf 49' lang='lat' dir='ltr'>{algida</span> <span class='ocrx_word' id='word_1_86' title='bbox 130 1142 188 1208; x_wconf 80' lang='lat' dir='ltr'>llrgo</span> <span class='ocrx_word' id='word_1_87' title='bbox 201 1157 250 1194; x_wconf 90' lang='lat' dir='ltr'>non</span> <span class='ocrx_word' id='word_1_88' title='bbox 267 1145 356 1195; x_wconf 88' lang='lat' dir='ltr'>debent</span> <span class='ocrx_word' id='word_1_89' title='bbox 369 1143 395 1192; x_wconf 94' lang='lat' dir='ltr'>in</span> <span class='ocrx_word' id='word_1_90' title='bbox 408 1157 437 1194; x_wconf 85' lang='lat' dir='ltr'>ea</span> <span class='ocrx_word' id='word_1_91' title='bbox 453 1144 494 1194; x_wconf 88' lang='lat' dir='ltr'>sub</span> <span class='ocrx_word' id='word_1_92' title='bbox 506 1157 552 1195; x_wconf 91' lang='lat' dir='ltr'>uua</span> <span class='ocrx_word' id='word_1_93' title='bbox 564 1144 641 1195; x_wconf 89' lang='lat' dir='ltr'>littera</span> <span class='ocrx_word' id='word_1_94' title='bbox 654 1145 732 1208; x_wconf 83' lang='lat' dir='ltr'>plures</span> <span class='ocrx_word' id='word_1_95' title='bbox 747 1159 828 1196; x_wconf 84' lang='lat' dir='ltr'>sensus</span> 
     </span>
     <span class='ocr_line' id='line_1_13' title="bbox 47 1220 90 1258; baseline 0.023 -6"><span class='ocrx_word' id='word_1_96' title='bbox 47 1220 64 1253; x_wconf 79' lang='lat' dir='ltr'>ll</span> <span class='ocrx_word' id='word_1_97' title='bbox 86 1248 90 1258; x_wconf 87' lang='grc'><strong>,</strong></span> 
     </span>
     <span class='ocr_line' id='line_1_14' title="bbox 38 1261 830 1352; baseline 0.004 -17"><span class='ocrx_word' id='word_1_98' title='bbox 38 1261 219 1351; x_wconf 48' lang='lat' dir='ltr'>funerea,</span> <span class='ocrx_word' id='word_1_99' title='bbox 240 1287 387 1352; x_wconf 71' lang='lat' dir='ltr'>Augustinus</span> <span class='ocrx_word' id='word_1_100' title='bbox 408 1287 463 1338; x_wconf 87' lang='lat' dir='ltr'>dicit</span> <span class='ocrx_word' id='word_1_101' title='bbox 479 1288 505 1338; x_wconf 90' lang='lat' dir='ltr'>in</span> <span class='ocrx_word' id='word_1_102' title='bbox 517 1289 575 1338; x_wconf 83' lang='lat' dir='ltr'>libro</span> <span class='ocrx_word' id='word_1_103' title='bbox 595 1287 759 1338; x_wconf 80' lang='lat' dir='ltr'>Deutttttote</span> <span class='ocrx_word' id='word_1_104' title='bbox 778 1304 830 1338; x_wconf 85' lang='lat' dir='ltr'>cre-</span> 
     </span>
     <span class='ocr_line' id='line_1_15' title="bbox 40 1349 828 1429; baseline -0.003 -17"><span class='ocrx_word' id='word_1_105' title='bbox 40 1349 109 1429; x_wconf 63' lang='lat' dir='ltr'>detali,</span> <span class='ocrx_word' id='word_1_106' title='bbox 123 1357 180 1421; x_wconf 81' lang='lat' dir='ltr'>quta</span> <span class='ocrx_word' id='word_1_107' title='bbox 195 1361 333 1425; x_wconf 85' lang='lat' dir='ltr'>Scriptura,</span> <span class='ocrx_word' id='word_1_108' title='bbox 345 1373 397 1424; x_wconf 81' lang='lat' dir='ltr'>quac</span> <span class='ocrx_word' id='word_1_109' title='bbox 410 1363 572 1410; x_wconf 81' lang='lat' dir='ltr'>testamentum</span> <span class='ocrx_word' id='word_1_110' title='bbox 582 1363 649 1409; x_wconf 84' lang='lat' dir='ltr'>retus</span> <span class='ocrx_word' id='word_1_111' title='bbox 659 1363 761 1422; x_wconf 80' lang='lat' dir='ltr'>vocatur,</span> <span class='ocrx_word' id='word_1_112' title='bbox 773 1374 828 1423; x_wconf 83' lang='lat' dir='ltr'>qua·</span> 
     </span>
     <span class='ocr_line' id='line_1_16' title="bbox 41 1422 828 1496; baseline 0.019 -30"><span class='ocrx_word' id='word_1_113' title='bbox 41 1422 130 1478; x_wconf 76' lang='lat' dir='ltr'>littorium</span> <span class='ocrx_word' id='word_1_114' title='bbox 140 1432 251 1496; x_wconf 85' lang='lat' dir='ltr'>traditur,</span> <span class='ocrx_word' id='word_1_115' title='bbox 261 1431 481 1482; x_wconf 85' lang='lat' dir='ltr'>scilicetsecuudum</span> <span class='ocrx_word' id='word_1_116' title='bbox 488 1429 620 1494; x_wconf 82' lang='lat' dir='ltr'>historiam,</span> <span class='ocrx_word' id='word_1_117' title='bbox 631 1431 755 1480; x_wconf 86' lang='lat' dir='ltr'>secundum</span> <span class='ocrx_word' id='word_1_118' title='bbox 766 1430 828 1481; x_wconf 81' lang='lat' dir='ltr'>aetio-</span> 
     </span>
     <span class='ocr_line' id='line_1_17' title="bbox 42 1491 826 1573; baseline 0.001 -20"><span class='ocrx_word' id='word_1_119' title='bbox 42 1491 115 1573; x_wconf 59' lang='lat' dir='ltr'>ltt—ssttffl,</span> <span class='ocrx_word' id='word_1_120' title='bbox 136 1505 265 1554; x_wconf 83' lang='lat' dir='ltr'>secundum</span> <span class='ocrx_word' id='word_1_121' title='bbox 291 1503 440 1566; x_wconf 72' lang='lat' dir='ltr'>analogiam,</span> <span class='ocrx_word' id='word_1_122' title='bbox 463 1502 587 1553; x_wconf 81' lang='lat' dir='ltr'>secundum</span> <span class='ocrx_word' id='word_1_123' title='bbox 608 1502 747 1565; x_wconf 80' lang='lat' dir='ltr'>allegoriam.</span> <span class='ocrx_word' id='word_1_124' title='bbox 773 1505 826 1562; x_wconf 76' lang='lat' dir='ltr'>Quae</span> 
     </span>
     <span class='ocr_line' id='line_1_18' title="bbox 41 1570 827 1643; baseline 0.001 -18"><span class='ocrx_word' id='word_1_125' title='bbox 41 1570 112 1643; x_wconf 74' lang='lat' dir='ltr'>luten</span> <span class='ocrx_word' id='word_1_126' title='bbox 122 1579 218 1638; x_wconf 81' lang='lat' dir='ltr'>quatuor</span> <span class='ocrx_word' id='word_1_127' title='bbox 234 1575 360 1640; x_wconf 77' lang='lat' dir='ltr'>aquatum</span> <span class='ocrx_word' id='word_1_128' title='bbox 375 1573 488 1638; x_wconf 74' lang='lat' dir='ltr'>predictis</span> <span class='ocrx_word' id='word_1_129' title='bbox 505 1574 611 1624; x_wconf 82' lang='lat' dir='ltr'>ridentur</span> <span class='ocrx_word' id='word_1_130' title='bbox 623 1588 673 1625; x_wconf 86' lang='lat' dir='ltr'>esse</span> <span class='ocrx_word' id='word_1_131' title='bbox 686 1575 761 1626; x_wconf 80' lang='lat' dir='ltr'>aliem</span> <span class='ocrx_word' id='word_1_132' title='bbox 779 1590 827 1626; x_wconf 91' lang='lat' dir='ltr'>om-</span> 
     </span>
     <span class='ocr_line' id='line_1_19' title="bbox 39 1645 826 1712; baseline 0.006 -19"><span class='ocrx_word' id='word_1_133' title='bbox 39 1650 85 1712; x_wconf 77' lang='lat' dir='ltr'>utto.</span> <span class='ocrx_word' id='word_1_134' title='bbox 101 1645 146 1695; x_wconf 87' lang='lat' dir='ltr'>Nou</span> <span class='ocrx_word' id='word_1_135' title='bbox 157 1647 231 1710; x_wconf 81' lang='lat' dir='ltr'>igitur</span> <span class='ocrx_word' id='word_1_136' title='bbox 240 1647 384 1699; x_wconf 87' lang='lat' dir='ltr'>conveniens</span> <span class='ocrx_word' id='word_1_137' title='bbox 395 1645 486 1697; x_wconf 80' lang='lat' dir='ltr'>ridetur</span> <span class='ocrx_word' id='word_1_138' title='bbox 497 1645 558 1711; x_wconf 80' lang='lat' dir='ltr'>quod</span> <span class='ocrx_word' id='word_1_139' title='bbox 575 1646 655 1697; x_wconf 87' lang='lat' dir='ltr'>eadem</span> <span class='ocrx_word' id='word_1_140' title='bbox 666 1646 742 1697; x_wconf 86' lang='lat' dir='ltr'>littera</span> <span class='ocrx_word' id='word_1_141' title='bbox 757 1661 826 1698; x_wconf 69' lang='lat' dir='ltr'>mortu</span> 
     </span>
     <span class='ocr_line' id='line_1_20' title="bbox 36 1711 762 1782; baseline 0.018 -28"><span class='ocrx_word' id='word_1_142' title='bbox 36 1711 135 1775; x_wconf 64' lang='lat' dir='ltr'>sripturae</span> <span class='ocrx_word' id='word_1_143' title='bbox 147 1719 277 1770; x_wconf 83' lang='lat' dir='ltr'>seeundum</span> <span class='ocrx_word' id='word_1_144' title='bbox 289 1721 386 1782; x_wconf 88' lang='lat' dir='ltr'>quatuor</span> <span class='ocrx_word' id='word_1_145' title='bbox 401 1731 482 1768; x_wconf 83' lang='lat' dir='ltr'>seusus</span> <span class='ocrx_word' id='word_1_146' title='bbox 494 1717 614 1782; x_wconf 75' lang='lat' dir='ltr'>predictos</span> <span class='ocrx_word' id='word_1_147' title='bbox 626 1722 762 1781; x_wconf 82' lang='lat' dir='ltr'>exponatur.</span> 
     </span>
    </p>

    <p class='ocr_par' dir='ltr' id='par_1_5' title="bbox 38 1787 827 1924">
     <span class='ocr_line' id='line_1_21' title="bbox 59 1787 827 1856; baseline 0.003 -17"><span class='ocrx_word' id='word_1_148' title='bbox 59 1787 77 1831; x_wconf 80' lang='lat'>3·</span> <span class='ocrx_word' id='word_1_149' title='bbox 88 1787 191 1841; x_wconf 81' lang='lat' dir='ltr'>Praeterea</span> <span class='ocrx_word' id='word_1_150' title='bbox 197 1829 205 1855; x_wconf 96' lang='lat'>,</span> <span class='ocrx_word' id='word_1_151' title='bbox 218 1793 308 1856; x_wconf 82' lang='lat' dir='ltr'>practer</span> <span class='ocrx_word' id='word_1_152' title='bbox 319 1789 440 1854; x_wconf 80' lang='lat' dir='ltr'>pradictus</span> <span class='ocrx_word' id='word_1_153' title='bbox 451 1803 532 1840; x_wconf 85' lang='lat' dir='ltr'>sensus</span> <span class='ocrx_word' id='word_1_154' title='bbox 540 1789 656 1840; x_wconf 78' lang='lat' dir='ltr'>iuvenitur</span> <span class='ocrx_word' id='word_1_155' title='bbox 669 1803 751 1840; x_wconf 82' lang='lat' dir='ltr'>sensus</span> <span class='ocrx_word' id='word_1_156' title='bbox 760 1803 827 1854; x_wconf 89' lang='lat' dir='ltr'>para-</span> 
     </span>
     <span class='ocr_line' id='line_1_22' title="bbox 38 1849 731 1924; baseline 0.02 -28"><span class='ocrx_word' id='word_1_157' title='bbox 38 1849 117 1921; x_wconf 82' lang='lat' dir='ltr'>bolicus,</span> <span class='ocrx_word' id='word_1_158' title='bbox 129 1861 167 1924; x_wconf 83' lang='lat' dir='ltr'>qui</span> <span class='ocrx_word' id='word_1_159' title='bbox 180 1863 246 1913; x_wconf 86' lang='lat' dir='ltr'>inter</span> <span class='ocrx_word' id='word_1_160' title='bbox 258 1862 312 1911; x_wconf 88' lang='lat' dir='ltr'>illos</span> <span class='ocrx_word' id='word_1_161' title='bbox 329 1873 411 1910; x_wconf 86' lang='lat' dir='ltr'>sensus</span> <span class='ocrx_word' id='word_1_162' title='bbox 427 1864 524 1924; x_wconf 86' lang='lat' dir='ltr'>quatuor</span> <span class='ocrx_word' id='word_1_163' title='bbox 535 1874 581 1910; x_wconf 91' lang='lat' dir='ltr'>uon</span> <span class='ocrx_word' id='word_1_164' title='bbox 593 1860 731 1911; x_wconf 86' lang='lat' dir='ltr'>continetur.</span> 
     </span>
    </p>

    <p class='ocr_par' dir='ltr' id='par_1_6' title="bbox 35 1927 827 2192">
     <span class='ocr_line' id='line_1_23' title="bbox 59 1927 825 2002; baseline 0.009 -26"><span class='ocrx_word' id='word_1_165' title='bbox 59 1927 95 2002; x_wconf 65' lang='lat' dir='ltr'>&#39;ted</span> <span class='ocrx_word' id='word_1_166' title='bbox 109 1937 184 1983; x_wconf 87' lang='lat' dir='ltr'>contra</span> <span class='ocrx_word' id='word_1_167' title='bbox 196 1937 249 1996; x_wconf 83' lang='lat' dir='ltr'>cst,</span> <span class='ocrx_word' id='word_1_168' title='bbox 272 1930 335 1996; x_wconf 81' lang='lat' dir='ltr'>quod</span> <span class='ocrx_word' id='word_1_169' title='bbox 349 1930 404 1980; x_wconf 87' lang='lat' dir='ltr'>dicit</span> <span class='ocrx_word' id='word_1_170' title='bbox 424 1932 546 1994; x_wconf 82' lang='lat' dir='ltr'>Gregorius</span> <span class='ocrx_word' id='word_1_171' title='bbox 559 1936 606 1995; x_wconf 73' lang='lat'>2⁰,</span> <span class='ocrx_word' id='word_1_172' title='bbox 623 1934 689 1981; x_wconf 79' lang='lat' dir='ltr'>Mor.</span> <span class='ocrx_word' id='word_1_173' title='bbox 708 1949 717 1980; x_wconf 89' lang='grc'>.·</span> <span class='ocrx_word' id='word_1_174' title='bbox 733 1949 747 1978; x_wconf 81' lang='grc' dir='ltr'>ιι</span> <span class='ocrx_word' id='word_1_175' title='bbox 760 1932 825 1983; x_wconf 82' lang='lat' dir='ltr'>Sacra</span> 
     </span>
     <span class='ocr_line' id='line_1_24' title="bbox 35 1995 825 2072; baseline 0.005 -25"><span class='ocrx_word' id='word_1_176' title='bbox 35 1995 130 2072; x_wconf 58' lang='lat' dir='ltr'>&amp;raptura</span> <span class='ocrx_word' id='word_1_177' title='bbox 140 2016 220 2054; x_wconf 84' lang='lat' dir='ltr'>omnes</span> <span class='ocrx_word' id='word_1_178' title='bbox 231 2003 342 2054; x_wconf 84' lang='lat' dir='ltr'>scientias</span> <span class='ocrx_word' id='word_1_179' title='bbox 349 2002 401 2066; x_wconf 88' lang='lat' dir='ltr'>ipso</span> <span class='ocrx_word' id='word_1_180' title='bbox 408 2002 528 2053; x_wconf 88' lang='lat' dir='ltr'>locutionis</span> <span class='ocrx_word' id='word_1_181' title='bbox 538 2017 584 2053; x_wconf 78' lang='lat' dir='ltr'>sua</span> <span class='ocrx_word' id='word_1_182' title='bbox 592 2016 656 2052; x_wconf 90' lang='lat' dir='ltr'>more</span> <span class='ocrx_word' id='word_1_183' title='bbox 667 2002 806 2052; x_wconf 84' lang='lat' dir='ltr'>transcendit</span> <span class='ocrx_word' id='word_1_184' title='bbox 819 2019 825 2052; x_wconf 93' lang='lat'><strong>:</strong></span> 
     </span>
     <span class='ocr_line' id='line_1_25' title="bbox 36 2073 827 2144; baseline 0.005 -24"><span class='ocrx_word' id='word_1_185' title='bbox 36 2077 75 2144; x_wconf 73' lang='lat' dir='ltr'>lura</span> <span class='ocrx_word' id='word_1_186' title='bbox 88 2083 129 2122; x_wconf 89' lang='lat' dir='ltr'>uno</span> <span class='ocrx_word' id='word_1_187' title='bbox 138 2075 266 2139; x_wconf 84' lang='lat' dir='ltr'>eodemque</span> <span class='ocrx_word' id='word_1_188' title='bbox 279 2086 388 2125; x_wconf 85' lang='lat' dir='ltr'>sermone</span> <span class='ocrx_word' id='word_1_189' title='bbox 402 2073 456 2124; x_wconf 87' lang='lat' dir='ltr'>dum</span> <span class='ocrx_word' id='word_1_190' title='bbox 468 2078 545 2125; x_wconf 87' lang='lat' dir='ltr'>narrat</span> <span class='ocrx_word' id='word_1_191' title='bbox 558 2078 647 2138; x_wconf 79' lang='lat' dir='ltr'>gestum</span> <span class='ocrx_word' id='word_1_192' title='bbox 652 2111 661 2138; x_wconf 92' lang='lat'>,</span> <span class='ocrx_word' id='word_1_193' title='bbox 680 2073 755 2137; x_wconf 90' lang='lat' dir='ltr'>prodit</span> <span class='ocrx_word' id='word_1_194' title='bbox 765 2087 827 2138; x_wconf 79' lang='lat' dir='ltr'>mys-</span> 
     </span>
     <span class='ocr_line' id='line_1_26' title="bbox 37 2145 110 2192; baseline 0.082 -8"><span class='ocrx_word' id='word_1_195' title='bbox 37 2145 110 2192; x_wconf 74' lang='lat' dir='ltr'>tritum.</span> 
     </span>
    </p>

    <p class='ocr_par' dir='ltr' id='par_1_7' title="bbox 35 2209 827 2566">
     <span class='ocr_line' id='line_1_27' title="bbox 60 2209 827 2281; baseline -0.005 -11"><span class='ocrx_word' id='word_1_196' title='bbox 60 2209 205 2270; x_wconf 74' lang='lat' dir='ltr'>(scimusne.</span> <span class='ocrx_word' id='word_1_197' title='bbox 219 2245 252 2256; x_wconf 89' lang='lat'>-</span> <span class='ocrx_word' id='word_1_198' title='bbox 263 2217 320 2268; x_wconf 76' lang='lat' dir='ltr'>crim</span> <span class='ocrx_word' id='word_1_199' title='bbox 338 2230 408 2268; x_wconf 80' lang='lat' dir='ltr'>sacra</span> <span class='ocrx_word' id='word_1_200' title='bbox 422 2217 542 2281; x_wconf 75' lang='lat' dir='ltr'>Scriptura</span> <span class='ocrx_word' id='word_1_201' title='bbox 560 2220 639 2268; x_wconf 84' lang='lat' dir='ltr'>auctor</span> <span class='ocrx_word' id='word_1_202' title='bbox 652 2217 767 2279; x_wconf 77' lang='lat' dir='ltr'>deussit,</span> <span class='ocrx_word' id='word_1_203' title='bbox 788 2217 827 2281; x_wconf 84' lang='lat' dir='ltr'>qui</span> 
     </span>
     <span class='ocr_line' id='line_1_28' title="bbox 35 2282 826 2353; baseline 0.018 -29"><span class='ocrx_word' id='word_1_204' title='bbox 35 2282 95 2333; x_wconf 51' lang='lat' dir='ltr'>rinna</span> <span class='ocrx_word' id='word_1_205' title='bbox 107 2285 172 2340; x_wconf 78' lang='lat' dir='ltr'>simul</span> <span class='ocrx_word' id='word_1_206' title='bbox 194 2303 240 2340; x_wconf 84' lang='lat' dir='ltr'>suo</span> <span class='ocrx_word' id='word_1_207' title='bbox 258 2290 379 2340; x_wconf 82' lang='lat' dir='ltr'>intellectu</span> <span class='ocrx_word' id='word_1_208' title='bbox 396 2289 583 2353; x_wconf 83' lang='lat' dir='ltr'>comprehendit,</span> <span class='ocrx_word' id='word_1_209' title='bbox 608 2302 636 2340; x_wconf 88' lang='lat' dir='ltr'>ea</span> <span class='ocrx_word' id='word_1_210' title='bbox 653 2288 703 2353; x_wconf 84' lang='lat' dir='ltr'>ipsa</span> <span class='ocrx_word' id='word_1_211' title='bbox 724 2289 826 2338; x_wconf 85' lang='lat' dir='ltr'>doctrina</span> 
     </span>
     <span class='ocr_line' id='line_1_29' title="bbox 36 2351 824 2431; baseline 0.005 -26"><span class='ocrx_word' id='word_1_212' title='bbox 36 2351 119 2431; x_wconf 64' lang='lat' dir='ltr'>&gt;tutona</span> <span class='ocrx_word' id='word_1_213' title='bbox 131 2359 210 2411; x_wconf 86' lang='lat' dir='ltr'>littera</span> <span class='ocrx_word' id='word_1_214' title='bbox 224 2361 304 2424; x_wconf 86' lang='lat' dir='ltr'>plures</span> <span class='ocrx_word' id='word_1_215' title='bbox 321 2373 405 2411; x_wconf 84' lang='lat' dir='ltr'>sensus</span> <span class='ocrx_word' id='word_1_216' title='bbox 420 2360 489 2410; x_wconf 89' lang='lat' dir='ltr'>habet</span> <span class='ocrx_word' id='word_1_217' title='bbox 496 2398 505 2424; x_wconf 94' lang='lat'>,</span> <span class='ocrx_word' id='word_1_218' title='bbox 523 2361 645 2411; x_wconf 87' lang='lat' dir='ltr'>litteralem</span> <span class='ocrx_word' id='word_1_219' title='bbox 663 2359 824 2423; x_wconf 83' lang='lat' dir='ltr'>multiplicem,</span> 
     </span>
     <span class='ocr_line' id='line_1_30' title="bbox 37 2427 827 2566; baseline 0.003 -88"><span class='ocrx_word' id='word_1_220' title='bbox 37 2427 154 2566; x_wconf 48' lang='lat' dir='ltr'>iucludet?</span> <span class='ocrx_word' id='word_1_221' title='bbox 163 2432 297 2497; x_wconf 85' lang='lat' dir='ltr'>triplicem,</span> <span class='ocrx_word' id='word_1_222' title='bbox 309 2431 418 2484; x_wconf 80' lang='lat' dir='ltr'>videlicet</span> <span class='ocrx_word' id='word_1_223' title='bbox 431 2432 592 2497; x_wconf 79' lang='lat' dir='ltr'>allegoricum,</span> <span class='ocrx_word' id='word_1_224' title='bbox 600 2432 723 2495; x_wconf 85' lang='lat' dir='ltr'>moralem,</span> <span class='ocrx_word' id='word_1_225' title='bbox 737 2435 761 2482; x_wconf 87' lang='lat' dir='ltr'>ct</span> <span class='ocrx_word' id='word_1_226' title='bbox 772 2444 827 2481; x_wconf 85' lang='lat' dir='ltr'>ana·</span> 
     </span>
     <span class='ocr_line' id='line_1_31' title="bbox 37 2504 127 2551; baseline 0.078 -7"><span class='ocrx_word' id='word_1_227' title='bbox 37 2504 127 2551; x_wconf 59' lang='lat' dir='ltr'>fuirum.</span> 
     </span>
    </p>

    <p class='ocr_par' dir='ltr' id='par_1_8' title="bbox 36 2565 827 2639">
     <span class='ocr_line' id='line_1_32' title="bbox 36 2565 827 2639; baseline 0.005 -20"><span class='ocrx_word' id='word_1_228' title='bbox 36 2631 39 2635; x_wconf 19' lang='grc' dir='ltr'>Ι</span> <span class='ocrx_word' id='word_1_229' title='bbox 60 2565 181 2632; x_wconf 76' lang='lat' dir='ltr'>despondeo</span> <span class='ocrx_word' id='word_1_230' title='bbox 193 2573 331 2639; x_wconf 86' lang='lat' dir='ltr'>dicendum,</span> <span class='ocrx_word' id='word_1_231' title='bbox 344 2572 406 2639; x_wconf 82' lang='lat' dir='ltr'>quod</span> <span class='ocrx_word' id='word_1_232' title='bbox 418 2578 494 2627; x_wconf 87' lang='lat' dir='ltr'>auctor</span> <span class='ocrx_word' id='word_1_233' title='bbox 507 2589 576 2626; x_wconf 80' lang='lat' dir='ltr'>sacra</span> <span class='ocrx_word' id='word_1_234' title='bbox 589 2575 710 2638; x_wconf 72' lang='lat' dir='ltr'>Scriptura</span> <span class='ocrx_word' id='word_1_235' title='bbox 720 2576 756 2623; x_wconf 91' lang='lat' dir='ltr'>est</span> <span class='ocrx_word' id='word_1_236' title='bbox 766 2576 827 2623; x_wconf 86' lang='lat' dir='ltr'>Deus</span> 
     </span>
    </p>
   </div>
   <div class='ocr_carea' id='block_1_5' title="bbox 29 2638 828 2970">
    <p class='ocr_par' dir='ltr' id='par_1_9' title="bbox 34 2638 826 2736">
     <span class='ocr_line' id='line_1_33' title="bbox 34 2638 826 2736; baseline -0.015 -31"><span class='ocrx_word' id='word_1_237' title='bbox 34 2646 51 2680; x_wconf 74' lang='lat'>¹¹¹</span> <span class='ocrx_word' id='word_1_238' title='bbox 63 2638 119 2704; x_wconf 77' lang='lat' dir='ltr'>cujus</span> <span class='ocrx_word' id='word_1_239' title='bbox 137 2649 254 2728; x_wconf 65' lang='lat' dir='ltr'>potestate</span> <span class='ocrx_word' id='word_1_240' title='bbox 275 2650 323 2711; x_wconf 88' lang='lat' dir='ltr'>est,</span> <span class='ocrx_word' id='word_1_241' title='bbox 338 2649 365 2697; x_wconf 90' lang='lat' dir='ltr'>ut</span> <span class='ocrx_word' id='word_1_242' title='bbox 380 2659 427 2696; x_wconf 90' lang='lat' dir='ltr'>non</span> <span class='ocrx_word' id='word_1_243' title='bbox 443 2647 516 2698; x_wconf 89' lang='lat' dir='ltr'>solum</span> <span class='ocrx_word' id='word_1_244' title='bbox 527 2659 594 2697; x_wconf 87' lang='lat' dir='ltr'>voces</span> <span class='ocrx_word' id='word_1_245' title='bbox 612 2646 641 2695; x_wconf 88' lang='lat' dir='ltr'>ad</span> <span class='ocrx_word' id='word_1_246' title='bbox 654 2644 826 2736; x_wconf 57' lang='lat' dir='ltr'>⁸³⁰¹¹ffiQQ¹¹¹</span> 
     </span>
    </p>

    <p class='ocr_par' dir='ltr' id='par_1_10' title="bbox 29 2772 828 2970">
     <span class='ocr_line' id='line_1_34' title="bbox 58 2772 825 2842; baseline -0.004 -17"><span class='ocrx_word' id='word_1_247' title='bbox 58 2772 84 2834; x_wconf 73' lang='lat' dir='ltr'>til</span> <span class='ocrx_word' id='word_1_248' title='bbox 95 2779 169 2827; x_wconf 84' lang='lat' dir='ltr'>ltelris</span> <span class='ocrx_word' id='word_1_249' title='bbox 180 2783 255 2829; x_wconf 84' lang='lat' dir='ltr'>etiam</span> <span class='ocrx_word' id='word_1_250' title='bbox 266 2783 348 2837; x_wconf 81' lang='lat' dir='ltr'>Quodl.</span> <span class='ocrx_word' id='word_1_251' title='bbox 361 2783 386 2839; x_wconf 85' lang='lat'>¹1,</span> <span class='ocrx_word' id='word_1_252' title='bbox 398 2794 436 2839; x_wconf 85' lang='lat' dir='ltr'>qu.</span> <span class='ocrx_word' id='word_1_253' title='bbox 452 2781 482 2842; x_wconf 82' lang='lat'>6,</span> <span class='ocrx_word' id='word_1_254' title='bbox 498 2788 542 2829; x_wconf 83' lang='lat' dir='ltr'>art.</span> <span class='ocrx_word' id='word_1_255' title='bbox 558 2781 587 2841; x_wconf 85' lang='lat'>1,</span> <span class='ocrx_word' id='word_1_256' title='bbox 599 2783 614 2826; x_wconf 71' lang='lat'>2</span> <span class='ocrx_word' id='word_1_257' title='bbox 628 2789 652 2827; x_wconf 86' lang='lat' dir='ltr'>et</span> <span class='ocrx_word' id='word_1_258' title='bbox 661 2782 685 2841; x_wconf 79' lang='grc'>3,</span> <span class='ocrx_word' id='word_1_259' title='bbox 701 2787 725 2826; x_wconf 83' lang='lat' dir='ltr'>et</span> <span class='ocrx_word' id='word_1_260' title='bbox 735 2794 775 2838; x_wconf 85' lang='lat' dir='ltr'>qu.</span> <span class='ocrx_word' id='word_1_261' title='bbox 794 2778 825 2836; x_wconf 84' lang='lat' dir='ltr'>t,</span> 
     </span>
     <span class='ocr_line' id='line_1_35' title="bbox 31 2833 828 2906; baseline -0.01 -14"><span class='ocrx_word' id='word_1_262' title='bbox 31 2833 53 2902; x_wconf 59' lang='lat'>¹¹?</span> <span class='ocrx_word' id='word_1_263' title='bbox 63 2845 157 2892; x_wconf 73' lang='lat' dir='ltr'>uolentia</span> <span class='ocrx_word' id='word_1_264' title='bbox 167 2851 215 2892; x_wconf 85' lang='lat' dir='ltr'>art.</span> <span class='ocrx_word' id='word_1_265' title='bbox 224 2846 248 2906; x_wconf 87' lang='lat'>1,</span> <span class='ocrx_word' id='word_1_266' title='bbox 261 2853 288 2891; x_wconf 88' lang='lat' dir='ltr'>ut</span> <span class='ocrx_word' id='word_1_267' title='bbox 295 2845 355 2906; x_wconf 76' lang='lat' dir='ltr'>etl,</span> <span class='ocrx_word' id='word_1_268' title='bbox 370 2843 605 2905; x_wconf 73' lang='lat' dir='ltr'>Seot.dist.21,qu.</span> <span class='ocrx_word' id='word_1_269' title='bbox 619 2843 642 2905; x_wconf 89' lang='lat'>1,</span> <span class='ocrx_word' id='word_1_270' title='bbox 655 2850 700 2891; x_wconf 85' lang='lat' dir='ltr'>art.</span> <span class='ocrx_word' id='word_1_271' title='bbox 711 2844 739 2898; x_wconf 79' lang='lat'>2;</span> <span class='ocrx_word' id='word_1_272' title='bbox 752 2851 828 2898; x_wconf 62' lang='lat' dir='ltr'>quaes</span> 
     </span>
     <span class='ocr_line' id='line_1_36' title="bbox 29 2903 582 2970; baseline 0.025 -32"><span class='ocrx_word' id='word_1_273' title='bbox 29 2905 91 2947; x_wconf 80' lang='grc' dir='ltr'>ιιιιιιι,</span> <span class='ocrx_word' id='word_1_274' title='bbox 102 2903 125 2966; x_wconf 78' lang='lat'>8,</span> <span class='ocrx_word' id='word_1_275' title='bbox 137 2908 166 2954; x_wconf 81' lang='lat' dir='ltr'>ad</span> <span class='ocrx_word' id='word_1_276' title='bbox 175 2908 201 2969; x_wconf 80' lang='grc'>3,</span> <span class='ocrx_word' id='word_1_277' title='bbox 215 2915 239 2956; x_wconf 85' lang='lat' dir='ltr'>et</span> <span class='ocrx_word' id='word_1_278' title='bbox 250 2909 280 2956; x_wconf 84' lang='lat' dir='ltr'>ad</span> <span class='ocrx_word' id='word_1_279' title='bbox 289 2910 341 2957; x_wconf 77' lang='lat' dir='ltr'>(tol.</span> <span class='ocrx_word' id='word_1_280' title='bbox 354 2906 380 2970; x_wconf 75' lang='lat' dir='ltr'>d,</span> <span class='ocrx_word' id='word_1_281' title='bbox 392 2907 449 2956; x_wconf 85' lang='lat' dir='ltr'>leot.</span> <span class='ocrx_word' id='word_1_282' title='bbox 460 2907 484 2970; x_wconf 81' lang='grc'>6,</span> <span class='ocrx_word' id='word_1_283' title='bbox 499 2909 546 2954; x_wconf 88' lang='lat' dir='ltr'>ool.</span> <span class='ocrx_word' id='word_1_284' title='bbox 558 2907 582 2953; x_wconf 78' lang='lat'>³.</span> 
     </span>
    </p>
   </div>
   <div class='ocr_carea' id='block_1_6' title="bbox 0 0 1000 3342">
    <p class='ocr_par' dir='ltr' id='par_1_11' title="bbox 0 0 1000 3342">
     <span class='ocr_line' id='line_1_37' title="bbox 0 0 1000 3342; baseline 0 0"><span class='ocrx_word' id='word_1_285' title='bbox 0 0 1000 3342; x_wconf 95' lang='lat' dir='ltr'> </span> 
     </span>
    </p>
   </div>
  </div>
 </body>
</html>
