1992 3342
127 221 173 272 'l‘ll
329 231 391 270 rans
402 232 426 282 r,
440 229 533 276 onam.
547 227 612 281 uma,
627 229 682 270 aaa.
695 230 723 268 n.

126 310 196 378 quud
208 309 274 375 gelu
282 311 332 371 est‚·
341 307 402 358 uirea
411 308 473 372 qnod
482 321 527 359 nou
537 311 612 370 errat,
623 307 766 372 sioutnsqua
775 319 859 359 sensus
869 308 929 360 rium
988 294 990 385 l

126 384 243 450 pmprium
256 380 372 434 sensibile.
386 380 490 444 sicergo
503 379 611 431 essentias
622 393 698 431 rerum
707 379 863 431 materialium
877 386 930 433 suut

126 457 152 507 in
164 455 277 507 intellectu
291 453 390 504 bominis
404 453 441 504 vel
457 451 545 516 angeli,
559 454 586 502 ut
600 452 741 503 intellectum
754 457 791 502 eat
803 452 831 503 in
846 452 930 506 intelli-

127 531 210 592 gente,
221 531 246 578 et
258 539 304 577 non
317 524 441 576 sennanim
455 537 506 574 esra
519 537 586 574 sunm
599 523 669 575 rems.
685 523 796 582 Quadam
806 525 866 576 uerb
881 529 931 576 snut

126 613 178 664 uun
191 601 245 650 sunl
257 597 280 648 in
291 598 409 648 intellectu
420 596 457 646 sel
465 595 490 646 in
501 595 586 656 anima,
598 594 723 646 manualium
735 599 863 662 utrumque
872 613 930 649 esse:

127 673 150 723 el
163 675 309 734 utrorumque
324 672 360 722 est
372 668 431 720 visio
444 667 613 720 intellectualis.

158 744 192 793 lo
203 743 294 794 tertium
306 742 434 802 dicendum,
445 739 505 806 qubd
517 740 537 790 si
550 739 645 803 angulum
653 741 767 806 aoeiperet
779 743 932 807 rugnibonm

127 829 201 866 rorum
215 813 363 865 materialium
375 814 403 863 ab
413 811 471 876 ipsis
483 812 552 864 rebus
563 812 733 877 matronalibus,
746 819 869 879 oporteret
877 816 933 880 qum

127 888 211 937 laceret
227 899 266 937 aas
283 884 543 950 instimularentur,
558 885 708 936 abstrahendo
723 899 770 938 aas
789 887 845 938 Non
860 893 934 940 numm

128 959 210 1023 ancipit
220 957 371 1022 cognitionem
384 970 461 1007 earnm
470 956 483 1006 l
493 957 560 1007 robus
568 955 731 1018 materialibus,
741 960 784 1009 sed
792 973 838 1024 per
846 960 934 1025 suemus

128 1033 179 1081 netu
192 1027 344 1094 intelligibiles
360 1043 433 1082 rerum
447 1028 491 1080 sibi
504 1030 676 1090 manaturum,
688 1043 764 1080 rerum
780 1033 934 1085 materialium

128 1102 232 1153 notitiam
242 1101 318 1163 babel,
334 1102 392 1152 sicut
403 1101 531 1152 intellectus
542 1103 620 1152 noster
633 1100 759 1153 seonudirm
773 1103 869 1168 specim
882 1118 935 1170 guas

127 1173 281 1242 intelligibiles
296 1174 351 1225 lacit
363 1173 522 1225 abstrahendo.

423 1326 628 1380 articulosa
705 1379 710 1386 ,

292 1445 378 1491 Utra'om
387 1445 488 1502 angelus
496 1447 622 1501 eognoscat
630 1444 777 1501 singularia.

160 1565 194 1616 ld
211 1564 335 1616 secundum
349 1563 382 1614 sin
397 1561 577 1627 proselitum).
594 1562 688 1614 Videtur
699 1562 760 1626 quid
774 1565 874 1628 angulus
887 1565 934 1616 siu·

128 1636 215 1699 gularia
235 1649 280 1686 nou
295 1637 425 1698 mguoseal.
442 1633 503 1684 llicit
522 1633 587 1684 euim
604 1633 759 1697 Philosophus
777 1634 802 1684 in
822 1636 841 1686 l.
865 1640 932 1686 Post.

130 1708 195 1771 (text.
208 1707 256 1771 tl),
271 1705 331 1770 qubrl
342 1722 356 1754 o
367 1718 448 1757 seusus
459 1708 495 1756 est
508 1704 668 1768 singularium,
679 1704 737 1755 ratio
748 1706 804 1757 verb
814 1708 853 1758 sel
867 1708 933 1758 intel

128 1780 202 1832 lectus
210 1777 382 1829 uniuersalium.
390 1795 402 1825 ι
410 1777 533 1842 luangelis
544 1780 620 1827 autem
628 1780 717 1828 nonest
727 1777 765 1828 sis
776 1780 933 1841 ooguosoilira

129 1851 175 1902 nisi
185 1851 327 1913 intellectus,
340 1853 365 1902 ut
375 1863 405 1900 en
418 1849 573 1915 superioribus
585 1852 648 1914 putot
662 1849 709 1912 (qu.
722 1852 761 1911 bt,
773 1853 819 1900 art.
828 1850 864 1915 5).
876 1853 933 1915 Ergo

130 1921 252 1986 singularia
262 1936 310 1972 non
324 1925 471 1985 cognoscunt.

162 1999 184 2044 l.
202 1995 323 2054 Prmlerea
333 1993 408 2044 omnis
420 1992 522 2056 cognitio
532 1997 568 2044 est
580 2007 621 2058 per
631 1991 823 2045 assimilationem
834 1994 932 2058 aliquam

130 2065 287 2129 cognoscentis
306 2065 334 2116 ml
348 2063 472 2130 cognitum.
488 2066 532 2116 Sed
549 2078 596 2115 non
611 2063 701 2114 uidetur
714 2063 775 2126 quid
789 2066 867 2128 possit
883 2079 932 2117 esso

130 2139 206 2202 aliqua
219 2134 350 2188 assimilatio
366 2134 440 2199 angeli
455 2137 483 2186 ml
503 2136 630 2200 singulare,
641 2135 666 2186 iu
681 2140 795 2199 quantum
805 2142 845 2187 est
857 2137 933 2202 singu

130 2210 191 2272 lare3
204 2207 257 2258 oium
267 2208 360 2272 angelus
370 2207 399 2258 sit
408 2207 607 2266 immaterialium
615 2205 777 2272 suprirliotum
787 2212 825 2259 est
835 2210 886 2274 (qu.
894 2214 931 2272 bt,

131 2287 174 2330 art.
191 2279 234 2345 Ξ),
252 2277 417 2344 singularitatis
434 2278 487 2329 verb
501 2278 638 2343 principium
651 2279 683 2331 sil
699 2279 805 2330 matoria.
819 2282 883 2348 Ergo
894 2296 932 2335 au

132 2353 197 2414 gelus
213 2365 259 2402 nou
271 2354 347 2415 potest
359 2363 495 2414 uugnusoern
510 2349 642 2414 singularia.

165 2427 186 2472 3.
197 2425 323 2486 Praeterea,
338 2423 359 2473 si
373 2423 466 2486 angelus
478 2421 523 2472 soil
532 2421 668 2486 singularia,
678 2424 718 2471 aut
730 2435 772 2485 per
784 2423 878 2488 speeies
889 2425 933 2474 sin

132 2495 231 2559 gulsros,
245 2497 284 2544 aut
296 2508 337 2558 per
347 2493 436 2558 species
447 2493 605 2556 uniuersales,
615 2507 661 2544 non
670 2506 712 2559 per
724 2493 870 2566 singulares,
881 2497 933 2560 qnia

133 2565 167 2616 sio
183 2569 297 2630 oporteret
311 2564 371 2628 qubrl
387 2565 480 2616 baberet
497 2565 586 2629 species
599 2565 713 2629 infinitas;
729 2578 805 2628 neque
825 2580 869 2632 per
881 2569 933 2618 uni-

133 2637 242 2699 versales,
252 2637 304 2700 quia
318 2636 446 2688 universale
459 2650 504 2697 non
516 2639 553 2687 esl
564 2637 680 2689 sufficiens
689 2635 829 2705 pnuoipium
839 2653 933 2703 oognos

134 2708 199 2759 cendi
215 2707 331 2770 singulare
345 2707 371 2782 iu
384 2711 493 2773 quantum
512 2712 549 2758 est
562 2707 690 2772 singulare,
701 2706 754 2758 eun
765 2707 793 2761 iu
810 2710 934 2762 uniuersali

168 2831 199 2896 (1)
213 2835 245 2878 ns
261 2833 297 2878 uu
315 2813 468 2897 suanum,
482 2837 566 2888 seua,
584 2838 638 2884 usu.
653 2837 681 2896 s,
700 2851 741 2896 qu.
758 2837 786 2898 s,
806 2845 853 2886 aro.
865 2839 893 2895 s;
913 2846 936 2886 u

136 2895 227 2942 Contra
241 2895 325 2944 Geni„
336 2897 378 2943 lib.
393 2901 430 2958 11,
442 2911 494 2958 nup.
507 2899 553 2955 983
568 2912 609 2957 qu.
620 2901 650 2959 8,
664 2901 692 2946 de
705 2901 783 2963 verit,
798 2909 845 2950 ort.
855 2903 901 2965 tl,
913 2909 935 2950 el

133 2969 174 3012 qu.
190 2957 229 3016 lo,
244 2962 287 3003 art·
302 2955 333 3010 5.
349 2962 477 3020 etogium.
494 2964 551 3023 XV,
561 2975 617 3022 nep.
631 2963 663 3011 18
675 2970 700 3011 et
711 2962 750 3011 15.
