1992 3342
168 209 199 247 us
214 192 377 249 riunrscrrorrrr
392 207 535 248 momorum
550 208 575 245 m
591 209 649 247 sess
663 207 766 247 onoma.
819 188 869 244 tat

68 286 126 338 sicum
139 287 231 338 arbores
244 289 268 344 et
281 283 402 342 animalia.
421 288 444 334 et
457 283 502 334 alia
517 283 658 348 hujusmodi.
672 284 815 334 Manifestum
829 287 867 334 est

67 361 143 407 autem
160 356 221 419 quod
241 353 311 419 gratia
324 359 412 419 gratum
429 355 515 405 faciens
528 358 572 406 troo
589 357 656 406 modo
673 359 815 420 comparatur
837 357 867 406 ad

68 427 230 478 beatitudinem
238 465 245 486 ,
254 427 312 476 sicut
325 425 383 476 ratio
396 426 510 477 seminalis
517 426 542 479 iu
550 430 630 476 natura
643 427 671 476 ad
681 426 786 476 ellectum
797 430 865 476 natu-

68 499 151 562 ralem3
168 499 254 549 undel.
267 499 349 554 loon..
359 498 399 560 ΙΙΙ,
413 496 486 560 gralia
501 513 583 547 semen
597 499 644 547 Dei
653 497 790 547 nominatur.
800 497 868 547 Siout

68 570 137 634 igitur
151 569 275 620 secundum
290 569 420 634 opinionem
438 569 559 632 Augustini
575 569 666 632 ponitur
681 569 740 632 quod
754 568 830 618 statim
840 568 866 616 in

70 641 144 705 prima
160 641 271 694 creatione
282 639 403 704 corporalis
416 645 542 704 ereatura„
553 639 630 690 indita
645 640 734 690 suntsi
745 640 867 690 seminales

69 713 168 763 rationes
177 712 277 762 omnium
290 713 425 763 naturalium
439 701 576 775 effectuum,
590 711 622 761 ita
634 711 712 762 statim
724 712 738 762 ὲ
751 711 866 776 principio

70 787 122 834 suut
136 783 211 846 angeli
220 783 289 834 creati
301 783 325 832 in
337 783 416 846 gratia.

101 855 241 918 ltprimum
252 868 305 918 ergo
315 853 434 904 dicendum
441 851 515 916 ,quod
525 852 654 904 informitas
661 853 699 904 illa
706 853 782 917 angeli
791 856 867 917 potest

68 925 165 989 intelligi
179 927 216 976 rel
228 941 267 992 per
284 926 473 992 comparationem
487 925 517 974 ad
529 924 687 975 formationem
695 925 780 989 gloria,
790 929 814 974 et
832 924 867 974 sis

69 997 185 1061 praetessit
199 1001 300 1061 ternpore
316 996 441 1046 informitas
453 996 624 1059 formationem
641 996 679 1044 vel
692 1010 732 1059 per
747 1008 866 1059 eompara-

67 1068 155 1118 tionem
170 1068 198 1118 ad
214 1067 372 1118 formationem
390 1065 467 1129 gratia
475 1103 484 1130 ‚
501 1070 524 1117 et
541 1067 575 1118 sir
589 1079 635 1116 non
652 1066 768 1129 processit
786 1067 865 1116 ordine

68 1135 191 1202 temporis,
207 1139 246 1190 sed
260 1139 337 1190 ordine
354 1143 451 1204 natura,
469 1138 530 1188 siout
544 1137 612 1190 etam
627 1136 798 1190 deformatione
811 1151 866 1191 tor-

67 1211 142 1277 porali
157 1209 294 1274 Augustinus
308 1211 380 1274 ponit.

100 1284 134 1332 Ad
148 1282 271 1352 secundum
290 1280 501 1344 tortuosorum
514 1280 589 1332 omnis
604 1282 673 1331 forma
688 1276 781 1330 inclinat
796 1293 863 1330 suum

67 1353 196 1417 subjeetum
207 1352 331 1402 secundum
341 1354 433 1403 modum
444 1363 531 1404 naturae
544 1352 603 1416 ejus.
619 1352 697 1402 Modus
705 1355 782 1402 autem
797 1354 865 1400 natu-

68 1426 126 1477 ralis
137 1423 297 1474 intellectualis
311 1429 395 1475 naturae
408 1427 442 1479 est
455 1428 482 1492 ut
493 1424 563 1474 libert
574 1425 658 1474 teratur
668 1424 693 1474 in
704 1437 732 1473 ea
741 1436 792 1487 qua
802 1423 864 1485 urnt3

68 1503 94 1550 et
109 1497 161 1547 ideo
177 1495 294 1559 inclinatio
308 1496 384 1560 gratia
402 1510 448 1546 non
464 1495 560 1560 imponit
575 1495 751 1557 necessitatem,
766 1495 806 1546 sed
820 1495 868 1544 lra-

68 1571 128 1620 bens
142 1567 238 1632 gratiam
251 1571 325 1630 potest
339 1567 366 1617 et
384 1581 429 1618 non
443 1568 477 1618 uti
490 1571 514 1617 et
529 1579 633 1631 peecare.

103 1641 136 1690 lid
146 1639 237 1689 tertium
246 1639 379 1702 dicendum,
392 1637 451 1702 quod
460 1637 566 1706 quamuis
573 1637 645 1701 gratia
658 1636 689 1688 sit
699 1636 800 1688 medium
808 1635 868 1686 inter

68 1714 173 1764 naturam
187 1706 329 1772 etgloriam,
340 1709 417 1760 ordine
430 1713 531 1770 naturae‘,
544 1713 620 1759 tarum
629 1709 708 1759 ordine
718 1707 828 1772 temporis
843 1709 869 1759 in

69 1785 151 1830 natura
167 1783 242 1829 creata
260 1793 306 1830 non
317 1779 393 1829 debuit
409 1779 476 1830 simul
495 1792 546 1830 esse
559 1778 630 1841 gloria
642 1792 694 1828 oum
708 1781 799 1841 natura,
816 1777 869 1841 quia

72 1857 109 1902 est
120 1849 172 1900 linis
190 1850 328 1914 operationis
340 1850 412 1915 ipsius
426 1855 513 1900 aalma
527 1850 675 1915 pergratiam
689 1851 781 1910 adjuta.
792 1849 870 1898 Gratia

69 1927 148 1980 autem
161 1935 208 1980 non
219 1935 243 1975 se
258 1923 328 1972 habet
340 1926 365 1973 ut
378 1921 431 1971 finis
440 1921 580 1985 operationis
592 1921 660 1984 (quia
672 1934 719 1971 non
728 1924 765 1970 est
774 1934 804 1970 ex
813 1934 871 1984 ope·

71 1994 134 2045 ribus
142 1993 164 2056 l,
175 1995 216 2044 serl
229 1997 255 2044 ut
265 1993 401 2058 principium
414 1995 473 2044 irene
486 1994 613 2057 operandi3
628 1997 651 2043 et
662 1993 715 2044 ideo
727 1992 805 2043 statim
817 2007 870 2042 oum

70 2069 152 2118 natrrra
166 2063 261 2127 gratiam
275 2065 328 2117 dare
338 2065 476 2118 conveniens
486 2064 540 2115 luit.

365 2188 526 2268 rnrroonus
542 2216 579 2266 rr.

78 2343 81 2350 ’
135 2333 220 2378 Utrrtm
230 2333 330 2389 oppetas
338 2331 419 2376 bealae
428 2343 496 2375 sturm
508 2330 677 2375 beatitudinem
686 2330 808 2376 meruerit.

104 2451 139 2500 Ad
154 2455 258 2513 quartum
272 2449 305 2500 sic
313 2449 441 2514 proceditur
450 2447 493 2514 (l).
508 2448 603 2499 Videtur
614 2448 675 2512 quid
685 2450 779 2512 angelus
788 2449 871 2500 leatus

70 2535 137 2572 suam
150 2521 313 2570 beatitudinem
323 2532 369 2570 non
378 2520 492 2570 meruerit.
504 2519 607 2570 lleriturn
617 2516 723 2570 enim‘est
732 2533 761 2569 ex
770 2520 869 2570 diiiioul·

72 2595 121 2642 tate
135 2592 199 2641 astris
208 2591 325 2641 meritorii.
336 2591 382 2642 Sed
390 2593 475 2641 nullam
485 2591 642 2640 difficultatem
651 2593 745 2654 angelus
754 2593 833 2642 habuit
841 2592 869 2642 ad

71 2665 133 2716 nene
148 2663 293 2728 operandum.
307 2665 366 2725 Ergo
376 2663 435 2713 bona
444 2661 546 2726 operatio
556 2676 601 2712 non
610 2662 654 2712 luit
666 2662 688 2713 ei
699 2663 822 2714 meritoria.

104 2740 130 2786 a.
146 2737 275 2796 Praeterea,
291 2751 305 2782 o
316 2735 454 2784 naturalibus
472 2747 518 2784 non
538 2747 664 2799 meremor3
681 2751 695 2782 o
714 2736 754 2785 sed
771 2733 872 2784 naturale

108 2851 138 2915 (a)
155 2857 187 2900 oe
202 2853 238 2900 ms
250 2835 330 2908 'oriam
344 2855 368 2898 m
378 2854 416 2910 rr,
430 2853 509 2904 seor„
526 2853 580 2899 orsu.
598 2853 629 2912 o,
641 2867 681 2911 qu.
697 2855 729 2913 a,
742 2860 786 2900 or
801 2853 832 2906 ὴ
848 2858 875 2898 or

74 2917 178 2976 Quodl„
191 2919 236 2974 lli,
251 2929 290 2973 qu.
301 2913 330 2976 l,
346 2921 389 2980 art.
401 2915 424 2962 3.
