1992 3342
100 221 147 271 toi
277 231 339 271 suus
351 231 372 281 r,
387 230 478 277 oum.
495 228 579 280 mm,
592 228 648 269 mr.
664 226 718 269 utu.

99 308 192 359 venitur
209 307 350 373 appropriari
364 306 440 370 Filio,
455 306 580 359 sccundim
597 306 654 357 illud
668 306 694 356 ·l.
714 303 750 354 cd
770 304 841 362 Cor„
860 304 871 355 l
891 320 898 353 :

101 397 116 425 rr
125 380 239 430 Christum
247 378 289 429 liei
298 379 421 442 uirtutem3
433 396 448 426 u
460 379 561 429 etetiam
570 378 666 442 Spiritui
673 382 762 439 sancto,
773 375 900 425 secundini

99 451 170 515 illud,
185 453 254 513 luc,
264 452 294 499 ltl
308 452 359 515 tlt:
375 451 474 501 «Virtus
489 451 518 500 de
534 449 574 499 illo
594 450 685 511 exibat,
699 452 723 498 ct
737 448 835 497 sanaim
853 462 901 497 onr-

101 537 179 573 nes.»
192 526 243 574 lton
253 536 309 585 crgo
321 523 424 587 potentia
434 522 495 572 Patri
507 525 542 571 ost
551 520 726 585 approprlanda.

131 597 190 645 ltem
203 594 343 658 Augustinus
356 595 381 644 in
392 596 433 645 litt.
448 594 482 643 de
499 596 568 643 Tria.
583 592 638 643 dicit
650 592 704 656 (lib.
716 592 755 653 vl,
768 605 824 654 cap.
838 590 902 654 tt):

102 685 116 714 a
125 669 176 718 Non
188 666 281 717 contusi
298 667 455 731 accipiendum
466 670 502 716 est
515 665 574 729 quod
587 665 620 715 ait
633 664 754 728 Apostolus
771 679 777 713 r
792 664 828 713 lix
840 664 905 727 ipso,

103 744 127 790 ot
140 753 182 804 per
194 740 286 804 ipsum,
303 744 326 790 et
342 740 367 789 in
381 740 445 804 ipso;
460 754 489 790 ex
504 739 570 803 ipso,
584 737 661 788 dicens
680 740 774 801 propter
792 737 905 799 Patrem,

102 826 143 875 per
156 811 230 876 ipsum
239 816 332 875 propter
340 811 432 874 lilium,
444 812 468 859 in
477 809 527 875 ipso
535 814 629 880 propter
640 808 751 873 Spiritum
762 810 884 859 sanctum.
893 824 907 853 rr

103 883 150 933 sed
161 882 251 933 vidctnr
263 883 324 947 quod
336 881 526 934 inconvenienter
541 898 547 931 :
560 880 613 945 quia
625 894 667 945 per
679 882 723 931 lroc
734 880 796 945 qnod
809 880 869 930 dicit
882 882 909 929 tn

106 957 169 1021 ipso,
181 954 271 1005 uidetur
284 955 401 1020 importari
413 954 521 1005 habitudo
535 967 611 1003 rausa
626 952 715 1016 dualis,
723 966 774 1017 qua
784 958 821 1003 est
832 952 910 1017 prima

106 1038 233 1075 causarum.
253 1028 311 1089 llrgo
323 1026 432 1077 habitudo
443 1039 517 1076 causae
531 1026 624 1076 deberet
637 1024 778 1089 appropriari
789 1024 855 1073 Patri
870 1022 912 1087 qui

106 1100 141 1146 est
153 1098 311 1163 principium
324 1113 372 1147 non
384 1096 417 1147 de
429 1098 567 1163 primipio.

138 1169 197 1218 Item
202 1205 211 1230 ,
221 1168 337 1221 inuenitur
346 1170 445 1219 veritos
459 1169 602 1232 appropriari
617 1168 675 1219 Filio
682 1167 829 1233 ‚munuum
843 1168 911 1231 illud,

107 1242 190 1295 toan„
203 1241 254 1291 xlv
266 1256 271 1289 :
288 1242 360 1303 «Ego
372 1254 421 1289 snm
435 1240 482 1303 uia,
494 1240 580 1289 ueritas
594 1245 618 1289 et
630 1241 689 1303 vita3
703 1256 716 1285 u
725 1238 831 1288 similiter
846 1240 914 1289 liber·

108 1312 176 1370 rritae,
187 1310 312 1363 secundnm
321 1312 386 1369 illud,
395 1312 491 1360 Psnlnr.
502 1310 611 1362 lllilllll:
625 1330 639 1359 «
650 1312 677 1361 ln
687 1311 762 1375 capite
774 1310 829 1361 lion
840 1312 914 1376 scrip

108 1387 157 1433 tum
168 1390 203 1433 est
216 1384 244 1435 de
255 1397 293 1434 me
307 1383 427 1448 (filusna),
443 1382 465 1432 id
483 1388 518 1433 est
532 1383 591 1449 apud
610 1384 713 1447 Patrem,
730 1382 770 1447 qui
790 1386 827 1433 est
844 1388 914 1449 ceput
981 1398 982 1435 t

109 1470 185 1506 meum
197 1456 244 1522 (t);
255 1474 269 1503 u
281 1461 305 1506 et
319 1455 422 1507 similiter
432 1458 477 1506 hoc
491 1456 549 1520 quod
564 1456 629 1519 dieo,
643 1457 689 1521 qui
701 1459 754 1512 ert,
773 1456 829 1519 quia
843 1470 915 1521 super
981 1462 982 1509 1

109 1526 167 1577 illud
172 1566 180 1591 ‚
192 1530 253 1578 lsai.
269 1528 325 1579 lxv
338 1543 344 1576 :
359 1529 440 1577 «Ecce
452 1541 494 1589 ego
508 1527 537 1577 ad
551 1532 640 1590 gentes,
648 1543 662 1573 »
672 1527 729 1577 dicit
740 1528 839 1577 Glossa:
853 1547 867 1575 rr
877 1529 916 1577 Γι-

109 1598 155 1648 lins
168 1599 266 1663 loquitur
276 1598 315 1663 qni
329 1598 386 1649 dixit
396 1599 468 1663 lloysi
480 1600 544 1661 :Ego
554 1614 604 1648 sum
615 1599 654 1663 qui
665 1612 724 1663 sum.
734 1615 748 1644 n
760 1600 807 1649 Sed
820 1600 916 1651 videtur
981 1598 982 1635 ἕ

111 1668 171 1732 qnid
184 1671 275 1733 propria
289 1670 336 1718 sint
347 1670 412 1733 lilii,
426 1673 451 1719 et
461 1683 507 1719 non
519 1670 672 1735 appropriato.
689 1671 746 1719 Nam
762 1674 863 1721 ver-iras
880 1686 917 1721 se-

111 1740 211 1790 orrnddm
226 1742 387 1804 luguidinam,
399 1742 472 1791 iulii.
487 1742 525 1791 De
538 1756 596 1790 vero
611 1740 802 1807 relipionetcap.
819 1744 873 1807 26),
883 1750 918 1793 est

113 1831 128 1859 «
141 1826 230 1863 summa
240 1811 364 1863 similitudo
378 1812 487 1878 principii
499 1814 584 1877 absque
599 1813 661 1863 omni
681 1814 887 1881 dissimilitudine3
902 1836 917 1863 rr
981 1824 982 1831 ¹

113 1885 183 1934 eisin
198 1885 288 1934 ridetur
301 1885 363 1948 qrrdd
377 1884 468 1949 proprii
482 1885 603 1935 conveniat
616 1886 673 1935 Filio
687 1886 726 1949 qui
743 1886 816 1936 habet
829 1888 918 1951 princi·

113 1957 185 2019 pinnr.
199 1956 267 2006 Liber
281 1956 352 2006 etiarn
366 1957 421 2007 ultae
434 1958 526 2007 uidetur
540 1957 658 2021 proprium
672 1956 757 2020 aliquid
775 1971 843 2022 esse,
864 1960 918 2024 quia
981 1962 982 2013 l

113 2028 226 2090 signifieat
239 2043 281 2077 ens
298 2028 329 2077 cd
343 2027 412 2093 nlr'o;
425 2029 499 2078 omnis
514 2029 575 2079 eninr
591 2025 648 2077 liber
663 2028 691 2077 ab
705 2029 782 2091 aliquo
799 2032 917 2081 scribitur.

115 2100 162 2151 lloc
172 2101 241 2152 etiam
254 2100 341 2165 ipsum,
351 2102 397 2165 qni
408 2103 459 2164 est,
471 2100 562 2151 ridetur
575 2113 624 2149 esse
637 2100 754 2165 proprium
772 2100 832 2152 Fido
844 2119 850 2151 :
864 2104 919 2168 quis
981 2140 982 2158 r

149 2245 180 2308 (ll
196 2247 275 2303 Quidni
287 2246 364 2305 potlds
379 2249 445 2306 Luc,
455 2247 481 2294 I:
497 2248 527 2293 Et
543 2244 749 2293 virtoruttr'm‘mr'
765 2246 920 2295 obumorabit
981 2274 982 2303 ;

116 2310 161 2354 tilii
168 2312 181 2355 t
196 2312 247 2356 er'rm
258 2308 385 2369 precedat,
396 2310 508 2369 Spiritus
520 2317 618 2357 sanctur
629 2312 784 2368 superveniet
798 2314 829 2357 in
844 2318 880 2365 ιω
891 2326 918 2358 ac
981 2350 982 2371 r

116 2374 199 2417 deinde
215 2386 268 2419 mox
280 2392 286 2418 ε
300 2376 331 2419 Et
342 2375 441 2424 virtue,
451 2380 498 2418 etc.
520 2376 578 2419 Nam
596 2374 634 2419 illu
648 2372 716 2429 plant
734 2374 807 2419 virtus
824 2385 879 2432 quur
890 2376 919 2419 de
981 2382 982 2425 ξ

116 2436 206 2481 Ctrrtsto
221 2438 300 2482 exibat
312 2436 408 2493 qnid-ad
424 2437 532 2494 spirltum
550 2432 673 2481 sanctum?
686 2436 734 2481 Nisi
753 2438 918 2494 tunguenesin
981 2454 982 2467 ι

117 2500 199 2553 spiritu
212 2500 253 2543 Dei
265 2501 299 2546 sio
309 2510 405 2544 unusne
422 2500 575 2558 intelligatur,
588 2500 648 2545 sinit
659 2504 684 2543 ot
701 2499 787 2553 ejicere
801 2500 920 2547 damonia

117 2561 201 2605 dicitur
213 2562 237 2604 ln
251 2562 331 2617 spiritu
346 2561 404 2619 liei,
419 2564 484 2625 Iuro„
501 2564 536 2620 ll,
555 2568 579 2607 et
590 2562 683 2620 nortun,
696 2563 747 2606 ΧΠ.
761 2564 806 2607 Vel
822 2564 852 2608 nd
865 2564 921 2611 illud
981 2620 982 2623 Ἴ

118 2623 188 2666 etlam
199 2622 312 2667 alludatur
325 2623 515 2682 quodLuc.‚1V‚
529 2624 557 2669 dc
572 2636 597 2669 se
609 2624 664 2668 dicit
678 2624 806 2681 :Spiritus
817 2626 922 2671 Domini

117 2696 193 2741 super
204 2690 365 2745 cremamur
377 2687 440 2741 qood
453 2688 530 2731 uomit
539 2700 575 2731 mo
590 2691 612 2733 et
625 2687 692 2731 misit
705 2699 742 2735 me
751 2699 859 2738 eonor-e,
872 2698 920 2735 cto.
981 2696 982 2739 ζ

153 2763 183 2822 (ξι
201 2764 319 2820 colligitur
334 2779 364 2810 or
374 2766 437 2811 Beda
453 2769 478 2811 tn
491 2768 551 2812 tinne
566 2770 656 2823 locum,
667 2768 709 2813 unt
726 2768 755 2813 ad
772 2768 818 2814 troo
837 2770 922 2815 reterri
981 2788 982 2819 ι

120 2833 187 2872 notat
197 2826 259 2882 quod
276 2833 349 2883 eopot
365 2828 583 2889 chroatorum,
595 2831 751 2888 clitorium,
766 2832 804 2887 11,
819 2844 883 2878 vora.
898 2833 920 2879 ³.
981 2830 982 2857 ³

121 2886 226 2933 Proximi
246 2893 322 2931 autum
342 2902 443 2946 sequens
461 2893 539 2949 glossa
555 2894 669 2951 colligitur
686 2906 714 2941 rx
731 2894 878 2953 Hieronymo
899 2898 922 2945 iu

122 2952 217 3000 Esaiam
229 2948 253 2995 id
267 2949 295 2996 ad
307 2950 389 2998 Christi
401 2954 523 3001 adrentum
534 2955 658 3004 referente.
