1992 3342
137 212 183 263 πὶ
334 224 394 259 ross
410 224 433 270 r,
450 220 541 267 oussr.
558 218 613 268 rrr,
630 220 685 257 inu.
703 220 736 255 rr.

136 302 181 351 Sed
197 298 319 350 similitudo
334 296 496 361 nngtdarimm
511 296 536 345 in
551 298 661 359 quantum
674 298 727 343 sunt
740 294 880 357 singularia,
894 310 939 347 non

136 372 227 421 ridetur
241 383 291 419 esse
302 368 328 418 in
343 368 389 419 lieo
401 384 407 417 :
417 368 471 431 quia
486 366 627 431 principium
639 364 805 429 singularitatis
815 370 858 429 est,
868 372 941 417 mate-

134 437 185 505 iir,
201 439 362 504 presumsit
379 452 422 489 ens
437 440 462 489 in
479 438 581 503 potentin
597 440 700 499 mutum,
714 436 809 487 omnino
826 440 862 487 est
874 438 942 487 dissi·

136 512 200 563 milis
210 512 271 573 ileo,
287 509 326 573 quui
343 513 378 559 est
391 515 453 559 actus
466 524 545 574 purus.
560 511 609 559 Non
626 520 680 570 ergo
691 509 751 558 ltens
762 512 839 571 potest
848 522 945 570 cognos-

136 595 188 633 cere
202 580 332 645 singularia.

165 653 211 702 Sed
225 655 304 702 contra
316 655 366 713 est,
381 650 441 713 qnod
460 649 543 699 dicitur
559 649 676 700 Proceri.
691 650 754 699 thl:
773 652 942 701 «omnesne

136 723 255 773 hominum
268 726 348 784 patent
363 720 435 770 oculis
448 720 499 783 ejus
508 720 550 784 (1).
562 736 576 766 o

169 794 326 857 (corausto.
339 791 434 842 -cum
446 804 586 853 cognoscere
600 790 724 853 singularia
740 791 769 841 ad
783 795 944 843 creaturarum

135 863 302 929 perlectionem
312 865 414 927 spectet,
427 860 471 911 etsi
486 874 534 911 non
548 862 675 911 secuudum
688 861 784 911 eandem
799 863 944 925 potentiam,

136 937 208 988 Deum
219 935 295 997 ipsum
308 946 446 997 cognoscere
457 932 582 993 singularia
596 937 700 997 oportet,
717 946 764 983 non
781 934 877 995 quidem
894 936 947 985 uui·

135 1004 337 1057 versalesitlorum
347 1018 428 1055 causes
437 1003 541 1065 sciendo,
549 1016 590 1053 seu
603 1016 645 1066 per
658 1002 836 1067 applicationem
851 1005 947 1055 uuiver-

136 1078 219 1129 salium
234 1076 416 1141 principiorum,
428 1076 469 1125 sed
478 1089 520 1138 per
532 1075 655 1125 essentiam
667 1088 731 1125 suam
740 1075 839 1137 singulis
852 1078 948 1142 propria

136 1146 257 1211 intuendo,
268 1148 320 1197 edm
332 1161 379 1197 non
391 1151 482 1196 tantum
496 1147 585 1209 lormae,
600 1144 640 1195 sed
658 1145 759 1195 materias
771 1159 843 1197 causa
858 1148 917 1213 sit.)

167 1220 304 1284 llespondeo
326 1220 467 1280 dicendum,
492 1216 554 1281 qudd
579 1219 639 1267 lteus
667 1217 784 1280 cognoscit
808 1219 947 1283 singularis.

137 1293 222 1347 Omnes
233 1290 295 1340 euim
304 1288 491 1355 perlectionesin
501 1287 612 1337 creaturis
620 1287 763 1350 inventaepiu
774 1289 822 1339 Deo
834 1292 950 1353 praeexis-

136 1366 190 1413 tunt
201 1362 327 1413 secundum
336 1361 441 1411 altiorem
450 1360 553 1422 modum,
565 1362 590 1409 ut
599 1372 628 1409 er
637 1359 705 1409 dictis
715 1363 786 1423 patet.
799 1361 949 1423 &ignoscere

137 1438 214 1485 numm
238 1429 361 1497 singularia
383 1430 483 1495 pertinet
503 1431 531 1479 ad
556 1429 721 1491 perlectionem
741 1433 866 1481 nostram:
888 1434 948 1483 unde

137 1518 230 1555 necesse
247 1502 357 1566 estquod
376 1503 436 1551 liene
455 1500 578 1563 singularia
596 1504 728 1563 cognoscat.
748 1502 804 1550 Nam
824 1506 850 1551 et
869 1504 952 1553 Philo·
984 1542 985 1547 ,

138 1577 223 1638 sophus
240 1588 283 1637 pro
298 1572 473 1622 inconvenienti
486 1572 569 1633 nabet,
586 1570 647 1634 qudd
661 1571 747 1635 aliquid
763 1579 922 1635 cognoscatur
939 1575 951 1622 a
984 1572 985 1632 l

138 1646 217 1708 nobis,
225 1646 287 1708 quod
298 1657 344 1694 non
358 1647 512 1706 cognoscatur
525 1642 538 1692 d
551 1645 607 1694 Deo.
618 1642 681 1695 Unde
691 1647 770 1693 contra
781 1645 953 1708 Empedoclem

138 1716 214 1778 arguit
220 1717 244 1764 in
252 1716 271 1777 l,
281 1717 311 1764 de
320 1716 422 1773 Anima,
433 1719 457 1763 et
464 1714 488 1763 in
497 1715 539 1775 uu,
552 1716 670 1776 Meropo,
679 1712 739 1778 qudd
748 1714 864 1765 accideret
874 1718 956 1766 Deum

139 1799 189 1835 esse
201 1784 429 1849 insipientissimum,
448 1784 617 1835 sidiscordiam
631 1784 748 1847 ignoraret
760 1784 803 1849 (a).

171 1856 217 1906 Sed
229 1855 395 1921 perfectiones,
412 1870 462 1919 quae
483 1856 508 1904 iu
526 1855 672 1906 interioribus
689 1855 836 1919 diuiduntur,
855 1856 885 1907 in
908 1860 958 1909 Deo

141 1926 275 1995 simpliciter
285 1930 308 1978 et
322 1926 385 1976 uniti
400 1927 510 1977 existunt.
526 1926 601 1991 Unde,
611 1926 665 1980 licet
674 1940 716 1977 nos
729 1939 770 1991 per
783 1925 855 1977 aliam
867 1934 959 1993 poten-

141 2000 197 2050 tiam
213 2011 377 2063 cognoscamus
395 1998 533 2049 universalia
551 2001 575 2048 et
594 1996 767 2061 immaterialia,
783 2000 806 2046 el
821 2012 867 2061 per
883 2002 958 2053 aliam

142 2071 267 2137 singularia
275 2074 299 2122 et
308 2068 444 2132 materialia,
455 2070 516 2120 lteus
525 2073 604 2119 tamen
614 2082 656 2133 per
666 2082 732 2120 suum
742 2068 878 2132 simplicem
887 2072 962 2125 intel-

141 2142 229 2193 lectum
241 2147 337 2206 utraque
358 2140 483 2205 cognoscit.
498 2142 543 2190 Sed
558 2140 654 2204 qualiter
666 2142 710 2191 huc
729 2152 778 2190 esse
796 2144 892 2209 possit,
909 2146 963 2209 qui·
983 2196 984 2209 ,

144 2214 196 2263 dam
218 2212 364 2263 manifestare
386 2213 490 2262 uolentes
513 2212 636 2275 dixerunt,
660 2211 719 2275 qrrdd
743 2212 803 2260 lteus
828 2218 964 2279 cognoscit
983 2226 984 2295 ζ

176 2331 199 2392 l)
210 2334 241 2378 ut
251 2333 329 2378 ridere
342 2339 379 2378 est
391 2342 453 2377 vers.
463 2330 488 2390 2,
501 2332 542 2375 ubl
559 2330 649 2375 additur
660 2328 720 2386 qudd
734 2331 882 2387 spirituum
898 2350 966 2393 pum.
983 2318 984 2363 l

143 2396 243 2441 amtor
253 2400 301 2449 ert,-
314 2407 397 2451 nempe
414 2394 469 2451 quia
486 2395 598 2439 emerium
612 2394 716 2439 notiones
737 2390 809 2437 donee
828 2400 853 2440 cl
879 2401 969 2447 mutus

143 2457 338 2511 ec'dmutetc'om
347 2454 684 2515 spiritwlognlcrnmgns'd
693 2456 721 2499 io
730 2455 824 2499 cccctte
833 2463 972 2517 eoquens,

144 2523 213 2577 tegern
225 2520 294 2565 lorice
306 2518 442 2568 discernat,
454 2519 487 2563 ait
497 2518 584 2563 ibidem
597 2517 668 2563 Beda.

178 2589 208 2652 (ἢ)
223 2591 338 2647 expresse
350 2592 443 2647 quidem
454 2596 480 2634 ut
492 2590 530 2635 iric
545 2590 568 2635 iu
580 2592 603 2649 1,
615 2590 643 2635 de
654 2589 760 2638 dirimo,
776 2590 898 2651 teresi),
919 2598 973 2644 seps

144 2666 196 2711 cap.
208 2652 237 2712 l,
249 2666 331 2709 nempe
339 2654 414 2698 iteum
427 2666 456 2698 ex
468 2649 592 2709 hypothesi
605 2652 752 2709 Empedoclis
765 2650 976 2709 insipiemmf.

143 2729 209 2760 mecm
222 2727 274 2761 esse
289 2711 477 2787 (ἀφρονίςατον),
493 2715 564 2760 Pauld
578 2715 656 2760 mitids
674 2720 750 2760 sutem
768 2715 814 2770 111,
832 2717 977 2780 Metaptr„

142 2795 198 2833 text.
214 2786 252 2835 15.
262 2788 310 2833 sire
320 2798 373 2844 cap.
383 2786 407 2846 l,
417 2797 470 2831 eum
481 2796 533 2833 esse
544 2784 628 2830 midde
635 2784 791 2845 prudentem,
803 2790 983 2847 tapsensem,

140 2854 264 2929 ieientem,
275 2858 325 2903 ricc
337 2868 444 2915 godrum
457 2843 599 2919 (φρονιμιν),
615 2857 670 2913 qnia
681 2857 796 2901 clementa
808 2864 912 2911 omnia
928 2880 983 2945 non}

143 2927 270 2975 segnescit.
539 2932 540 2937 ¹
