1992 3342
179 245 211 282 ur
226 243 385 281 rruucrroun
400 243 547 282 arduom
562 245 587 280 ru
602 243 660 280 nera
674 243 776 281 curru.
829 236 875 284 aaa

80 325 202 386 operantur
215 319 240 370 in
252 319 336 370 diuinis
351 319 496 382 ministeriis,
507 322 533 368 nt
544 319 583 371 alii
593 319 699 371 dixerunt
711 335 717 370 :
728 321 788 384 quod
797 326 875 372 tamen

81 395 116 444 est
128 395 205 442 contra
217 391 328 442 rationem
343 391 433 454 meriti3
446 403 497 440 nam
512 390 618 441 meritum
630 392 699 444 habet
712 391 821 458 rationem
833 394 877 444 uiae

83 463 112 514 ad
129 460 330 513 crematarum
345 461 384 526 qui
392 461 440 526 jam
455 463 489 512 eat
501 461 610 524 termino,
620 475 666 512 non
676 461 783 513 conuenit
792 463 879 514 moveri

83 536 111 586 ad
121 533 255 594 erminum,
267 537 291 584 et
299 533 332 584 sic
341 533 524 584 nuliusnreretur
532 533 592 596 qnod
601 532 649 596 jam
657 535 782 584 unbetvet
791 538 880 598 oportet

83 604 158 656 dicere
175 603 235 668 quod
247 618 305 654 unus
316 607 338 655 et
348 603 406 654 idern
418 608 482 654 aetus
491 603 648 655 conversionis
658 605 683 654 in
692 607 764 655 [teum
773 605 798 654 in
808 619 879 668 quan·

81 679 130 726 turn
141 678 175 726 est
185 687 214 724 ex
224 674 295 725 libero
307 674 415 734 arbitrio,
428 679 463 726 εε1
477 674 620 738 meritorins;
635 680 658 726 et
670 676 813 740 inquantum
826 691 879 741 per-

82 746 151 810 tingit
168 747 197 796 ad
209 748 290 807 duent,
306 750 341 797 est
356 745 433 796 fruitio
443 747 519 796 beata.
534 746 580 796 Sed
594 759 636 797 nec
649 748 692 798 hoc
708 748 777 798 etiam
790 748 881 798 ridetur

82 831 134 869 csse
148 818 286 868 conveniens
303 833 309 866 :
327 817 380 882 quia
396 817 493 870 ldternrn
511 817 626 868 arbitrium
645 832 690 869 uon
710 823 745 869 eat
762 818 881 873 sufficiens

83 902 152 940 causa
162 887 249 950 meriti,
262 889 321 938 rrnde
335 891 398 938 actus
409 901 454 939 uon
465 893 539 953 potest
550 902 599 940 εεεε
613 889 742 940 meritorius
754 888 880 940 secundini

83 960 146 1026 qudd
161 965 195 1012 eet
208 974 234 1011 ex
248 959 319 1012 libero
330 959 435 1023 arbitrio,
449 959 494 1011 uisi
512 961 657 1025 inquantum
670 961 788 1025 cotgratid
803 962 880 1012 iuior-

82 1035 158 1082 matus
168 1033 201 1096 (1)
211 1049 218 1094 ;
229 1045 274 1082 non
282 1035 359 1082 auteur
370 1031 436 1082 simui
445 1035 521 1096 potest
531 1031 647 1083 informari
658 1033 729 1095 gratia
739 1032 879 1097 inperfecti,

82 1117 135 1168 qne
148 1109 183 1154 est
195 1103 330 1168 principium
343 1103 457 1166 marandi,
467 1108 490 1154 et
503 1103 575 1167 gructa
586 1102 686 1167 uectem
693 1140 701 1166 ,
713 1117 763 1167 qnae
774 1108 809 1153 est
818 1103 881 1168 orin-

83 1173 170 1239 cipium
184 1173 275 1224 fruendi
289 1190 295 1223 :
310 1174 370 1224 unde
383 1187 427 1225 non
440 1174 529 1229 videtur
541 1187 592 1224 esse
608 1174 716 1238 possibile
733 1172 794 1238 quod
813 1174 881 1225 simul

81 1247 180 1306 truatur,
189 1249 212 1296 et
223 1258 286 1295 suurn
296 1245 425 1296 fruitionem
441 1249 561 1296 mercatur.
570 1246 599 1294 Et
607 1244 657 1296 ideo
667 1243 749 1295 meliis
758 1243 879 1294 dicendum

82 1321 120 1367 est
133 1316 193 1380 qnod
211 1315 305 1380 gratiam
319 1315 399 1367 habuit
410 1316 517 1380 angelus,
528 1320 648 1380 anuqnarn
660 1319 721 1367 eoset
734 1316 829 1377 oenus,
839 1328 881 1378 per

83 1400 153 1450 qnam
161 1387 322 1442 beatitudinem
336 1387 426 1438 meruit.

117 1459 150 1510 id
163 1460 268 1524 priunum¹
279 1473 332 1523 ergo
346 1459 481 1522 dicendum,
495 1458 554 1522 qudd
569 1459 689 1509 difficultas
703 1459 760 1509 bene
772 1458 882 1522 odorandi

85 1545 133 1582 non
146 1535 183 1582 ast
195 1531 220 1582 iu
236 1531 321 1596 angelis
339 1544 367 1581 er
386 1529 460 1594 aliqua
478 1529 652 1592 contrarietate,
666 1529 703 1579 rel
720 1529 884 1593 impedimento

85 1602 196 1654 naturalis
216 1601 319 1664 virtutis,
333 1601 372 1652 sed
385 1615 414 1652 ex
429 1602 473 1652 hoc
487 1600 549 1665 qnod
568 1613 626 1666 opus
646 1599 736 1664 adquod
750 1601 835 1651 bonum
847 1603 884 1651 eat

83 1687 153 1739 supra
166 1673 274 1729 uirtutem
286 1678 381 1724 nature.

118 1747 151 1796 ad
164 1745 289 1795 secundum
302 1745 435 1807 dicendum,
446 1743 507 1807 quod
519 1744 669 1795 conversione
679 1743 776 1793 naturali
790 1742 884 1803 angetur

85 1830 133 1868 non
148 1816 231 1868 meruit
241 1815 418 1879 beatitudinem,
429 1816 470 1868 sed
483 1814 631 1866 εοεεεεείοεε
643 1814 775 1875 mutatu,
787 1827 837 1878 quau
850 1817 885 1862 eat

86 1887 244 1954 pergratiam.

119 1959 153 2010 ad
164 1959 256 2009 tertium
267 1961 332 2024 patet
343 1957 462 2022 respomiu
473 1971 503 2009 ex
513 1957 590 2008 dictio.

387 2112 544 2164 aurlcouos
557 2113 585 2162 V.

88 2227 176 2273 orrum
187 2228 287 2284 ouoetue
299 2227 381 2272 atatim
388 2229 618 2333 coracinum-{retum
628 2225 709 2270 meriti
718 2224 886 2270 emittentium

451 2303 466 2333 u
482 2302 551 2333 uere.

120 2407 154 2458 ad
167 2407 271 2470 quintum
284 2406 318 2456 sic
330 2405 466 2469 proceditur.
477 2405 570 2455 Videtur
582 2404 643 2468 qnod
656 2403 801 2467 angelranno
810 2404 887 2454 station

86 2482 141 2546 post
153 2491 223 2528 ununr
232 2482 307 2527 actum
321 2476 460 2527 meritorium
470 2473 634 2526 beatitudinem
643 2474 756 2524 habuerit.
768 2474 889 2526 [tiidcilino

88 2549 153 2600 enim
169 2553 205 2598 ost
221 2547 308 2598 homini
323 2547 382 2597 boue
395 2546 498 2611 operari,
513 2544 581 2608 quam
595 2545 683 2608 angelo.
698 2543 743 2595 Sed
760 2547 828 2596 homo
841 2558 887 2595 non

87 2619 220 2686 premiatnr
233 2617 310 2668 statim
324 2621 374 2681 post
386 2631 457 2668 unum
470 2623 562 2668 actum:
578 2629 631 2679 ergo
648 2628 721 2679 neque
736 2617 839 2679 angelus.

123 2697 147 2743 2.
160 2693 281 2752 Praeterea,
292 2689 386 2754 angelus
397 2688 475 2739 statim
486 2689 511 2739 in
520 2687 630 2752 principio
639 2701 685 2738 sun
699 2689 821 2740 creationis
829 2693 852 2738 et
862 2688 887 2738 in

90 2761 190 2814 instanti
204 2766 278 2812 actum
292 2761 390 2826 aliquem
404 2759 487 2810 trahere
498 2758 588 2823 potuit.
600 2757 651 2808 cdrn
665 2759 732 2810 utinm
743 2772 836 2823 corpora
846 2772 890 2809 na-

89 2833 175 2886 turalia
188 2833 212 2883 in
232 2833 282 2896 ipso
296 2831 444 2882 instantiora
457 2830 578 2881 creationis
594 2831 814 2896 moveriincipian13
829 2835 852 2880 et
867 2830 889 2880 ai

124 2949 157 3016 (1)
172 2953 203 2998 ut
213 2963 243 2998 cx
262 2950 367 3008 proieeao
380 2949 407 3011 1,
421 2947 453 3010 d,
468 2963 509 3010 qu.
522 2949 581 3012 att,
597 2955 641 2998 art.
651 2950 681 3010 1,
696 2949 839 3008 expenditur.
