1992 3342
99 201 146 247 itt
326 211 388 248 ms
403 211 428 259 a,
443 211 536 255 pum.
554 210 612 259 vul,
629 210 684 247 aaa.
702 212 720 245 l.

98 284 696 350 ntdlclturll.adcor.ll(llllrpolteusnun
712 285 904 337 munnulus

98 358 175 407 aelius.
989 374 990 381 ¹

130 428 177 478 Sed
188 425 433 491 eontra:nbicunnque
448 431 557 491 operatur
569 426 668 493 aliquid,
683 427 716 477 lui
727 430 777 494 est3
791 428 833 479 sed
846 431 906 480 [leus

100 503 208 564 operatur
219 498 246 547 in
258 497 375 561 omnibus,
395 499 520 549 secundum
537 499 594 549 illud
612 500 662 551 lau.
681 501 751 550 xlllll
767 514 773 549 :
793 518 808 547 u
823 501 907 551 Omnia

100 569 650 634 nperancstrauperatuscsinnnltis,llonine:
665 584 681 619 a
694 581 750 634 capu
762 572 823 621 utun
836 570 908 622 estin

101 641 207 692 omnihus
219 641 295 691 rebus.

132 712 293 777 (Gnuenusnu.
307 738 339 748 -
352 713 425 773 lleus,
438 710 491 766 clun
508 710 540 761 sit
556 710 633 775 ipsum
651 724 702 762 esne
716 724 758 775 per
770 712 910 779 essentiam,

103 790 139 833 est
151 782 233 834 intime
242 783 269 833 in
281 783 386 833 onnnns
396 783 472 832 relus.
485 783 494 845 )

137 856 274 919 llespunlleu
286 854 408 905 licentum
420 853 482 917 quid
491 856 552 905 lleus
561 858 598 905 est
610 854 635 903 in
648 854 753 905 omnibus
766 854 848 917 rebus,
864 870 912 906 non

103 924 196 989 quidem
215 924 274 975 sicut
293 939 347 988 pais
366 923 489 987 umentia,
510 926 549 975 vel
567 925 626 975 sicut
647 925 766 987 accidens,
790 926 831 975 sed
852 926 913 977 sicat

104 1010 177 1059 agens
192 998 257 1047 adest
269 997 292 1047 ci
307 996 333 1045 in
351 996 411 1061 quod
427 996 485 1058 agit.
501 998 596 1060 Oportet
608 996 671 1047 enlin
689 1010 757 1047 omne
771 1010 843 1059 agens
856 1010 915 1049 eun·
931 1026 942 1040 ·

101 1067 172 1131 Junpl
189 1069 211 1119 ei
223 1070 248 1117 in
262 1068 322 1132 quud
335 1066 465 1117 immediate
479 1068 540 1131 agit,
559 1072 582 1119 et
596 1067 638 1119 sual
650 1068 734 1119 virtute
748 1068 805 1117 illud
821 1068 916 1119 contin.

108 1152 163 1201 gere
173 1155 180 1202 3
192 1141 253 1190 uncle
261 1140 287 1188 in
299 1140 349 1201 vll,
362 1139 462 1203 Plyein
473 1140 591 1202 probatur,
605 1138 666 1202 quid
678 1144 764 1189 nantum
778 1142 802 1188 et
814 1152 915 1191 movens

106 1214 197 1274 eportet
208 1224 258 1262 esse
272 1212 349 1262 simul.
363 1209 421 1261 (him
433 1215 510 1261 autem
521 1214 581 1262 lleus
593 1211 623 1261 sil
636 1211 711 1274 ipsum
722 1224 771 1261 esse
789 1223 831 1273 per
848 1223 915 1259 suam

105 1282 242 1344 essentiam,
257 1285 348 1345 oportet
362 1278 424 1343 quud
442 1294 492 1331 csse
509 1287 625 1331 causatum
645 1282 675 1331 sit
695 1280 800 1344 proprius
819 1281 916 1330 allectus

105 1351 170 1415 ejus,
194 1354 254 1404 sictut
273 1354 346 1416 ignite
366 1356 401 1402 est
423 1352 529 1416 proprius
551 1353 647 1402 effeetus
664 1353 737 1415 ipsius
757 1351 827 1413 ignis.
847 1353 917 1401 Hunc

106 1428 182 1474 autem
192 1426 299 1476 silenum
310 1428 388 1474 causat
396 1424 457 1473 Deus
465 1424 490 1471 in
498 1424 575 1485 nehus,
588 1437 633 1472 nun
642 1423 716 1472 sulum
729 1423 822 1487 quando
837 1422 919 1485 prinlln

106 1506 157 1545 ease
169 1496 296 1561 incipiunt,
311 1496 352 1545 secl
364 1493 470 1559 quamdiu
482 1494 508 1543 in
518 1507 568 1543 esse
580 1498 751 1556 conservantur,
761 1494 820 1543 sicut
829 1494 913 1543 lumen

108 1572 212 1618 causatur
230 1569 255 1616 in
279 1580 333 1617 acre
352 1580 366 1615 a
383 1567 446 1629 sole,
466 1564 573 1629 quamdiu
599 1578 638 1613 aer
654 1564 794 1615 illuminatus
819 1569 910 1615 manet.

108 1638 219 1695 Quamdiu
232 1637 302 1701 igitur
313 1652 351 1688 res
363 1638 432 1687 natet
445 1650 504 1698 esse,
516 1636 602 1685 tamdiu
613 1639 702 1699 oportet
710 1636 770 1699 quud
783 1636 843 1685 lleus
852 1635 915 1686 adsit

109 1710 132 1759 el
148 1710 272 1759 secundum
292 1710 385 1759 modunl
398 1722 446 1772 qun
463 1721 514 1757 cese
524 1708 594 1757 hahet
609 1722 614 1755 :
635 1720 685 1757 esse
703 1712 779 1757 eutem
798 1711 833 1757 est
853 1708 914 1758 illud

110 1780 171 1843 quud
185 1784 220 1830 est
233 1780 305 1843 magis
319 1779 425 1828 intnnum
443 1777 550 1839 cuilibet,
569 1781 592 1827 et
609 1778 668 1840 qnod
686 1778 821 1841 profundius
837 1778 916 1828 omni-

110 1852 153 1900 ltus
173 1851 248 1914 inest,
263 1851 314 1900 cim
329 1850 360 1900 sit
371 1851 466 1900 formale
482 1852 589 1912 respectu
607 1848 708 1899 omnium
722 1848 808 1913 quaein
821 1862 846 1899 re
859 1854 918 1900 sunt

111 1922 150 1985 (ut
166 1936 196 1973 ex
214 1921 350 1987 supradictis
367 1919 455 1984 patet);
478 1920 538 1970 uncle
565 1922 655 1983 oportet
675 1919 736 1984 uult
756 1922 817 1971 lleus
836 1920 867 1970 sit
887 1919 916 1969 in

110 1996 216 2045 omnibus
228 1996 296 2045 relus
306 1997 331 2043 et
341 1990 431 2042 intime.

143 2068 177 2116 ll
189 2067 289 2130 priunum
301 2078 356 2127 erge
367 2063 497 2126 dicendum,
512 2064 572 2127 qnod
584 2065 644 2113 Deus
658 2066 692 2113 est
702 2078 769 2128 supra
784 2064 861 2113 culnia
873 2078 918 2128 per

112 2137 270 2189 excellentiam
282 2150 329 2186 suae
342 2138 445 2197 natura,
458 2139 481 2184 et
494 2139 571 2184 tannen
589 2138 624 2184 est
636 2135 660 2183 in
671 2135 777 2186 omnihus
791 2136 874 2199 nehus,
889 2142 919 2187 ut

111 2208 316 2259 causausounnium
324 2220 385 2265 esse,
395 2210 421 2255 ut
433 2205 501 2270 supnl
512 2206 597 2255 dictum
608 2209 651 2255 cst.

144 2280 178 2330 Ad
190 2279 315 2329 secundum
325 2278 460 2339 dicendum,
474 2274 535 2340 quid
545 2277 599 2326 licet
608 2277 733 2339 corporalia
748 2276 852 2327 dicuntur
866 2292 919 2330 esse

113 2352 139 2401 in
152 2352 228 2415 aliquo
241 2350 299 2400 sicul
314 2350 339 2398 in
352 2349 497 2411 continente,
515 2352 592 2399 tamen
611 2346 737 2413 spiritualia
754 2350 874 2403 continent
889 2366 921 2403 ea

148 2480 179 2543 (l)
199 2483 244 2528 Vel
264 2482 371 2538 plenius:
387 2482 446 2538 Qun
461 2484 561 2526 unciolae
582 2481 646 2527 lucis
663 2482 695 2527 ud
714 2482 841 2529 tenebras?
858 2485 923 2541 Quoe

116 2546 241 2591 conventio
255 2544 394 2589 Christian
413 2545 515 2589 Belial?
528 2544 590 2597 Quod
604 2544 664 2589 idem
678 2550 714 2589 est
727 2557 754 2589 an
767 2548 821 2590 sins
835 2546 901 2604 jaspe
910 2583 922 2598 ,

115 2610 164 2653 siue
186 2609 240 2653 sine
260 2607 364 2657 damno,
383 2608 442 2651 sicut
459 2605 559 2663 explicat
577 2604 653 2659 Bena;
675 2614 699 2651 et
716 2607 768 2651 ideo
788 2609 922 2655 daemonem

116 2669 231 2727 significat
250 2672 299 2715 Deo
322 2670 406 2726 subjici
421 2676 584 2723 recusantum
604 2670 645 2714 sed
667 2670 797 2725 expressius
822 2678 923 2728 propter

117 2734 186 2779 aliam
201 2732 320 2778 notionem
339 2730 426 2787 Belial,
446 2738 515 2787 prout
534 2732 594 2777 idem
613 2738 649 2777 est
667 2744 693 2777 ac
709 2744 848 2790 persuasit.
865 2731 923 2779 A'llo

117 2795 185 2851 porri
197 2795 303 2840 instituto
315 2794 364 2838 lunc
376 2794 502 2849 Apostolus
516 2794 548 2839 lbi
563 2794 617 2838 dicit
627 2800 653 2838 ut
664 2794 780 2839 vitandam
792 2795 922 2841 infidelium

117 2858 302 2902 communionem
317 2861 391 2899 nutet.
403 2855 468 2899 Unde
482 2856 614 2902 immediate
632 2856 694 2901 addit
707 2874 713 2900 ι
727 2856 776 2901 Aut
794 2870 847 2914 pstea
857 2872 924 2918 pura

118 2918 197 2978 fidelia
208 2932 263 2964 eum
276 2918 374 2975 infideli
386 2936 393 2959 :
408 2918 447 2960 sed
459 2918 503 2962 ln'nc
515 2918 682 2963 accommodari
697 2924 781 2973 petest.
