1992 3342
139 183 186 231 boo
333 192 393 231 raus
409 193 432 242 1,
446 189 540 242 oomsr2
557 191 630 242 xxiv,
650 191 704 230 aar.
723 191 740 228 r.

139 273 228 320 mumr.
241 285 255 316 »
268 268 312 318 Sed
323 269 359 319 uis
374 266 449 317 dirim
461 280 508 316 nou
516 267 607 316 uidetur
617 266 735 330 pertinere
752 269 782 318 ad
796 263 924 333 pradestina-

138 339 235 401 tiouem‚
249 339 289 388 sed
299 338 372 399 magis
381 335 511 387 attribuitur
522 336 637 399 potentia.
651 338 709 399 Ergo
717 335 778 387 liber
787 339 840 388 uitae
851 337 926 386 nonest

139 409 200 460 idem
209 411 267 472 quiocl
279 408 457 471 predestinabar.

173 486 195 530 a.
206 483 329 541 meteres,
345 477 540 542 predestinationi
549 477 671 542 opponitur
681 479 822 542 reprobatio.
836 479 861 528 Si
873 477 926 539 igitur

141 551 198 600 liber
215 551 268 600 uitia
286 554 346 600 esset
361 548 422 599 ilem
442 550 503 613 quod
520 547 686 612 praedestinatio
694 585 702 611 ,
721 549 866 600 inueniretur
882 548 927 597 liter

142 624 248 677 mortz'r,
265 621 323 671 siout
336 622 401 670 liter
412 623 480 670 uitoe.

173 694 217 742 Sed
235 697 314 741 contra
333 697 383 755 est,
399 693 468 755 ‘quod
490 691 573 741 dicitur
590 691 615 741 iu
637 687 715 741 Glosso
736 691 771 757 (1)
793 704 862 756 super
881 687 928 740 illul

142 763 210 812 Paul.
223 763 313 813 LXVIII
324 779 330 811 ε
342 765 486 819 ubeleautur
499 764 527 812 de
544 763 601 812 libro
614 761 744 812 virentium
756 779 761 813 ι
771 779 786 810 u
802 790 832 800 -
849 781 864 812 u
878 763 929 812 Liber

141 832 185 883 iste
200 837 236 883 est
251 834 332 884 notitia
346 834 401 896 bei,
423 847 467 897 qua
488 833 658 897 predestinavit
681 835 710 883 ad
730 835 802 884 uitam
819 849 876 899 quos
888 847 930 897 pra·

143 904 219 954 scivit.
230 921 244 951 u
867 949 874 958 ,

176 977 332 1036 (Ceramussa.
352 999 383 1013 -
402 975 542 1028 Liberalia
561 976 586 1026 iu
603 977 651 1026 beu
675 977 832 1040 metaphorice
856 971 930 1034 dictus

143 1050 179 1097 est
191 1049 256 1096 firma
269 1047 350 1097 notitia
364 1046 516 1110 significativa
530 1047 767 1111 predestinatorum.)

173 1120 310 1182 Respouclco
329 1119 449 1168 dicendum
460 1155 468 1180 ,
490 1117 550 1181 qubcl
574 1118 639 1186 liber
661 1120 722 1168 vitoe
744 1120 770 1168 iu
795 1121 842 1170 beu
865 1118 932 1168 dicitur

143 1188 311 1254 metaphorice,
325 1188 450 1240 secuudbm
460 1189 633 1238 similitudinem
645 1188 736 1240 brebus
748 1190 855 1240 humanis
865 1201 932 1248 acceo

143 1265 199 1311 tam.
214 1263 253 1311 Est
266 1261 328 1311 euim
343 1264 476 1311 cousuetam
490 1261 551 1322 apud
564 1261 669 1310 homiues
687 1263 747 1324 quud
761 1261 795 1311 illi
811 1261 850 1324 qui
864 1261 890 1310 ad
901 1259 934 1308 ali·

144 1333 340 1397 mastigium,
355 1331 529 1381 conscribuntur
546 1331 571 1380 iu
591 1327 664 1394 libro;
680 1337 705 1380 ut
718 1335 773 1395 pote
790 1332 889 1393 milites,
905 1328 933 1377 rel

145 1405 279 1468 cousibarii,
289 1402 328 1468 qui
336 1403 390 1452 olim
398 1401 531 1452 dicebantur
542 1405 630 1450 Patres
639 1404 785 1466 conscripti.
797 1405 861 1453 Patet
869 1405 933 1453 auteur

145 1490 175 1525 ex
194 1475 315 1539 praemissis
333 1473 392 1537 quod
411 1487 491 1522 omues
515 1472 668 1535 praedestinati
691 1474 809 1536 eliguulur
825 1473 839 1523 i
854 1477 897 1524 beo
913 1471 934 1518 al

145 1548 272 1596 babendum
288 1546 359 1594 uitam
379 1548 496 1594 aeteruum.
513 1543 565 1607 lpse
581 1555 635 1606 ergo
657 1545 868 1607 praedestinatorum
890 1556 934 1592 cuu-

146 1617 239 1680 scriptio
248 1616 330 1665 dicitur
343 1615 408 1664 liber
419 1617 487 1664 uz'toe.
504 1613 590 1663 Dicitur
604 1617 681 1664 autem
694 1615 850 1678 metaphorice
861 1611 935 1676 aliquil

146 1687 299 1751 conscriptum
317 1687 341 1734 in
356 1686 475 1736 intellectu
489 1685 599 1749 alicujus,
614 1686 674 1748 quod
687 1685 821 1742 firmiterju
839 1685 935 1736 memorii

147 1762 223 1820 tenet,
240 1757 365 1808 secuudum
381 1758 437 1807 illud
456 1759 573 1808 Proceri.
591 1759 623 1807 lll
637 1773 642 1804 :
657 1775 670 1803 u
683 1759 717 1807 Ne
735 1758 873 1809 obliviscaris
888 1755 935 1816 legis

147 1843 220 1891 meae,
234 1832 258 1878 et
271 1833 384 1892 praccepta
395 1822 455 1877 ¹mea
470 1841 510 1876 eor·
528 1830 593 1876 tuum
607 1828 734 1892 eustodiut3
747 1846 761 1875 »
775 1835 799 1880 et
812 1835 860 1894 post
872 1840 937 1893 pauca

146 1900 247 1964 sequitur
264 1915 269 1948 ;
288 1916 301 1945 u
317 1899 423 1948 Describe
437 1899 475 1947 illa
493 1898 518 1946 iu
534 1898 617 1948 tabulis
633 1899 708 1948 cordis
724 1900 768 1950 tui.
788 1919 802 1948 u
818 1903 871 1952 Nam
882 1904 904 1948 et
917 1897 936 1944 iu

146 1973 210 2022 libris
222 1967 379 2021 materialibus
392 1967 479 2032 aliquid
496 1969 645 2019 conscribitur
663 1967 692 2020 ad
708 1974 881 2023 sucerureudum
895 1983 938 2018 rue·

139 2044 234 2094 moria.
249 2040 313 2093 Unde
325 2040 373 2103 ipsa
386 2039 426 2089 bei
441 2039 540 2102 notitia,
557 2054 603 2103 qua
621 2041 715 2091 firmiter
726 2043 813 2093 retinet
825 2057 849 2094 se
859 2042 938 2103 aliquos

148 2114 321 2178 pradestiuusse
341 2112 370 2161 ad
387 2109 459 2160 uitam
477 2115 603 2174 aeternam,
619 2111 700 2162 dicitur
716 2113 783 2162 liber·
798 2117 872 2177 oitae‚·
890 2123 936 2160 uaur

148 2185 207 2236 sicut
221 2185 331 2249 scriptura
344 2182 397 2232 libri
410 2185 445 2232 est
462 2182 553 2244 signum
567 2196 647 2256 eorum
665 2197 715 2246 quae
735 2185 895 2245 succlamat,
910 2183 938 2229 itu

147 2255 187 2305 bei
210 2254 291 2305 notitia
306 2259 341 2304 est
357 2254 470 2317 quoduam
484 2243 575 2316 sgnum
587 2255 647 2317 apud
662 2253 738 2318 ipsum
751 2269 830 2306 eorum
842 2255 878 2320 qui
889 2257 938 2304 suut

148 2324 287 2393 perducendi
297 2325 328 2376 ad
336 2326 407 2375 uitam
418 2330 540 2390 aeternam3
555 2327 679 2377 secumlbm
688 2327 744 2377 illud
757 2329 777 2391 1,
795 2329 880 2378 Tiuuot.
897 2326 917 2373 ll
933 2341 936 2371 :

150 2397 272 2449 «Firmum
289 2397 461 2447 fundamentum
484 2397 525 2446 bei
544 2401 598 2462 stet,
617 2397 703 2448 babens
726 2398 865 2462 signaculum
878 2399 938 2448 boc.

147 2469 213 2519 nouit
228 2467 336 2518 Dominus
349 2467 456 2530 quisunt
471 2467 530 2530 ejus.
544 2485 557 2514 u

180 2541 214 2589 Ad
236 2539 333 2603 primum
351 2551 406 2601 ergo
425 2539 563 2603 dieculam,
580 2537 640 2602 qubd
660 2539 725 2589 liber·
740 2543 802 2591 oitoe
820 2543 889 2606 potest
900 2539 941 2586 diu

183 2691 214 2755 (1)
230 2695 284 2746 Qum
299 2694 392 2738 uomiue
409 2693 539 2739 Cassiodori
558 2697 712 2753 praenotatur,
731 2697 765 2741 sie
781 2695 903 2754 expresslbs
923 2697 943 2734 cr

151 2765 241 2822 pleuiirs
254 2764 370 2809 dicentis:
385 2763 457 2809 Liber
471 2766 516 2810 istc
529 2765 624 2810 uute'tiae
638 2765 741 2812 Domine·
755 2772 788 2812 eet
801 2763 944 2813 scutularum

151 2830 268 2946 affirmo
276 2827 410 2880 aunuatim
419 2839 490 2884 quam
501 2827 641 2874 senteutiam
649 2829 676 2874 tle
688 2829 886 2885 praedestinatione
897 2838 947 2869 ruci
