1992 3342
200 244 232 278 os
245 242 407 279 esusssmars
424 242 583 280 amaruan
599 242 624 277 vs
640 242 741 281 arunas.
827 232 872 279 tat

68 334 117 371 nou
134 318 197 369 addit
215 318 301 383 aliovtid
318 332 388 383 supra
400 332 458 383 ens,
472 318 518 369 uisi
529 318 675 382 negationem
691 317 809 370 divisionis
821 322 874 369 tau·

67 391 119 441 tisun
130 407 135 440 :
150 406 231 444 unam
242 390 305 441 enim
319 391 434 453 domasa
444 405 487 441 etta
498 391 649 440 indivisam.
661 392 690 441 st
700 390 752 443 ideo
758 428 767 454 ‚
778 391 807 441 de
818 404 874 456 quo*

68 477 158 527 cunque
178 464 268 514 dicatur
288 478 382 520 naam,
403 463 547 527 sigmdcatur
567 461 607 513 illa
627 476 665 513 res
686 461 797 527 indivisa3
816 463 874 514 sicut

69 550 150 584 uuam
162 536 250 585 dictum
261 536 289 585 de
302 535 394 594 ltomiue
401 573 409 599 ,
427 534 540 598 siguificat
553 537 659 585 naturam
672 535 710 585 vel
725 535 875 587 substantiam

69 607 169 659 hominis
185 622 233 657 uon
250 607 355 657 divisam.
374 609 403 657 st
421 608 502 657 eudem
521 606 625 671 radone,
645 606 699 657 edm
711 606 817 658 dicontur
835 622 876 657 aas

68 679 174 743 multae,
191 678 313 732 mumulo
328 680 362 730 sic
379 683 477 743 accepta
488 678 602 742 siguificat
616 692 653 729 res
668 678 719 729 illas
729 692 782 729 oum
793 678 877 729 indivi-

68 751 134 803 sione
152 751 218 802 cirea
237 764 421 815 unamquamque
443 764 532 801 earam.
554 750 667 802 Numerus
689 754 766 802 autem
784 750 826 817 qui
840 755 878 803 est

68 824 158 888 specics
179 825 328 889 quantitatis,
341 823 407 889 pouit
424 824 538 888 quoddam
555 822 673 887 assidens,
691 824 792 875 additum
809 835 879 889 supra
908 830 911 835 '
991 894 992 901 ἵ

69 910 127 960 eus,
135 901 160 947 et
172 896 281 946 similiter
291 912 367 947 taam
377 896 439 960 quod
451 899 487 946 est
496 894 637 959 principium
645 894 706 946 illius
715 896 815 947 numeri
824 896 879 946 Ter-

69 968 130 1019 mini
147 982 205 1032 orgo
216 968 347 1019 numerales
359 968 385 1017 ia
398 966 482 1018 divinis
494 967 624 1031 sigrdtiaam
640 966 680 1017 ilia
701 968 728 1018 de
741 968 828 1033 quibus
844 968 879 1018 di·

70 1044 165 1105 cuntur,
177 1044 201 1090 et
220 1054 289 1105 super
302 1041 346 1091 hoc
356 1040 415 1090 nihii
428 1041 514 1092 addunt
527 1039 572 1091 uisi
585 1039 745 1104 negationem,
757 1043 782 1090 ut
793 1040 878 1091 dotum

70 1116 120 1177 est;
135 1116 158 1163 et
167 1117 281 1178 quantum
298 1113 398 1177 adhoc,
413 1110 534 1163 veritatem
550 1111 607 1165 dixit
620 1112 727 1176 Magister
740 1112 765 1163 in
780 1112 879 1163 Senten-

70 1185 110 1235 tiis
122 1185 156 1251 (l)
168 1202 174 1235 t
189 1188 217 1235 ut
228 1184 281 1235 cim
295 1184 392 1235 dicimus
398 1222 408 1249 ‚
419 1185 528 1240 essentia
543 1193 579 1233 est
591 1198 657 1242 aaa,
668 1184 702 1234 ihi
716 1199 795 1234 auam
809 1183 880 1247 signi·

70 1258 123 1307 ficut
142 1257 267 1308 essentiam
288 1256 492 1320 indivisam30i1m
510 1255 620 1319 dicimus,
640 1270 745 1319 persono
759 1258 798 1305 est
812 1271 876 1315 aaa,

70 1328 184 1392 significat
201 1341 324 1393 porsonam
340 1327 479 1391 indivisam3
493 1326 546 1377 edm
564 1326 676 1392 dicisum,
695 1338 806 1393 portem
819 1330 878 1377 atat

70 1402 171 1466 plures,
186 1400 344 1466 significantur
359 1400 405 1451 illa
423 1412 528 1465 persone
547 1403 571 1449 et
590 1398 697 1450 indivisio
717 1399 778 1450 eirea
799 1414 881 1451 uuam·

72 1488 185 1538 quamque
199 1487 292 1536 earum,
300 1472 354 1539 quia
365 1470 393 1523 de
406 1472 494 1523 ratione
507 1470 659 1524 multitudiuis
670 1475 705 1523 est
716 1471 777 1537 quod
793 1472 881 1525 exora

71 1546 158 1597 tatibm
173 1549 273 1597 constet.

103 1618 137 1668 td
151 1617 254 1683 primum
268 1630 323 1680 ergo
336 1616 546 1682 desudamenta
557 1614 713 1681 aaam‚oi1m
725 1616 756 1669 sil
766 1618 794 1669 de
807 1618 881 1668 traus-

72 1688 223 1741 aeudeutiltos
230 1726 238 1752 ‚
254 1694 289 1739 est
302 1689 445 1739 communius
454 1688 522 1753 quim
535 1688 660 1740 substantia
671 1693 695 1741 el
705 1688 773 1755 qu'avn
784 1690 881 1754 relatio,

72 1763 96 1809 et
108 1760 215 1811 similiter
229 1760 350 1818 multitudo
362 1777 368 1810 :
381 1760 442 1811 unde
456 1764 602 1826 poteststare
613 1760 731 1813 indivisis
744 1765 768 1813 et
778 1776 819 1827 pro
829 1762 882 1813 salt

72 1833 157 1883 mantia
167 1836 192 1883 et
206 1846 250 1897 pro
261 1832 371 1883 relatione
382 1872 391 1897 ,
402 1833 528 1884 secuudum
547 1831 608 1897 qudd
624 1834 735 1898 competit
748 1833 784 1885 his
801 1833 883 1898 quibus

73 1905 217 1970 adjungitur.
232 1905 260 1954 m
273 1908 351 1955 mmeu
366 1918 408 1970 per
421 1904 554 1969 hujusmodi
571 1904 664 1956 uomina
677 1918 746 1969 supra
760 1904 883 1957 essentiam

73 1976 110 2029 vel
121 1973 260 2029 relationem
269 1977 369 2041 additur,
378 1991 407 2028 ex
416 1991 496 2028 eorum
505 1976 670 2041 significatione
680 1976 782 2044 propria,
792 1976 883 2039 negatio

74 2050 181 2113 wedam
196 2048 326 2112 divisionis,
337 2052 363 2098 ut
372 2050 457 2100 dietum
468 2054 513 2100 est.

107 2122 140 2173 ild
155 2122 282 2182 seeundum
293 2121 429 2187 dicendum,
447 2122 508 2187 quid
519 2120 640 2181 mullitudo
657 2136 708 2185 quae
721 2121 787 2187 ponit
800 2119 884 2185 aliquid

75 2193 101 2243 iu
111 2196 177 2246 rebus
188 2194 282 2258 creatis,
293 2198 328 2245 est
339 2194 429 2259 speeies
439 2193 588 2260 quantitatis3
603 2206 654 2257 qua
668 2206 714 2243 nou
724 2190 884 2243 transsumitnr

75 2266 102 2316 in
112 2266 213 2317 diuinam
222 2263 409 2333 predicationem
414 2305 423 2331 ,
434 2268 475 2318 sed
483 2265 575 2317 tanlim
582 2264 703 2321 multitudo
711 2264 883 2328 transcendens,

76 2350 128 2402 que
141 2352 189 2390 non
203 2336 266 2390 addit
285 2352 355 2405 supra
367 2352 396 2390 ea
413 2339 441 2389 de
455 2338 539 2404 quibus
557 2338 639 2389 dicitur
645 2375 654 2402 ,
665 2337 711 2387 nisi
723 2336 884 2388 indivisionem

78 2410 141 2462 eirca
156 2410 257 2475 singula.
271 2412 300 2462 ta
312 2412 365 2462 talis
376 2411 497 2462 multitudo
511 2410 592 2463 dicitur
606 2412 634 2462 de
648 2410 703 2460 lieo.

110 2484 144 2534 ad
159 2483 254 2533 tertium
267 2483 404 2549 dicendum,
417 2483 478 2548 quod
488 2497 561 2533 uuum
572 2496 618 2533 nou
631 2486 666 2533 est
677 2480 814 2533 remotivum
828 2480 886 2532 mul·

113 2628 143 2693 (1)
156 2632 247 2690 Nempe
261 2632 314 2677 edm
323 2632 380 2678 dixit
390 2632 451 2691 qudd
461 2644 529 2677 attat
536 2665 546 2682 ,
556 2630 605 2676 daco
618 2635 640 2677 et
651 2633 708 2681 tras,
719 2629 757 2677 oei
768 2631 851 2677 tristata
866 2635 887 2677 ot

80 2695 179 2741 tristitae
195 2702 220 2741 et
236 2694 282 2741 alia
298 2696 350 2751 ejus
364 2696 454 2753 generis
466 2696 540 2753 magis
556 2694 686 2739 introducta
699 2694 805 2739 videntur
818 2706 886 2751 esse,

80 2759 175 2804 catiottc
185 2757 327 2803 removendi
337 2772 365 2803 ao
378 2758 551 2804 cxciadctsdid
562 2757 718 2815 simplicitate
728 2756 887 2815 deitatisque

81 2818 116 2864 iit·
128 2834 179 2866 actv
192 2825 251 2867 caat
264 2819 338 2879 qudm
347 2821 459 2879 pomum
470 2821 564 2878 aliquo.
576 2818 637 2869 Nam
652 2818 703 2865 cum
716 2819 808 2878 dieitur,
820 2828 887 2863 anas

82 2880 158 2933 Deos,
168 2882 293 2930 multitudo
308 2884 404 2929 deorum
417 2884 561 2930 excluditur:
577 2888 600 2929 et
615 2882 668 2927 edm
681 2883 779 2929 dicimus
792 2892 885 2940 quoquo

80 2946 487 3005 ptmupersosatsiugutaritstem
496 2952 566 3003 atque
575 2944 722 2991 solitudinem
734 2944 885 2998 excludimus;

83 3020 129 3054 nou
138 3010 299 3056 diversitatem
312 3022 356 3055 uec
368 3009 561 3068 multiplicitatem
573 3009 693 3072 ponimus,
705 3014 751 3055 ete.

213 3120 232 3156 1.
751 3106 780 3155 tt
