1992 3342
146 188 195 235 398
338 201 399 238 runs
415 202 438 251 ι,
452 200 544 247 ournsr.
563 200 636 252 xxiv,
654 202 709 240 nnn.
727 204 753 239 rr.

176 276 222 327 Sed
243 280 325 327 contra
340 280 391 341 est,
408 276 470 342 quod
487 278 553 329 liter
565 281 626 328 vr'toe
647 283 683 329 est
702 278 785 329 notitia
799 280 922 344 predestin-

144 347 228 412 tiouis‚
242 352 268 398 nt
281 348 367 398 dictum
383 353 418 399 est
434 365 440 399 :
456 350 497 401 sed
510 350 682 414 praedestinatio
698 364 747 402 nou
764 352 854 415 respic-lt
872 353 926 403 vitun

143 421 239 484 gratie,
253 421 298 471 nisi
312 417 437 472 secundum
448 421 509 486 qudd
522 423 639 475 ordinetur
654 424 683 473 ad
696 422 793 487 gloriam
804 440 810 487 ;
823 438 868 475 non
881 425 926 475 enin

142 497 195 543 sunt
216 492 371 556 predestinati
388 493 429 557 qui
447 494 658 558 dilemmatam,
677 499 701 545 et
717 494 825 546 deficiunt
840 495 926 560 igloriu.

142 564 210 615 Liber
220 562 290 629 igitur
299 564 353 615 vitm
363 578 410 614 non
419 564 503 615 dicitur
515 565 559 615 nisi
573 580 613 629 per
624 570 753 630 respectum
767 568 850 629 glorie.

174 637 337 703 (Cosmusro.
354 662 385 673 —
399 638 468 687 liber
479 637 533 688 ritae
553 637 644 703 proprie
657 638 729 689 uitam
746 640 823 702 gloriae
835 642 926 707 respicit,

143 706 196 758 cdnr
207 707 232 757 in
246 721 274 759 eo
286 708 410 772 conscripti
423 708 469 759 sint
482 709 522 773 qui
536 707 549 759 l
563 711 608 761 lieo
625 709 769 774 eliguntur.)

175 780 312 843 Respondeo
336 780 470 845 dicendum,
493 779 554 845 qudd
576 781 641 831 liber
661 784 722 831 vitm
739 782 782 848 (ut
797 781 927 842 dictumest)

144 851 252 915 importat
264 852 455 917 conscriptionem
467 854 583 915 quandam
596 853 644 903 sire
661 852 765 904 notitiam
779 856 899 906 electorum
909 854 928 903 ud

144 922 224 974 ritum.
244 924 342 988 Eligitur
365 929 441 974 aulem
455 923 537 987 aliquis
554 924 622 975 adid
638 926 698 989 quod
712 940 759 977 non
775 928 882 991 competit
898 925 930 977 sili

144 996 272 1060 secunddm
292 1011 357 1048 suum
372 1000 493 1047 naturam:
510 1000 533 1047 et
544 995 629 1048 iterum
642 997 666 1047 id
680 998 708 1047 ad
722 1000 782 1062 quod
797 999 886 1061 cligitur
900 998 930 1047 uli-

144 1072 212 1135 quis,
224 1071 294 1122 habet
308 1070 421 1121 rationem
431 1068 484 1119 llnis
498 1085 506 1117 :
524 1082 572 1121 nou
582 1069 643 1121 enirn
656 1069 723 1121 miles
735 1070 826 1133 cligitur
840 1076 878 1124 aul
889 1084 931 1121 con·

144 1142 251 1193 scribitur
261 1145 289 1195 ad
302 1144 346 1194 hoo
363 1142 424 1207 qudd
440 1146 551 1207 armetur,
566 1143 606 1192 sed
618 1143 646 1192 ad
659 1143 703 1193 hoc
716 1142 777 1207 qndd
786 1148 885 1208 pugnel3
898 1146 932 1193 lroc

144 1215 206 1266 enim
217 1219 253 1267 est
263 1215 382 1281 proprium
395 1214 513 1279 officium,
529 1216 558 1265 ad
571 1216 631 1280 quod
644 1214 727 1267 militia
737 1217 865 1267 ‘ordinetms
879 1216 931 1266 lino

144 1290 221 1339 autem
239 1302 309 1353 supra
329 1292 433 1338 naturam
456 1287 575 1351 existens,
598 1290 633 1337 est
651 1287 811 1353 cinglense,
829 1293 855 1339 ut
875 1302 932 1353 supra

143 1357 230 1410 dictum
243 1364 279 1411 est
291 1365 343 1427 (qu.
361 1364 415 1424 ΞΒ).
431 1360 495 1410 llnde
511 1358 603 1424 proprid
617 1358 682 1409 lc'dec·
694 1362 757 1411 vitoe
768 1360 861 1425 respicit
872 1363 931 1411 vitun

143 1430 230 1492 glorie.

173 1504 208 1555 nd
221 1503 320 1569 primun
334 1514 388 1567 ergo
405 1501 541 1567 dicendum,
559 1500 619 1569 qudd
634 1500 780 1567 vitodisinu,
794 1504 862 1554 etiem
874 1506 933 1567 pmut

142 1580 178 1625 est
188 1577 299 1640 gloriosa,
322 1579 358 1625 cst
378 1576 425 1625 ileo
445 1574 563 1625 naturalis.
584 1574 649 1625 Unde
662 1578 770 1638 respectu
783 1576 832 1639 ejus
847 1588 891 1626 non
904 1579 933 1623 cst

142 1647 238 1711 electio,
248 1651 273 1698 et
283 1660 325 1711 per
338 1658 481 1710 consequens
494 1658 569 1710 neque
582 1646 648 1697 liter
660 1648 737 1708 vilce;
752 1660 799 1697 non
811 1647 868 1697 enim
880 1646 936 1696 dici-

140 1732 193 1767 mus
206 1717 268 1782 qudd
283 1717 366 1782 uliquis
378 1719 448 1768 horno
468 1716 566 1780 eligutur
586 1718 616 1767 ed
638 1717 770 1769 habendum
783 1731 884 1779 sensum,
902 1718 935 1767 rel

140 1790 227 1855 aliquid
240 1803 318 1841 eornm
337 1804 387 1854 qum
401 1793 571 1853 consequuntur
582 1794 695 1841 naturam.

171 1862 236 1913 Unde
248 1875 291 1928 per
303 1863 348 1912 hoc
358 1859 431 1912 'etiarn
443 1864 509 1926 patet
525 1862 608 1913 solutio
621 1862 650 1913 ad
671 1863 816 1928 secundum
835 1866 936 1927 respectu

141 1934 203 1986 enim
213 1935 267 1985 uitae
283 1934 392 1985 naturalis
405 1937 453 1985 nolu
470 1938 505 1985 est
518 1936 617 2000 electio,
632 1948 705 1999 neque
719 1934 784 1985 lc'der
796 1937 861 1986 otto.

171 2008 206 2058 ld
216 2007 309 2058 tertium
322 2006 454 2071 dicendum,
463 2005 524 2071 qudd
535 2007 584 2057 vila
596 2008 673 2071 gratim
682 2021 729 2057 non
742 2006 813 2058 hebet
827 2006 935 2057 rationem

140 2079 193 2129 linis
200 2117 209 2143 ,
224 2079 265 2129 sed
281 2077 394 2128 rationem
416 2077 467 2141 ejus
487 2080 547 2142 quod
562 2082 597 2129 est
611 2078 739 2129 adfinem:
755 2079 816 2129 unde
830 2078 856 2128 ad
869 2076 936 2126 vitani

140 2152 219 2215 gratim
231 2165 279 2202 non
292 2149 375 2201 dicitnr
391 2149 474 2213 uliquis
490 2150 561 2213 eligi,
579 2148 624 2201 nisi
637 2150 661 2199 in
675 2152 786 2215 quiuntnrn
800 2149 848 2200 rita
863 2148 936 2211 grulir

139 2224 255 2274 ordinatur
268 2225 296 2274 ed
307 2222 402 2286 gloriam
415 2238 420 2271 ε
435 2226 460 2271 et
472 2227 566 2287 propter
578 2224 631 2286 hoe,
640 2221 675 2287 illi
688 2221 728 2286 qui
738 2222 824 2272 hahent
836 2220 937 2285 graticio,

139 2299 163 2345 et
181 2294 293 2345 excidunt
315 2294 329 2344 d
347 2294 418 2357 gloria
427 2332 436 2359 ‚
451 2306 497 2343 non
515 2294 619 2345 dicuntur
637 2307 686 2344 esse
705 2294 774 2343 electi
791 2293 936 2357 simpliciter,

137 2365 177 2417 sed
190 2366 314 2417 secunddm
328 2367 381 2431 quid
394 2367 439 2432 (1).
453 2368 482 2415 Et
495 2366 600 2417 simililer
613 2380 659 2421 non
674 2366 781 2416 dicontur
797 2380 846 2417 esse
864 2362 938 2425 scripti

137 2438 272 2502 simpliciter
284 2439 309 2488 in
321 2439 379 2489 libro
392 2439 445 2489 vitm
452 2478 461 2503 ‚
475 2438 516 2489 sed
530 2438 654 2491 secundini
675 2438 745 2502 quid3
765 2442 834 2502 prout
854 2436 937 2487 scilicel

138 2512 166 2561 de
178 2511 213 2560 eis
227 2510 252 2559 in
267 2510 409 2561 ordinatione
422 2514 446 2561 et
462 2512 543 2561 notitia
557 2510 634 2561 diuino
649 2508 725 2560 existit
739 2508 801 2573 qudd
818 2508 864 2559 sint
876 2506 941 2555 dnbi-

136 2583 182 2633 turi
196 2582 294 2647 aliquem
308 2582 412 2634 ordinem
426 2584 455 2634 ad
467 2583 538 2633 vitem
548 2587 666 2646 mternanr,
680 2580 807 2632 secundum
817 2578 941 2645 participu-

135 2657 222 2707 tionem
233 2656 319 2719 gratioe.

170 2820 200 2885 (l)
209 2823 247 2868 dn
255 2825 378 2879 propterea
385 2818 511 2868 idololatris
521 2819 564 2866 soli
573 2816 729 2877 significantur
736 2815 948 2877 perluonseriplns

136 2884 318 2993 §zrgibpaemvgf'
334 2886 414 2941 nont?
429 2883 504 2941 lupico.
521 2886 583 2944 XIII,
596 2896 657 2929 vers.
670 2883 699 2939 85
716 2882 857 2941 etApocnl.
870 2878 946 2925 ΠΗ.
