1992 3342
291 209 324 246 uu
337 208 422 250 orum
436 207 560 247 rotmari.
779 196 823 244 iti

60 282 141 349 iiiluna
162 291 196 338 est
216 289 281 337 extra
300 286 420 338 essentiam
439 286 491 351 rei,
503 287 560 337 siout
572 287 657 337 bonnm
673 282 774 335 hominis
789 286 824 333 est

58 368 95 403 erse
105 360 235 415 virtuosum
254 358 293 408 εει
309 361 464 423 sapientem
486 363 509 409 et
532 358 656 409 seonndium
675 358 720 407 tale
739 356 824 406 bouum

59 432 113 486 potest
121 432 173 481 litus
186 444 223 481 res
236 430 250 480 d
262 444 287 481 se
301 430 372 481 ianus
382 431 459 481 facere
472 430 585 481 meliores.
600 428 736 493 Simpliciter
748 432 824 478 autem

57 496 250 615 {oquendoquadbet
263 516 289 553 re
303 501 316 552 ι
329 517 353 553 se
368 501 428 552 iaott
441 505 517 566 potest
534 504 593 553 Deus
606 502 680 553 iuuere
694 500 761 551 atium
777 513 825 551 me-

63 584 123 623 torreta.

80 645 201 709 idpriuum
217 660 273 710 ergo
291 647 428 709 dicendum,
443 616 568 711 quidd'edm
588 646 669 697 dieitur
692 662 697 695 z
721 663 734 692 u
752 645 824 694 Deum

54 727 105 774 ittae
118 719 196 784 aliquid
216 720 292 769 faeere
313 718 395 769 melius
408 719 476 783 quiam
489 718 559 781 iacit,
579 736 592 765 u
611 720 631 769 si
648 721 672 783 ty
692 718 783 767 ozelino
796 716 826 767 sit

54 798 129 868 tomen,
149 806 230 843 rerum
249 795 308 841 est:
329 791 430 855 qualibet
448 790 510 841 enirn
528 804 552 840 re
575 793 650 854 potest
665 790 739 839 iacere
757 788 824 839 aliam

52 861 156 928 medonem
171 864 269 915 eandem
277 862 333 913 uero
344 867 420 926 potest
430 862 505 913 faeere
518 860 634 912 meliorem
645 863 740 925 quodam
748 860 824 922 modo,

52 935 69 1007 ιι
83 936 162 995 qudam
182 936 252 985 modo
271 948 335 996 nou,
354 933 413 984 siout
425 933 511 983 dictum
529 936 572 983 est.
585 932 609 983 Si
622 930 679 985 rard
695 932 722 996 ly
734 931 825 983 melius

53 1005 76 1049 st
85 1003 198 1058 adverbium
209 1012 234 1057 et
244 1007 352 1070 importet
364 1006 457 1056 modum
470 1019 498 1055 ex
515 1007 578 1069 parte
593 1003 710 1067 incientis,
721 1004 754 1054 sio
766 1004 826 1053 Deus

50 1082 157 1139 nonpotest
167 1080 247 1130 iacere
258 1077 340 1128 mediiis
351 1091 419 1142 quam
427 1077 486 1127 siout
496 1077 564 1141 iacit,
580 1075 632 1140 quoia
645 1089 691 1125 nou
703 1078 778 1139 potest
792 1073 802 1121 i
815 1098 826 1109 -

51 1158 92 1195 uere
100 1151 209 1216 nunnioni
218 1149 333 1214 sapientia
344 1155 367 1200 et
378 1149 489 1212 bonitate;
501 1149 521 1199 si
530 1152 606 1199 antem
616 1148 725 1211 importet
735 1146 826 1196 rnodnm

48 1224 209 1296 1ιηεειειερεῑ,
223 1222 258 1272 siu
266 1224 343 1285 potest
353 1221 429 1271 faeere
439 1220 521 1271 metiris
528 1257 537 1283 ‚
549 1219 601 1283 quia
610 1222 686 1283 potest
697 1219 749 1269 dare
759 1217 827 1267 rebus

48 1299 57 1366 ε
68 1304 87 1340 se
97 1293 156 1345 saetis
165 1295 287 1345 meliorem
299 1293 390 1343 modum
401 1291 493 1343 essendi
504 1293 614 1356 quantum
627 1290 656 1341 ad
669 1288 826 1351 accidentalia,

47 1359 87 1411 trodt
100 1379 141 1416 nou
157 1369 273 1431 qnantum
286 1365 316 1415 ad
329 1364 467 1416 essentialia.

70 1436 228 1490 sesecundum
236 1437 368 1499 dicendum,
380 1434 439 1500 qudd
451 1434 576 1487 duratione
587 1434 628 1484 iiiii
638 1430 742 1497 estquod
753 1444 829 1495 aque·

47 1509 76 1585 tur¹
88 1510 154 1575 patri,
177 1512 234 1561 oium
257 1510 287 1559 ad
307 1509 433 1572 perfeetum
453 1508 555 1570 uenerit3
576 1520 622 1557 nou
646 1507 776 1556 astantem
800 1503 827 1552 de

48 1582 114 1631 ratione
126 1588 239 1634 menturae
254 1580 351 1644 aiicujus
357 1618 365 1644 ,
381 1580 441 1644 quod
454 1579 484 1630 sit
503 1578 582 1629 melior
600 1576 668 1642 quitur
681 1575 754 1627 alteo
767 1576 829 1626 saeta

44 1657 75 1699 ost.
87 1656 146 1707 Unde
163 1670 215 1707 uou
227 1658 263 1705 est
276 1652 358 1703 munitis
370 1652 436 1703 ratio.
492 1666 501 1679 ·

69 1727 94 1774 tt
110 1730 206 1778 tertium
226 1726 362 1788 ditandum,
390 1724 451 1788 qnod
474 1723 606 1779 universnm
631 1718 761 1787 (suppositis
780 1718 830 1769 istis

43 1794 168 1857 othoninum
189 1800 270 1864 potest
285 1810 335 1847 εεεε
352 1796 448 1860 metius,
468 1799 561 1861 propter
574 1792 756 1845 decentissimum
770 1790 830 1841 ordi-

42 1880 83 1916 non
97 1872 132 1923 his
147 1873 223 1923 rebus
237 1868 370 1919 attributum
380 1867 447 1918 dtieo
454 1905 462 1931 ,
473 1867 498 1916 in
512 1880 557 1931 qno
569 1860 763 1915 honnmnniversi
776 1875 830 1911 eou-

44 1938 100 2004 s'utit3
112 1958 213 2007 quorum
232 1942 252 1990 si
269 1952 342 1997 unum
359 1938 450 2002 aliquod
463 1942 523 1989 esset
537 1936 634 1998 meiius,
648 1934 831 1997 conumperetur

41 2017 139 2075 trepondo
154 2012 266 2075 ordinis,
285 2011 344 2061 siem
359 2010 379 2061 si
395 2023 441 2059 uua
460 2010 544 2060 chorda
561 2010 612 2072 plus
632 2005 707 2056 debito
727 2004 831 2053 intende-

41 2089 96 2147 ntur,
104 2088 295 2151 corrumperetur
306 2082 398 2131 cithara
409 2081 515 2131 melodia.
524 2082 604 2131 Posset
613 2082 690 2127 tamen
703 2077 763 2125 Dens
777 2074 831 2125 alias

43 2166 67 2202 ‘os
77 2156 164 2223 faeere,
180 2158 223 2207 sel
243 2156 300 2205 alias
318 2154 401 2204 addere
414 2152 464 2203 istis
480 2153 548 2202 rebus
567 2150 647 2213 iaetis;
662 2151 685 2199 et
698 2150 757 2197 esset
771 2145 831 2196 aliud

40 2230 155 2283 ¹uniuersum
171 2235 200 2283 ει
213 2228 306 2280 melius.

61 2304 90 2351 id
99 2310 211 2368 quartum
222 2300 362 2362 dicendum,
375 2296 435 2363 quod
444 2296 573 2347 humanitas
586 2291 670 2346 Christi
679 2306 708 2342 eu
720 2292 763 2342 hoo
772 2288 832 2355 qndd

40 2379 59 2419 rt
72 2377 132 2428 unita
146 2380 212 2439 Deo,
223 2377 247 2424 ‘et
255 2370 374 2422 beatitudo
388 2372 464 2419 ereata
472 2382 502 2419 ex
512 2369 556 2417 hoo
569 2364 629 2430 quod
642 2368 677 2415 εει
688 2362 766 2412 iruitio
777 2360 831 2425 Dei,

36 2455 50 2488 ³1
61 2447 124 2499 trenta
136 2450 216 2511 Virgo
228 2457 258 2495 ex
270 2445 315 2493 hoe
328 2441 389 2506 quod
405 2446 441 2490 est
453 2443 527 2489 mater
545 2439 586 2488 iiei
593 2475 601 2501 ,
623 2438 707 2487 habent
720 2434 833 2497 quandam

41 2520 155 2580 serratum
167 2518 292 2571 infinitam
304 2528 333 2565 ex
345 2514 405 2564 bono
419 2512 509 2562 infinito
521 2511 581 2575 quod
594 2513 628 2559 est
637 2510 697 2558 Dens
708 2506 741 2571 (t)
752 2522 758 2569 ;
771 2510 794 2556 ει
804 2518 832 2555 ex

33 2698 119 2741 ostem
135 2693 268 2755 ampliter,
282 2692 337 2736 edm
346 2687 492 2745 aliquidaut
506 2684 612 2731 attatum
622 2683 701 2742 saeuit
707 2681 748 2727 ἐει
757 2678 834 2726 oddi-

30 2771 69 2801 um
83 2781 89 2804 .·
102 2761 145 2806 sed
158 2754 288 2817 praecipud
301 2750 444 2818 differentia?
457 2755 503 2795 ete,

56 2829 81 2890 ¹¹1)
91 2828 265 2879 Diuersimodt
274 2832 354 2873 umen
365 2830 389 2868 ei
404 2821 530 2869 seeundum
543 2818 714 2877 proportionem
733 2816 834 2873 singulo·
868 2819 870 2822 ’

38 2907 69 2936 εει
79 2913 84 2937 :
95 2909 151 2942 nam
163 2891 308 2939 humanitas
320 2886 404 2935 Christi
413 2886 490 2941 atiquo
504 2884 573 2929 modo
582 2881 730 2927 intrinsecam
740 2885 835 2936 propter

39 2960 206 3006 dstantialem
223 2954 352 3006 unionem
371 2955 395 2995 et
407 2955 530 3010 propterea
548 2944 701 3002 simplicitera
716 2942 761 2987 ntia
780 2940 835 2986 sord
