1992 3342
86 192 94 203 N
148 206 192 250 306
344 214 403 248 raas
419 214 442 260 ι,
460 211 552 254 pomer.
569 213 646 260 xviri,
664 213 721 246 aar.
739 213 772 248 ιι,

147 291 207 354 quod
218 288 368 352 intelligitur,
378 292 402 337 et
414 288 488 352 ipsum
506 287 648 352 iuuenique
661 287 720 351 ejus.
736 288 816 350 Unde,
837 287 938 352 quicquid

147 365 182 412 est
195 361 220 410 in
233 362 280 410 Deo
298 362 323 409 ut
339 359 501 423 intellectum,
519 362 554 410 est
569 359 644 423 ipsum
657 361 740 408 nivere
759 359 795 408 rel
809 359 858 408 uita
876 361 937 423 ejus:

146 432 207 482 unde
217 431 269 480 edm
283 429 360 481 omnia
374 444 425 494 qus
439 430 500 481 facta
514 429 666 493 mutatico,
682 429 729 480 siut
741 429 766 479 in
779 429 866 493 ipsunt
880 431 939 482 intet-

146 502 222 566 lecta,
236 502 337 565 sequitur
350 500 410 565 quod
422 502 500 552 omnia
512 503 537 551 iu
549 501 599 566 ipso
613 505 666 552 sunt
675 501 725 566 ipsa
738 502 786 552 vita
800 501 889 553 diuina.

179 572 327 636 ltprimum
349 585 403 635 ergo
421 573 557 638 dicendum,
574 571 634 637 qnod
653 577 763 623 creatura
787 573 812 622 in
832 575 940 624 Decesse

147 645 252 695 dicuntur
274 643 402 709 dupliciter.
422 645 472 696 tlno
494 646 562 695 modo
584 644 608 694 in
630 647 739 710 qmntum
757 645 905 697 continentur
924 649 941 692 et

147 719 309 766 mnsemantur
321 715 406 766 ιίιιιιιι
420 715 514 780 divina,
531 716 590 766 sicut
606 715 701 766 dicimus
714 728 742 764 ea
754 727 804 766 esse
820 715 847 766 in
868 716 942 776 nobis,

147 801 198 850 quae
211 790 264 836 sunt
276 786 389 837 innostra
403 791 529 851 potestate3
544 791 567 838 et
578 785 610 837 sic
623 791 732 838 creaturae
743 787 850 838 dicuntur
862 803 912 840 esse
924 787 942 836 ir

147 859 194 907 lieo
212 858 281 908 etiam
297 861 365 922 prout
383 863 437 908 snut
453 858 477 907 in
490 858 588 922 propriis
601 857 700 920 naturis3
715 861 738 908 et
751 859 795 908 hoc
804 860 875 910 modo
884 859 943 910 iutel-

147 928 265 992 ligendum
281 933 316 980 est
333 931 428 980 verbnm
442 929 544 994 Apostoli
563 929 660 980 dicentis
675 945 680 978 :
697 947 711 977 ιι
724 929 751 978 ln
764 929 814 993 ipso
833 931 944 992 vivimus,

148 1013 266 1050 moremur
278 1003 302 1050 et
314 1013 407 1063 snmus,
422 1016 436 1046 ι
449 1001 503 1064 quia
518 1001 586 1052 etiam
601 1005 704 1051 nostrum
715 1001 800 1050 uiuere
814 1003 839 1050 et
850 1007 944 1052 ιιοιιιιιι

148 1083 208 1127 esse,
221 1074 246 1120 et
256 1076 358 1121 nostrum
368 1072 466 1120 moveri
479 1076 600 1121 causantur
611 1071 624 1122 a
637 1071 693 1122 ileo.
706 1069 754 1122 llio
765 1071 834 1122 modo
847 1072 947 1123 dicuntur·

147 1154 185 1190 res
196 1154 246 1191 esse
258 1141 283 1191 in
296 1143 343 1192 lieo
359 1141 416 1192 sicut
430 1141 456 1192 in
468 1146 621 1204 cognoscente
635 1158 640 1190 :
656 1146 679 1192 et
692 1141 725 1191 sic
744 1145 797 1192 sunt
811 1141 838 1192 in
852 1144 899 1194 Deo
912 1157 947 1206 per
967 1143 968 1146 ’

148 1212 251 1276 proprias
267 1214 380 1277 rationes,
397 1227 449 1277 quae
468 1227 516 1263 non
537 1217 590 1263 sunt
612 1213 674 1263 aliud
691 1213 716 1263 in
734 1213 780 1262 lieo
804 1213 834 1264 ab
855 1215 946 1265 essentia

148 1283 239 1347 divina;
251 1285 311 1334 unde
327 1299 363 1335 res
377 1286 445 1348 prout
460 1282 492 1333 sic
506 1283 532 1332 in
546 1285 594 1334 Deo
609 1287 671 1347 sunt,
686 1285 739 1334 sunt
751 1283 853 1334 essentia
867 1285 947 1335 divina.

148 1356 177 1404 itt
190 1354 243 1419 quia
254 1356 351 1406 essentia
363 1355 441 1405 divina
454 1358 488 1405 est
501 1353 549 1405 vita
556 1392 565 1418 ‚
582 1369 629 1406 non
644 1360 722 1406 autem
735 1359 828 1418 motus,
848 1355 902 1406 iude
919 1358 950 1405 est

148 1427 209 1492 qudd
218 1441 256 1478 res
269 1430 312 1478 hoc
322 1428 389 1478 modo
400 1425 594 1490 loquendiinlleo
606 1441 653 1478 non
661 1429 714 1476 suot
723 1429 817 1480 ocutus,
833 1430 875 1479 sed
889 1429 948 1478 vita.

179 1499 213 1548 Ad
226 1500 350 1549 secundum
366 1498 506 1561 dicendum,
527 1496 588 1561 qudd
608 1499 736 1562 exemplata
754 1500 847 1562 oportet
864 1499 950 1550 contor-

149 1569 206 1618 mari
219 1569 344 1632 exemplari
355 1568 479 1619 mcunddm
491 1569 602 1619 rationem
614 1570 704 1632 formu,
718 1582 765 1618 uon
779 1573 858 1619 autem
871 1583 949 1620 secun

148 1639 203 1689 diam
215 1641 307 1688 modum
322 1640 412 1689 essendi
431 1655 436 1688 :
452 1652 507 1688 narn
526 1639 620 1690 alterins
639 1639 701 1690 modi
719 1654 769 1688 esse
790 1639 861 1690 hahet
880 1639 968 1702 torum

149 1710 283 1773 quandoque
296 1710 321 1758 in
336 1710 460 1774 exemplari
471 1714 495 1760 et
507 1710 532 1760 in
546 1711 676 1776 exemplato
693 1726 698 1758 ι
717 1711 775 1760 sicat
786 1709 861 1760 forma
873 1711 951 1762 domnis

148 1780 173 1829 in
186 1784 263 1830 mente
280 1781 373 1831 artificis
385 1782 455 1832 hahet
468 1796 519 1830 esse
531 1781 681 1832 immateriale
701 1785 725 1831 et
742 1780 888 1844 intelligibile
902 1798 910 1844 ;
928 1781 949 1829 in

150 1851 216 1903 domo
229 1857 305 1902 autem
319 1867 370 1916 quae
384 1856 419 1904 est
432 1857 495 1916 entra
509 1853 625 1917 animam,
646 1851 716 1916 trahet
732 1867 783 1902 esse
796 1852 951 1903 materialeot
967 1887 968 1906 ι

150 1923 264 1974 sensibile
280 1925 344 1974 Unde
355 1927 379 1974 et
393 1912 493 1974 rationes
506 1937 584 1974 rerum
598 1937 649 1987 qua
663 1922 743 1986 seipsis
757 1936 803 1973 non
818 1923 914 1986 vivunt,
929 1925 951 1971 ἰιι
967 1921 968 1996 ι

150 1999 227 2044 mente
250 1995 327 2071 diviua
346 1998 399 2046 sunt
422 1998 489 2058 vitu,
507 1995 560 2058 quia
575 1995 599 2044 in
615 1997 692 2044 mente
707 1994 784 2044 divina
796 1996 884 2046 habent
902 2011 952 2046 esu

153 2063 301 2117 divinum.

182 2141 216 2189 ild
226 2139 320 2190 tertium
331 2137 460 2200 dicendum,
474 2137 563 2200 qndd'
546 2151 566 2186 ιι
579 2137 653 2187 det
618 2139 653 2186 rat
654 2137 706 2186 ione
723 2149 800 2204 rerum
814 2138 952 2188 naturalium

151 2222 197 2258 non
216 2214 276 2259 esset
294 2207 398 2270 materia,
411 2208 450 2258 sed
466 2207 558 2258 tantiam
571 2207 652 2272 forma,
667 2207 772 2258 omnibus
783 2209 858 2259 modis
869 2208 956 2258 verimi

150 2281 218 2329 modo
230 2285 306 2330 essem
324 2293 361 2328 res
379 2279 494 2328 naturales
510 2278 535 2328 in
552 2281 628 2328 mente
649 2279 726 2330 divina
740 2292 782 2344 per
801 2293 855 2330 suas
872 2279 955 2340 ideas,

151 2349 218 2414 quam
237 2351 262 2400 in
282 2350 363 2414 seipsis
375 2365 381 2398 :
395 2353 488 2415 propter
505 2351 563 2414 quod
580 2355 603 2400 et
624 2351 689 2400 Plato
710 2349 787 2414 posuit
804 2349 864 2414 quod
882 2349 968 2420 homo}

151 2425 268 2485 separatus
279 2426 328 2472 erat
347 2434 416 2470 verus
432 2423 498 2471 homo
505 2459 513 2485 ,
528 2423 596 2471 homo
607 2425 682 2474 autem
696 2421 821 2472 materialis
836 2425 870 2471 est
882 2422 968 2478 homor}

151 2505 193 2558 per
207 2493 415 2557 participationem.
429 2493 474 2542 Sed
492 2493 545 2556 quia
563 2493 591 2542 de
611 2493 699 2544 ratione
718 2507 796 2543 rernm
814 2492 968 2544 naturalium

152 2568 187 2616 est
206 2565 319 2626 materia,
342 2564 463 2614 dicendum
482 2569 518 2614 est
538 2563 598 2628 qnod
618 2578 655 2617 res
673 2565 788 2614 naturales
810 2564 887 2614 aeriis
903 2567 968 2622 ιιι-ι

151 2634 285 2700 simpliciter
297 2636 401 2687 liabent
395 2650 420 2685 ιιι
434 2639 510 2686 meme
524 2635 622 2699 divina,
636 2636 849 2702 quamrnseaps1s‚
862 2633 914 2700 qnia
934 2635 968 2686 im

152 2713 230 2758 mente
247 2707 324 2761 divina
342 2709 429 2758 halem
449 2721 500 2758 erce
514 2707 653 2770 increatum,
667 2707 692 2758 in
711 2706 794 2772 seipsis
810 2711 888 2760 autem
903 2720 961 2754 ess·

153 2784 269 2841 creatum,
286 2780 327 2830 sed
348 2793 397 2831 esse
414 2781 503 2841 noun
487 2781 564 2842 utpote
579 2781 647 2832 homo
668 2781 706 2829 rel
722 2792 810 2842 equus,
825 2777 903 2830 ιιιιιιι
914 2747 968 2842 ιιι-ι

154 2853 227 2902 bent'
221 2866 245 2901 ιιι
257 2852 349 2915 propria
364 2855 443 2900 natura
456 2850 525 2913 quam
534 2850 559 2898 in
572 2855 634 2901 ment
636 2865 648 2901 e
662 2850 748 2913 diviua,
762 2852 819 2915 quia
832 2853 861 2902 ad
873 2848 968 2899 uerita-i

153 2929 199 2974 tem
222 2923 320 2975 hominis
339 2923 438 2985 pertinet
459 2937 509 2972 esce
528 2923 661 2987 materiale,
680 2924 739 2987 qraod
761 2937 808 2974 non
830 2925 913 2974 habeut
937 2921 968 2974 iul
