1992 3342
113 157 159 206 tltl
310 166 371 202 raas
387 166 410 215 ι,
423 165 516 210 onnsr.
535 165 590 214 m,
608 164 663 202 aar.
681 163 714 200 rr.

112 245 216 305 utsupra
225 239 425 304 ostensum(l)est
438 241 495 299 (art.
509 239 547 302 3),
561 238 822 302 manifestumestqndd
830 238 911 304 impos·

112 312 177 363 sibile
195 316 230 364 ast
243 325 296 361 cunr
310 310 394 359 ιιιιΙιιιιι
408 310 481 374 culpa
495 311 564 360 aelle.
583 311 611 360 Et
626 313 703 360 tannen
722 310 751 362 ad
767 311 872 374 opposita
889 323 913 359 se

112 385 196 446 habet,
209 383 235 432 in
248 384 357 446 qnantum
370 381 430 430 uelle
442 385 517 446 potest
531 383 576 432 hoc
589 395 648 444 esse,
668 385 691 430 et
710 394 757 430 non
771 393 822 431 esse
834 396 840 429 :
853 381 912 430 sicut

112 456 137 503 et
156 467 198 504 nos
210 453 271 517 (non
291 451 421 515 peccando)
439 465 559 516 maumas
575 452 634 502 uelle
649 453 729 503 sedere
749 455 773 502 et
790 451 851 502 velle
864 465 911 501 uon

112 525 199 575 ”dm
405 591 616 645 arnoniusxr.

214 709 300 753 Utntm
308 709 341 753 eit
349 708 519 764 distinguenda
529 708 556 753 tn
563 709 614 752 Deo
622 707 733 752 ndentes
742 706 816 762 rigni.

143 827 178 876 nd
193 825 340 876 undecimum
362 826 395 876 sic
416 823 546 890 proceditur
561 823 603 890 (a).
629 824 723 875 Videtur
738 823 801 888 qudd
821 825 916 876 nonsit

112 896 358 959 distinguendainlleo
367 897 472 946 voluntas
481 895 550 958 signi.
565 894 627 946 Sicut
637 894 699 944 eninr
709 895 817 945 voluntas
828 895 872 946 llei
881 900 915 946 est

111 981 181 1018 canu
191 981 277 1034 rerupn,
287 967 321 1017 ita
332 971 355 1018 et
365 966 469 1017 scientia.
482 967 528 1019 Sed
540 980 588 1017 non
598 965 743 1028 assignantur
757 965 835 1030 aliqua
852 967 916 1030 signa

111 1042 214 1103 exparte
229 1038 312 1089 divina
325 1038 428 1089 scientia
444 1054 449 1086 z
465 1052 520 1100 ergo
533 1052 608 1102 neque
622 1037 707 1088 debent
718 1036 832 1100 assignari
841 1035 915 1102 aliqua

110 1108 177 1174 signa
189 1123 218 1159 er
230 1113 295 1174 parte
308 1109 391 1160 ἀιιίιιω
403 1109 536 1162 voluntatis.

142 1185 166 1229 a.
178 1181 302 1244 praterea,
312 1192 381 1231 omne
392 1179 482 1242 signum
493 1181 554 1243 quod
563 1192 610 1230 non
621 1180 743 1230 concordat
759 1177 783 1229 ci
799 1179 868 1244 cujus
884 1183 916 1230 cst

110 1250 215 1314 signum,
226 1255 262 1302 est
276 1252 358 1302 lusum
368 1250 410 1316 (a).
423 1251 449 1300 Si
465 1250 536 1314 igitur
547 1251 613 1314 signa
627 1264 679 1315 quae
693 1249 841 1313 assignantur
857 1251 917 1300 circa

110 1322 252 1373 voluntatem
269 1323 386 1386 divinam,
400 1336 448 1372 non
466 1323 604 1372 concordant
625 1321 708 1373 divinae
723 1321 853 1385 uoluntati,
867 1325 918 1372 sunt

110 1390 168 1443 falsa
178 1409 185 1456 ς
196 1394 216 1444 si
225 1397 303 1445 autem
315 1393 462 1456 concordant,
481 1391 598 1456 superflue
614 1392 768 1455 assignantur.
781 1393 834 1442 Non
847 1391 915 1454 igitur

110 1468 163 1514 sunt
174 1462 250 1530 aliqua
260 1465 325 1528 signa
338 1466 397 1516 circa
413 1465 555 1514 voluntatem
574 1463 675 1516 divinam
686 1462 834 1524 assignanda.

142 1535 185 1586 Sed
202 1540 282 1586 contra
295 1539 344 1598 est,
367 1534 429 1598 quoa
447 1534 552 1584 voluntas
566 1534 607 1585 Dei
620 1538 654 1584 est
671 1534 734 1596 una,
747 1532 801 1582 edm
820 1533 851 1584 sit
867 1533 916 1597 apsa

109 1605 152 1654 liei
162 1607 270 1656 essentia.
286 1607 424 1670 Quandoque
440 1608 519 1655 autem
529 1605 647 1670 pluraliter
658 1603 814 1668 significatur3
826 1609 852 1656 nt
865 1605 914 1656 cina

111 1674 294 1735 dicitur(1³cut.
312 1675 384 1739 CX):
405 1693 419 1723 «
431 1677 515 1739 llagna
534 1689 605 1741 opera
623 1675 732 1738 llonrini,
753 1675 870 1740 exquisita
891 1677 916 1725 in

110 1757 191 1794 omnes
205 1747 334 1795 voluntates
348 1746 405 1809 ejus.
416 1763 430 1793 ιι
442 1749 502 1809 Ergo
516 1749 606 1811 oportet
616 1747 676 1811 qudd
687 1747 812 1810 dignando
825 1749 914 1810 signum

110 1815 234 1865 voluntatis
250 1829 292 1878 pro
309 1817 428 1866 voluntate
445 1817 579 1880 accipiatur.

142 1885 294 1950 (Coucnnsro.
303 1913 334 1923 -
344 1886 496 1957 Distinguitnr
510 1887 535 1937 in
550 1889 596 1939 Deo
607 1889 713 1938 uoluntas
729 1887 800 1952 signi,
812 1889 915 1940 avolan-

110 1959 159 2007 tale
170 1955 321 2022 simpliciter,
332 1957 380 2008 sire
390 1957 553 2024 beneplaciti.)

143 2030 279 2094 despondeo
291 2028 414 2080 dicendum
421 2067 430 2093 ‚
444 2029 506 2094 quod
519 2031 544 2080 in
562 2032 609 2081 lteo
624 2029 728 2093 quandam
741 2029 850 2080 dicuntur
863 2043 916 2094 pro·

110 2098 177 2165 prid,
190 2105 213 2152 et
226 2102 331 2166 quadarn
349 2103 477 2153 secundum
498 2103 673 2166 metaphoram,
692 2105 717 2150 ut
731 2113 761 2151 ex
779 2102 916 2168 supradictis

111 2176 175 2235 patet
191 2174 284 2239 (quast.
302 2177 348 2238 13,
361 2178 406 2224 art.
421 2173 458 2239 3).
473 2173 532 2224 Cirur
546 2178 621 2224 autem
637 2172 720 2236 aliqua
737 2171 858 2236 passiones
872 2177 916 2226 hn-

144 2289 175 2350 (ll
188 2293 315 2336 Praesertim
333 2292 401 2350 uero,
417 2293 471 2349 qnia
484 2291 552 2350 longd
569 2298 638 2338 antea
654 2293 799 2350 praemiserat
813 2293 916 2350 ibidem,

110 2354 159 2409 qud
176 2354 295 2408 aequaliter
304 2355 418 2400 universis
434 2358 496 2400 Deus
513 2354 575 2400 dedit
588 2355 687 2399 liberum
698 2355 833 2416 arbitrium,
845 2361 872 2400 nt
881 2355 914 2398 od

110 2416 248 2472 coemptum
257 2416 305 2460 Det
315 2419 493 2474 pemittmr
504 2419 588 2476 secere
601 2417 720 2475 quiequid
734 2419 823 2464 velint.
834 2419 872 2464 An
882 2413 928 2463 Μ’

110 2478 248 2534 exemplum
259 2478 320 2528 Det,
331 2479 350 2523 si
363 2480 437 2524 libero
449 2480 545 2525 arbitrio
559 2475 653 2525 eareat?

142 2543 178 2607 (Ξ)
192 2549 225 2592 De
236 2547 272 2592 nis
285 2548 355 2595 etiarn
366 2550 390 2610 2,
402 2550 480 2600 Sent„
491 2549 515 2610 1,
529 2551 582 2596 dist.
594 2549 637 2609 45,
649 2555 693 2596 art.
711 2551 757 2604 ult;
774 2556 799 2595 et
812 2563 852 2606 qu.
870 2548 912 2608 23,

110 2608 139 2653 de
151 2609 228 2668 verit,
243 2615 288 2654 art.
305 2610 328 2656 3.
719 2647 721 2652 .

144 2677 174 2738 (3)
188 2682 251 2734 Quod
264 2682 288 2725 in
300 2683 371 2739 signis
381 2684 524 2728 naturalibus
538 2689 562 2728 et
575 2683 603 2728 ad
615 2682 789 2738 significandum
804 2683 915 2730 deterrui·

110 2744 255 2789 natieloeurn
269 2745 406 2804 nonhabet,
427 2746 467 2790 scd
483 2747 507 2790 in
521 2745 656 2792 voluntariis
669 2745 773 2804 tantiam,
785 2747 837 2791 cunr
849 2744 911 2790 aliud

111 2805 187 2850 animo
198 2806 257 2864 gerit
273 2807 312 2862 qni
327 2809 416 2866 signnm
428 2809 479 2868 dat,
493 2814 518 2854 ut
532 2821 561 2854 ex
572 2810 613 2854 lib.
628 2808 656 2868 2,
670 2807 699 2852 de
711 2807 791 2855 doctr.
808 2809 914 2856 Christ„

110 2880 162 2924 cap.
181 2866 207 2928 l,
224 2869 345 2926 colligitur.
