1992 3342
139 198 182 243 titt
344 205 403 240 rans
415 206 438 252 r,
451 203 543 247 ounss.
558 204 615 249 nari,
630 202 684 237 aar.
700 203 725 236 rr.

137 283 234 346 alicujus
244 282 291 343 rei,
303 280 362 329 nihil
372 278 485 340 significat
494 278 523 327 ad
536 276 587 340 ejus
600 277 722 329 essentiam
733 276 869 340 pertinens:
888 292 944 340 orgo

138 355 231 407 nomina
242 353 302 403 diota
315 353 344 401 de
357 352 419 412 ileo,
434 363 480 400 non
493 350 602 401 dicuntur
615 350 643 400 de
654 348 704 413 ipso
717 347 911 399 substantialiter.

170 432 193 475 3.
215 428 341 485 Praeterea,
364 423 489 472 seeundum
507 423 550 473 hoe
569 421 698 473 nominatur
716 419 804 483 aliquid
822 420 836 470 l
855 421 943 483 nobis,

81 496 85 510 '
138 497 263 547 secundum
275 496 336 559 quod
348 493 492 556 intelligitur.
502 494 547 551 Sed
561 506 608 543 non
620 490 756 555 intelligitur
769 490 858 542 neusa
877 492 949 543 nobis

138 569 163 618 in
181 571 225 619 bae
241 568 289 617 uita
303 565 428 617 seeundum
447 579 513 615 suam
525 564 675 617 substantiam
689 579 695 615 :
711 576 767 626 ergo
789 563 949 627 neeat'uqmd

140 652 224 690 nomen
236 636 367 700 impositum
377 636 391 685 l
403 636 469 687 nobis
479 635 561 685 dieitur
571 636 599 685 de
609 636 656 685 lleo
667 634 792 686 seeundum
807 647 871 684 suam
889 636 951 686 snb-

140 710 257 763 stantiam.

171 782 218 831 Sed
230 783 309 829 sonna
317 783 366 841 est,
377 779 438 841 qnod
447 778 502 828 dicit
514 778 653 841 Augustinus
669 777 710 825 Vll
727 776 760 826 de
774 777 866 826 Triait.
887 778 926 843 (l)
943 796 948 827 z

142 869 156 900 a
170 854 217 901 beo
229 853 274 901 boe
282 854 319 901 est
329 863 379 901 esse
384 886 392 912 ,
406 850 466 912 quod
476 850 559 901 fortem
574 862 638 911 esse,
655 849 693 899 sel
702 848 830 911 sapientem
842 860 895 897 esse
903 886 914 913 ‚
929 854 953 899 el

141 922 161 973 si
173 922 227 985 quiid
237 922 266 971 de
278 921 318 971 illa
329 919 475 983 simplicitate
488 918 589 983 dixeris,
608 934 655 983 quo
670 919 720 983 ejus
734 918 862 970 substantia
872 919 954 983 signi-

142 994 240 1053 timim:
263 1005 318 1055 ergo
338 991 415 1042 omnia
433 990 528 1043 nomina
546 990 677 1055 hujusmodi
695 990 825 1053 significant
844 989 953 1043 divinam

142 1063 328 1113 substantiam.»

174 1135 183 1199 (
199 1136 342 1185 Goumusro.
360 1158 392 1171 -
405 1133 462 1183 cum
475 1133 577 1183 diuinam
588 1132 738 1183 substantiam
747 1132 884 1198 imperfecte
899 1150 956 1199 eog-

143 1219 279 1269 nosoamus,
291 1205 383 1257 nomina
395 1205 502 1269 negativa
508 1240 516 1267 ,
526 1206 564 1257 vel
575 1204 670 1255 relativa
683 1206 711 1255 de
724 1206 770 1255 lleo
784 1218 831 1255 non
843 1205 956 1258 dieantur

142 1276 334 1339 substantialiter,
350 1277 391 1327 sed
408 1274 955 1410 Quam

155 1349 203 1399 ubs'
247 1348 253 1358 '
327 1348 332 1357 ’
385 1348 391 1357 ’
446 1346 518 1397 rleote
547 1346 675 1409 designas.

175 1419 311 1483 despondeo
328 1418 464 1481 dicendum,
482 1416 528 1481 qud
579 1417 751 1480 numinibus,
777 1430 828 1481 quae
852 1418 882 1468 de
907 1422 954 1472 llao
987 1410 988 1481 t

144 1490 251 1540 dicuntur
272 1488 391 1552 negativi,
408 1490 449 1539 uel
465 1502 516 1551 quae
534 1486 668 1539 relationem
687 1488 757 1551 ipsius
774 1488 804 1537 ad
821 1494 955 1543 ereaturam
987 1492 988 1515 ³

144 1561 286 1623 significant,
301 1559 450 1609 manifestum
462 1564 498 1610 est
514 1558 575 1623 qudd
587 1558 736 1609 substantiam
746 1558 796 1622 ejus
806 1560 956 1615 nullomodo

144 1630 286 1693 significant,
300 1630 341 1678 sed
361 1629 512 1680 remotionem
530 1630 629 1694 alicujus
649 1630 677 1679 ab
695 1630 759 1693 ipso,
777 1629 815 1679 vel
835 1631 957 1685 rationem

145 1700 197 1763 ejus
207 1700 236 1750 ad
245 1700 324 1761 adum,
334 1700 373 1749 uel
383 1698 460 1763 potius
470 1700 568 1763 alicujus
579 1702 607 1753 ed
615 1701 700 1764 ipsum.
711 1700 757 1751 Sed
766 1700 795 1750 de
808 1702 956 1769 nominibus,

145 1784 197 1834 pua
209 1768 312 1821 absoluti
328 1773 352 1820 at
371 1770 507 1821 altirmatiut
526 1772 554 1821 de
576 1774 623 1823 lleo
640 1771 762 1834 dicuntur,
780 1771 840 1823 siout
860 1772 957 1839 maus,

146 1843 247 1905 sopiens
253 1845 278 1891 et
283 1842 423 1905 hujusmodi,
434 1842 959 1963 QWQUM

146 1912 209 1977 enim
220 1912 415 1977 dixerunt,guod
429 1914 477 1963 bae
495 1928 574 1967 omnia
587 1928 642 1965 nom
775 1914 915 1982 firmative,
930 1921 959 1969 de

146 1984 202 2047 ileo,
216 1983 333 2047 dimntur,
344 1987 423 2035 buren
432 1985 506 2047 magn
518 1984 612 2035 inuenta
625 1987 678 2035 suut
691 1984 720 2034 ad
731 1984 817 2049 aliquid
830 2000 960 2040 remoren-

145 2055 200 2106 dnm
214 2055 298 2119 alteo,
309 2068 378 2119 quam
392 2057 419 2105 ad
433 2055 519 2119 aliquid
531 2057 662 2120 ponendum
675 2056 701 2105 in
710 2056 770 2119 ipso.
781 2057 848 2108 Unde
861 2059 959 2125 dieunt,
987 2088 988 2093 κ

146 2126 207 2189 qubd
228 2141 282 2182 eum
302 2127 399 2180 dicimus
414 2128 488 2178 Deum
502 2140 551 2177 esse
565 2129 701 2182 viventem,
718 2127 876 2190 significamus
895 2133 961 2195 quod

145 2200 206 2247 Deus
219 2212 265 2247 non
277 2200 322 2249 hoe
334 2198 401 2248 modo
414 2202 450 2250 est
460 2197 519 2249 siem
529 2212 566 2249 res
574 2198 720 2261 inanimatae,
737 2202 761 2249 et
770 2198 881 2251 similiter
898 2205 962 2258 aoei-

146 2268 255 2330 piendum
268 2273 303 2317 est
319 2268 343 2317 in
360 2267 424 2331 aliis,
443 2273 466 2319 ot
484 2271 528 2321 laoo
544 2270 621 2333 posuit
639 2270 712 2321 Rabbi
735 2270 824 2334 llnyses
842 2271 891 2339 (a).
914 2277 963 2327 Alii

148 2372 216 2439 δούς)
231 2387 409 2433 nominationes
426 2388 525 2435 divinoe
544 2388 708 2447 efformsautem
723 2388 730 2451 (
744 2374 939 2444 trassenetula„
954 2384 964 2455 t

148 2460 189 2493 seu
210 2448 384 2507 disponentem,
399 2457 445 2495 eto.

182 2507 213 2570 (1)
228 2510 274 2555 Ubi
284 2512 352 2566 pauld
368 2512 459 2567 plenids
473 2529 479 2556 :
494 2510 525 2557 m
535 2514 558 2557 si
571 2513 671 2570 quidde
684 2514 730 2558 iiia
744 2514 858 2571 simplice·
871 2520 966 2565 muita·-

146 2573 257 2629 plioitote
267 2573 304 2617 oei
317 2573 453 2631 multiplici
466 2574 624 2632 simplicitate
638 2576 751 2625 dereris,
766 2581 809 2621 ete.
825 2578 880 2623 Non
899 2582 964 2627 sieut

148 2634 211 2690 prins
220 2635 261 2679 lib.
273 2636 330 2693 Vll,
341 2641 364 2680 at
374 2637 402 2680 ad
415 2649 488 2694 marg.
504 2649 556 2693 sap.
568 2636 591 2694 1,
604 2636 650 2682 sti
660 2639 697 2683 uel
711 2650 752 2694 per
763 2644 849 2699 toturn,
860 2648 888 2686 ut
902 2644 964 2690 citat

148 2698 251 2749 Bannez;
263 2698 302 2753 qui
315 2703 393 2743 minen
403 2699 529 2755 legitimum
539 2699 639 2744 indiaem
651 2700 720 2759 addit,
731 2706 756 2745 ut
767 2706 791 2745 et
810 2706 967 2759 exemplaria

149 2759 254 2815 quedam
265 2762 288 2804 S.
305 2760 498 2818 salicitanam
510 2761 708 2821 similiallb.VII,
724 2762 801 2819 quoad
814 2776 930 2813 sensum.

182 2827 212 2890 (bl
227 2832 291 2877 Unus
306 2832 414 2879 nimirum
434 2846 463 2877 ex
481 2833 596 2889 magistris
614 2836 650 2881 vel
671 2834 804 2879 doctoribus
817 2836 965 2885 ludaeorum
987 2854 988 2857 ¹

150 2893 189 2948 qui
201 2893 289 2948 dionaeo
297 2894 349 2939 Bere
361 2896 467 2941 Maioma
477 2895 514 2941 uel
521 2896 683 2942 Bormoimon
695 2894 743 2957 (seu
752 2895 812 2941 iilius
821 2900 966 2954 Maimonis)
