1992 3342
340 178 372 215 ΒΞ
387 179 526 217 vetustiss
543 175 591 214 ntt.
820 171 863 217 337

72 253 146 305 dieitur
158 254 267 317 signum
280 255 425 317 permissio.
437 253 482 304 Per
494 253 565 304 alium
578 253 656 304 eutem
667 251 769 304 declarat
781 267 806 306 se
823 257 865 306 ali-

68 325 208 387 noirello,
220 324 247 374 in
264 328 374 388 mantum
388 325 479 375 ordinat
494 325 565 374 alium
575 324 604 374 ad
616 323 702 388 aliquid
715 324 864 391 laciendum,

67 398 102 446 uel
118 395 251 448 necessarii
266 394 416 458 inductione,
432 396 492 459 quod
509 395 536 446 lli
554 395 724 460 precipiendo
737 398 798 461 quod
814 398 865 461 quis
907 438 911 444 .

69 469 120 531 volt,
129 473 154 519 et
170 466 329 536 prohibendo
339 467 490 530 eontrarium
502 468 540 517 vel
550 465 625 532 aliqui
632 467 774 530 persuasorii
785 467 866 518 induo-

69 536 135 603 ttooe,
149 540 214 604 quod
229 537 331 602 pertinet
343 539 372 588 ed
384 538 530 587 eonditum.
544 538 601 598 Quia
614 537 683 601 igitm
693 539 730 589 his
740 539 813 590 modis
826 541 866 590 de·

69 608 160 660 etenim
171 609 277 675 aliquem
289 608 350 657 velle
360 607 455 671 aliquid,
467 611 561 672 propter
573 610 617 660 hoe
627 609 670 660 ista
684 609 784 673 quinque
793 611 866 662 nomi-

69 684 145 730 nantur
161 678 283 730 interdum
302 678 395 728 nomine
415 679 542 729 voluntatis
557 679 640 730 divinae
648 716 657 742 ‚
673 683 783 743 tanquam
801 681 866 744 signu

68 750 197 801 uolmtatis.
210 749 349 810 duodeuim
358 753 526 813 proseptum,
542 750 676 799 eonsilium
690 753 714 800 et
724 751 866 814 prohibitio

70 818 168 871 deantm
179 819 226 871 liei
236 820 353 881 voluntem
360 822 425 882 patei
433 833 477 883 per
486 819 511 870 id
524 820 585 883 quod
599 819 680 870 dieitur
693 821 809 871 nuttios·
814 822 845 872 lli
859 840 864 872 :

69 891 256 943 «lintooluntas
272 893 320 953 tna,
335 890 393 940 sieut
407 890 432 940 in
448 891 506 942 eoelo
519 895 543 941 et
561 891 668 942 interra.
684 908 698 938 o
710 893 774 953 Quid
790 898 866 945 autem

69 965 199 1022 permissio
217 962 258 1012 rel
280 960 394 1024 operatio
413 961 519 1012 dieantur
535 961 576 1011 liei
600 961 722 1026 volontas,
741 967 804 1028 patet
826 979 868 1028 per

69 1033 217 1094 ingustinum
226 1032 269 1096 qni
278 1031 337 1083 dicit
347 1031 373 1080 in
385 1031 488 1091 Eoeiir.
503 1034 564 1098 (eap.
579 1029 645 1094 XCV)
656 1047 662 1080 ι
674 1050 688 1080 u
701 1032 762 1084 Nilsil
775 1033 809 1098 iit,
823 1035 868 1086 nisi

68 1104 208 1168 omnipotens
226 1102 280 1153 lieri
294 1102 368 1166 velit,
385 1102 423 1152 vel
442 1102 539 1153 sinendo
557 1106 583 1152 nt
600 1101 654 1166 fiat,
673 1104 711 1153 vel
728 1103 867 1157 iaciendo.»

68 1173 106 1223 Vel
119 1178 197 1238 potest
214 1173 264 1224 diei
282 1171 343 1241 qudd
360 1175 500 1237 pemissio
517 1177 541 1224 et
561 1175 676 1238 operatio
693 1174 821 1226 tolerantur
839 1179 866 1227 ad

67 1257 181 1305 presens:
194 1247 339 1311 pemissio
358 1243 451 1307 quidem
468 1246 497 1294 ed
517 1245 621 1306 malum,
639 1247 753 1309 operatio
771 1246 826 1298 vert
840 1250 869 1299 ad

67 1314 163 1381 bonum;
175 1317 207 1367 ad
221 1317 326 1366 tutorum
335 1313 390 1365 verli
401 1315 544 1378 prohibitio
559 1319 664 1378 respectu
680 1315 747 1378 mali;
763 1322 868 1380 respeou

68 1385 116 1435 reri
128 1387 187 1438 boni
202 1384 332 1437 necessarii
347 1388 518 1449 prereptum,
531 1388 638 1450 respectu
654 1384 710 1436 verli
728 1386 869 1448 superabun-

66 1456 137 1508 dmm
148 1459 207 1510 boni
220 1457 360 1507 comitium
373 1455 383 1521 (
398 1455 417 1520 ).

94 1528 126 1577 ild
132 1529 238 1592 primum
246 1541 303 1590 ergo
312 1526 445 1590 dicendum,
453 1526 514 1590 quid
524 1526 581 1576 nihil
590 1525 697 1590 prohibet
706 1526 766 1577 eirea
774 1529 869 1578 eandem

65 1609 110 1647 rem
127 1599 235 1663 adonem
250 1596 404 1648 diversimodo
426 1597 541 1648 declarare
562 1611 587 1648 se
608 1597 694 1660 aliquid
715 1597 794 1660 velle,
812 1599 870 1650 sicut

65 1668 214 1722 inueniuntur
227 1670 302 1719 multe
314 1667 409 1718 nomina
418 1667 480 1718 idem
493 1667 653 1732 significantia.
668 1669 732 1719 Unde
746 1668 802 1718 nihil
817 1684 869 1734 pro-

66 1738 138 1803 niet,
157 1741 224 1792 idem
239 1739 360 1803 suojeoere
379 1742 496 1804 precepto
514 1743 538 1790 ei
555 1739 683 1802 operationi
701 1739 739 1790 uel
757 1739 868 1804 musitio,

66 1811 215 1870 proiioitioni
227 1813 253 1860 et
262 1808 417 1873 permissioni.

92 1882 125 1931 id
139 1881 276 1932 seeundum
289 1879 427 1942 dicendum,
444 1879 506 1941 qudd
519 1878 577 1934 sieut
590 1880 650 1930 Deus
660 1884 735 1943 potest
748 1881 870 1943 dgniioari

66 1949 294 2016 metaphorieeuelie
303 1949 328 2000 id
338 1950 399 2014 qnod
409 1962 456 1998 non
466 1951 517 2000 uult
530 1949 647 1999 voluntate
658 1950 749 2014 proprii
762 1951 866 2014 aeeeptt,

63 2021 92 2071 ita
103 2026 186 2086 potest
197 2018 358 2086 metaphoriet
371 2018 494 2083 mgniieari
511 2019 570 2070 uelle
585 2019 612 2072 id
626 2021 687 2084 quod
703 2018 794 2084 proprii
811 2022 869 2071 vult.

63 2200 180 2246 renovem
197 2193 366 2250 nolenterque
379 2190 549 2251 quodammodo
563 2202 632 2236 cansa
651 2197 686 2236 est
697 2203 738 2236 our
751 2197 870 2238 moveatur

63 2254 116 2299 illud
125 2257 200 2311 enjus
211 2260 303 2300 motum
313 2251 477 2310 impedimento
487 2253 526 2300 iila
537 2253 706 2309 prohibebunt:
721 2255 781 2300 siout
793 2256 870 2312 paries

65 2328 155 2374 quoque
166 2329 213 2362 eur
223 2317 273 2373 pile
286 2316 427 2361 reflectatur.

93 2386 124 2448 li)
138 2391 218 2436 Proui
235 2387 298 2431 idem
315 2392 352 2431 est
362 2386 482 2442 permissio
496 2385 558 2442 quod
572 2397 618 2430 non
631 2385 819 2442 impedimentum
835 2387 870 2434 la-

63 2450 136 2497 ciendi
150 2455 276 2507 witonus
290 2448 362 2492 homo
375 2447 420 2492 sibi
433 2448 505 2493 veluti
516 2447 637 2492 dimittitur
648 2447 676 2493 ad
687 2449 772 2494 malum
783 2449 870 2495 lacien-

63 2511 126 2572 dum,
138 2514 181 2558 uel
201 2512 226 2556 ei
236 2523 330 2567 quoqne
345 2510 430 2554 malum
444 2508 536 2566 aliquod
551 2511 643 2556 evenire
658 2511 754 2564 simitum
770 2512 870 2557 sednon

62 2581 128 2628 prout
141 2579 183 2620 est
199 2573 309 2630 qusedm
323 2570 460 2628 approbatio
474 2572 530 2617 laeti
548 2573 585 2616 vel
602 2573 720 2617 concessio
736 2579 759 2617 ei
773 2573 871 2620 taoultos

63 2637 147 2692 aliquid
161 2634 271 2681 iooiendi
284 2650 291 2678 z
306 2635 340 2679 sie
352 2635 415 2678 enim
429 2634 562 2691 permissio,
577 2633 633 2678 boni
646 2635 742 2682 tantum,
751 2641 798 2688 este
812 2636 872 2680 siout

65 2699 145 2744 Paulus
154 2703 261 2758 psurpat
268 2699 290 2741 1.
298 2697 330 2741 ud
343 2695 454 2741 Curiati.
467 2698 529 2753 livi,
542 2707 602 2740 vers.
612 2696 635 2754 7,
645 2696 697 2740 edm
706 2709 730 2742 se
739 2709 872 2746 mansurum.

66 2762 120 2814 apud
131 2763 190 2807 illos
208 2759 335 2816 promittit,
353 2759 376 2802 si
393 2759 533 2816 permiserit
546 2758 626 2810 Deum
643 2763 667 2802 et
685 2759 717 2802 od
735 2758 806 2804 Hedr.
827 2760 869 2814 Vi,

67 2832 121 2867 iero,
133 2823 164 2878 3,
182 2833 242 2868 oum
259 2821 328 2866 simili
344 2820 478 2878 loquutione
497 2833 522 2866 se
539 2821 599 2877 qnod
620 2821 767 2867 inchoaverat
781 2821 870 2879 periec-

68 2888 147 2931 tumn.
