1992 3342
115 286 213 335 rentiam
224 288 378 349 hypostaseon
390 285 429 350 (bl
441 289 478 335 est
489 284 654 348 personarum)
665 283 690 333 in
701 283 773 333 tribus
788 284 917 347 proprieta-

115 357 176 408 tibus
191 357 228 422 (id
239 361 273 406 cst
286 357 411 420 paternali,
426 361 449 406 ct
462 356 527 405 filiali
542 360 566 406 et
583 355 759 419 processionali]
769 356 918 419 recognosci-

115 443 179 488 mus;
193 431 271 477 »sunt
281 441 336 491 ergo
347 430 459 492 ponenda
471 427 622 491 proprietates
636 431 660 477 ot
669 426 778 481 notiones·
783 425 809 475 in
823 426 918 477 (tinnis.

148 498 799 565 (munus10.-ltotionesquasaamindivinisneceasc
808 500 919 564 estponi‚

115 573 141 623 in
154 576 264 635 quantum
277 572 408 622 mseutialia
418 572 651 633 nomina-significare
663 575 755 635 oportet
764 572 921 623 ira-abstracto

116 647 139 693 et
151 644 176 691 in
186 646 305 707 concreto,
318 644 380 707 qaod
392 645 522 693 nullatenus
533 642 617 693 diuina
627 642 770 707 simplicitati
783 643 886 708 obstat.)

147 717 282 779 Responoeo
295 716 417 766 dicentum
424 752 433 778 ,
444 715 506 779 pati
515 714 689 779 preposterus,
701 716 822 767 almadana
831 715 924 779 simpli·

115 787 208 837 citatem
222 801 383 851 personarum,
395 788 454 838 dixit
466 800 513 837 non
526 800 575 838 esse
590 788 707 853 ponendas
721 787 876 851 proprietates
896 794 923 839 et

116 858 221 909 notiones
233 860 258 908 in
269 859 362 923 divinis,
373 863 397 910 et
410 860 486 910 sicubi
501 860 657 922 inveniantur,
673 860 768 923 exponit
778 861 922 909 abstractam

117 944 158 993 pro
169 936 294 982 concreto:
309 932 442 982 sicutenim
457 932 616 981 consuevimus
629 931 706 981 dicere
724 948 730 979 :
750 949 763 979 a
778 932 841 994 Rogo
853 932 925 981 bani-

117 1002 227 1064 gnitatem
240 1008 317 1066 tuam,
329 1021 344 1050 ι)
358 1003 382 1054 irl
393 1008 428 1054 est
442 1002 733 1067 tebeaz'paom;itaci1m
747 1002 831 1053 dicitur
844 1003 871 1053 ia
885 1004 924 1053 ui-

116 1074 175 1125 vinis
183 1079 339 1140 paternitas,
355 1076 490 1140 intelligitur
504 1077 570 1124 Deus
584 1078 670 1125 Pater.

148 1148 192 1198 Serl
207 1148 266 1198 sicut
277 1150 393 1199 ostensum
403 1153 437 1198 est
451 1145 519 1211 suprir
530 1147 623 1212 (quaest.
640 1152 667 1209 3,
681 1150 724 1197 art.
741 1150 764 1211 3,
781 1151 805 1197 et
818 1162 858 1211 qu.
872 1152 921 1213 13,

117 1222 161 1268 art.
173 1218 214 1285 1),
222 1220 306 1270 maine
317 1218 458 1283 simplicitati
467 1232 515 1269 non
523 1218 659 1283 praejudicat
668 1216 728 1281 qubd
738 1218 763 1269 in
774 1220 859 1271 divinis
869 1228 922 1271 uta-

117 1301 168 1339 mur
184 1290 314 1341 nominibus
327 1290 441 1342 concretis
459 1296 483 1341 et
495 1290 630 1353 abstractis,
644 1290 698 1353 quia
711 1290 837 1359 secundina
856 1294 921 1357 quod

116 1359 276 1426 intelligimus,
285 1362 317 1413 sic
331 1362 484 1413 nominamus.
498 1362 629 1413 Intellectus
639 1364 716 1411 alitem
726 1366 803 1415 noster
817 1376 864 1413 non
878 1376 922 1427 po-
988 1380 989 1395 ι

116 1438 161 1484 test
179 1434 309 1498 pertingere
328 1435 356 1485 ad
375 1434 449 1499 ipsam
467 1434 636 1499 simplicitatem
657 1432 774 1498 divinam,
793 1436 921 1487 secantium

116 1501 744 1570 quodinseest,.consirlerandam:etideoseormdbm
752 1508 918 1557 modumsuum
988 1548 989 1577 3

117 1576 195 1626 divina
210 1577 363 1641 apprehendit
378 1582 401 1628 et
415 1578 534 1641 nominat,
548 1577 620 1627 idest
636 1575 761 1628 secundbm
774 1576 836 1641 quod
852 1580 921 1629 inse·
988 1584 989 1605 ι

117 1647 211 1697 niuntur
219 1648 244 1697 ia
255 1650 323 1701 rebus
331 1648 489 1711 sensibilibus,
502 1648 608 1712 liquibus
620 1646 774 1711 cognitionem
786 1649 872 1713 accipit
882 1666 888 1698 :
897 1650 921 1699 in

116 1719 198 1781 quibus
209 1720 238 1769 ati
251 1720 425 1782 significandum
437 1720 552 1784 simplices
563 1720 647 1770 formas
658 1718 788 1773 nominibus
799 1722 921 1775 abstractis
988 1748 989 1753 ¹

117 1790 214 1855 utimur,
230 1792 258 1841 arl
273 1790 448 1855 significandum
460 1790 516 1843 verb
529 1806 566 1843 res
582 1792 731 1846 subsistentes
742 1793 832 1855 utimur
846 1796 921 1847 nomi·
988 1838 989 1849 r

116 1861 184 1912 nibus
193 1863 314 1919 concretis.
326 1864 391 1914 Unde
404 1867 427 1914 et
436 1862 594 1929 divina,siout
604 1864 673 1929 suprb
681 1865 772 1915 dictum
783 1869 819 1915 cst
827 1866 883 1931 (qu.
897 1872 920 1931 3,

117 1939 161 1984 art.
173 1934 213 1999 3),
224 1935 311 1986 ratione
320 1934 472 1999 simplicitatis
478 1950 520 2001 per
529 1934 624 1987 nomina
633 1936 745 1987 abstracta
753 1935 920 2003 ,significamus

117 2008 205 2073 ratione
221 2007 276 2059 verb
293 2008 446 2059 subsistentiae
466 2013 489 2058 et
507 2004 684 2073 complemenli,
698 2020 739 2071 per
753 2008 847 2059 aomina
866 2024 922 2061 oon-

118 2084 190 2130 oreta.
201 2083 296 2145 Oportet
305 2085 382 2131 autem
390 2095 436 2131 non
446 2080 520 2132 solim
530 2080 622 2131 aomina
632 2078 762 2131 essentialia
771 2080 795 2130 in
805 2082 922 2135 abstracto

117 2155 141 2200 et
152 2150 176 2200 in
190 2157 297 2203 concreto
308 2152 436 2216 significare
444 2152 480 2218 (ut
492 2149 545 2203 oum
552 2150 648 2203 dicimus
660 2151 783 2201 deitatem
793 2156 818 2203 ct
826 2152 920 2215 Deam,

118 2223 323 2289 relamptantium
339 2229 363 2273 et
377 2220 540 2289 sapientem),
555 2224 595 2273 sed
606 2222 675 2275 elisan
690 2223 835 2289 personalia,
847 2230 873 2276 ut
889 2227 922 2277 ul·
988 2220 989 2277 i

118 2308 198 2345 camus
209 2298 392 2361 paternitatem
406 2299 430 2345 et
442 2298 552 2359 putrem.

115 200 160 247 lta
305 208 367 247 aras
383 209 405 257 ι,
419 207 511 254 oansr.
527 208 608 257 xxxii,
624 206 679 245 aar.
693 206 721 243 n.

988 1346 989 1379 l

118 2407 188 2450 attam
197 2409 340 2462 mmmmm
353 2406 516 2464 proprietatem
530 2406 598 2450 simul
615 2406 716 2463 appellat
727 2399 845 2469 ascitam,
856 2402 923 2465 quam

119 2488 170 2533 quae
190 2491 237 2523 non
257 2480 342 2524 babeat
360 2490 454 2523 causam
472 2488 514 2520 sen
535 2476 685 2533 principiam
705 2476 798 2523 llllalem
820 2480 925 2535 appellat

118 2539 231 2590 αἰτιατιιν
245 2543 308 2587 velut
319 2554 333 2586 a
345 2552 415 2587 cansa
426 2552 467 2585 scu
477 2539 591 2597 principle
600 2540 752 2595 animantem,
763 2540 823 2585 sicut
833 2548 857 2585 et
869 2554 924 2598 pro·

119 2613 232 2656 cessit'am
247 2612 414 2680 (ἑχπορευτον)
431 2610 536 2654 similiter
559 2610 660 2667 appellat
679 2610 807 2675 αἰτιατιον,
825 2611 882 2675 quia
900 2616 925 2657 et
988 2654 989 2661 ἶ

119 2684 170 2739 ipsa
183 2695 276 2729 causant
287 2696 328 2728 sou
343 2682 480 2738 principium
490 2681 570 2726 babet.
582 2682 689 2734 Quamuis
704 2694 801 2726 causam
816 2680 888 2729 latine
900 2682 924 2726 iu
988 2708 989 2717 ι

119 2746 202 2791 diuinis
215 2758 261 2790 non
281 2757 431 2803 usurpamus,
445 2743 499 2799 quia
515 2742 611 2789 rcla'tiva
626 2748 662 2789 ost
680 2745 708 2789 ad
727 2742 850 2799 effectum
867 2744 925 2790 nibli

120 2814 197 2856 autem
211 2815 247 2853 cat
261 2809 285 2852 in
295 2808 380 2853 (lirinis
390 2806 452 2863 qaod
466 2806 541 2861 possit
554 2807 664 2865 appellari
676 2808 783 2853 abactas.
793 2808 843 2853 Nec
857 2820 923 2855 eam-

120 2873 175 2916 dem
189 2871 325 2916 relationem
338 2882 436 2927 graecum
451 2866 515 2927 ἃτιις
532 2870 568 2916 vel
585 2867 652 2921 αἰτία
663 2871 772 2929 importat
789 2870 868 2917 :unde
882 2881 925 2929 pon
988 2884 989 2895 ³

118 2948 165 2988 tert
177 2953 225 2988 nou
234 2940 381 2989 incommode
398 2940 513 2997 werpum.
