<?xml version="1.0" encoding="UTF-8"?>
<!DOCTYPE html PUBLIC "-//W3C//DTD XHTML 1.0 Transitional//EN"
    "http://www.w3.org/TR/xhtml1/DTD/xhtml1-transitional.dtd">
<html xmlns="http://www.w3.org/1999/xhtml" xml:lang="en" lang="en">
 <head>
  <title>
</title>
<meta http-equiv="Content-Type" content="text/html;charset=utf-8" />
  <meta name='ocr-system' content='tesseract 3.04.00' />
  <meta name='ocr-capabilities' content='ocr_page ocr_carea ocr_par ocr_line ocrx_word'/>
</head>
<body>
  <div class='ocr_page' id='page_1' title='image "./summatheologica04nicogoog_0727.png"; bbox 0 0 1992 3342; ppageno 0'>
   <div class='ocr_carea' id='block_1_1' title="bbox 119 221 942 2388">
    <p class='ocr_par' dir='ltr' id='par_1_1' title="bbox 119 221 924 660">
     <span class='ocr_line' id='line_1_1' title="bbox 120 221 704 284; baseline -0.002 -12"><span class='ocrx_word' id='word_1_1' title='bbox 120 221 169 274; x_wconf 76' lang='lat' dir='ltr'><strong>lit</strong></span> <span class='ocrx_word' id='word_1_2' title='bbox 342 233 403 272; x_wconf 77' lang='lat' dir='ltr'><strong>runs</strong></span> <span class='ocrx_word' id='word_1_3' title='bbox 415 233 440 284; x_wconf 90' lang='lat' dir='ltr'><strong>r,</strong></span> <span class='ocrx_word' id='word_1_4' title='bbox 455 233 549 279; x_wconf 80' lang='lat' dir='ltr'><strong>oum.</strong></span> <span class='ocrx_word' id='word_1_5' title='bbox 562 235 592 284; x_wconf 83' lang='grc' dir='ltr'><strong>ι,</strong></span> <span class='ocrx_word' id='word_1_6' title='bbox 605 233 662 273; x_wconf 80' lang='lat' dir='ltr'><strong>sur.</strong></span> <span class='ocrx_word' id='word_1_7' title='bbox 677 233 704 273; x_wconf 83' lang='lat' dir='ltr'><strong>u.</strong></span> 
     </span>
     <span class='ocr_line' id='line_1_2' title="bbox 120 308 924 376; baseline -0.001 -16"><span class='ocrx_word' id='word_1_8' title='bbox 120 309 181 360; x_wconf 86' lang='lat' dir='ltr'><strong>enim</strong></span> <span class='ocrx_word' id='word_1_9' title='bbox 189 311 305 374; x_wconf 86' lang='lat' dir='ltr'><strong>oporteret</strong></span> <span class='ocrx_word' id='word_1_10' title='bbox 311 308 374 374; x_wconf 81' lang='lat' dir='ltr'><strong>qudd</strong></span> <span class='ocrx_word' id='word_1_11' title='bbox 384 309 521 376; x_wconf 82' lang='lat' dir='ltr'><strong>principium</strong></span> <span class='ocrx_word' id='word_1_12' title='bbox 528 309 681 361; x_wconf 62' lang='lat' dir='ltr'><strong>motionis</strong></span> <span class='ocrx_word' id='word_1_13' title='bbox 687 309 757 360; x_wconf 83' lang='lat' dir='ltr'><strong>unius</strong></span> <span class='ocrx_word' id='word_1_14' title='bbox 767 309 798 360; x_wconf 80' lang='lat' dir='ltr'><strong>ei</strong></span> <span class='ocrx_word' id='word_1_15' title='bbox 807 309 924 361; x_wconf 72' lang='lat' dir='ltr'><strong>slmemet</strong></span> 
     </span>
     <span class='ocr_line' id='line_1_3' title="bbox 119 380 924 448; baseline 0 -16"><span class='ocrx_word' id='word_1_16' title='bbox 119 381 226 442; x_wconf 82' lang='lat' dir='ltr'><strong>muteris.</strong></span> <span class='ocrx_word' id='word_1_17' title='bbox 241 395 287 434; x_wconf 91' lang='lat' dir='ltr'><strong>nou</strong></span> <span class='ocrx_word' id='word_1_18' title='bbox 300 380 393 445; x_wconf 86' lang='lat' dir='ltr'><strong>quidem</strong></span> <span class='ocrx_word' id='word_1_19' title='bbox 406 381 529 434; x_wconf 77' lang='lat' dir='ltr'><strong>secuudum</strong></span> <span class='ocrx_word' id='word_1_20' title='bbox 547 382 683 433; x_wconf 83' lang='lat' dir='ltr'><strong>diuisionem</strong></span> <span class='ocrx_word' id='word_1_21' title='bbox 696 382 833 446; x_wconf 72' lang='lat' dir='ltr'><strong>quantitatis</strong></span> <span class='ocrx_word' id='word_1_22' title='bbox 852 381 924 448; x_wconf 72' lang='lat' dir='ltr'><strong>(sirm</strong></span> 
     </span>
     <span class='ocr_line' id='line_1_4' title="bbox 120 451 922 519; baseline 0 -15"><span class='ocrx_word' id='word_1_23' title='bbox 120 451 167 504; x_wconf 84' lang='lat' dir='ltr'><strong>siut</strong></span> <span class='ocrx_word' id='word_1_24' title='bbox 175 451 303 519; x_wconf 84' lang='lat' dir='ltr'><strong>incorporei</strong></span> <span class='ocrx_word' id='word_1_25' title='bbox 311 453 332 518; x_wconf 83' lang='lat'><strong>);</strong></span> <span class='ocrx_word' id='word_1_26' title='bbox 342 455 381 506; x_wconf 87' lang='lat' dir='ltr'><strong>sed</strong></span> <span class='ocrx_word' id='word_1_27' title='bbox 390 453 516 506; x_wconf 84' lang='lat' dir='ltr'><strong>secuuddm</strong></span> <span class='ocrx_word' id='word_1_28' title='bbox 524 454 679 505; x_wconf 77' lang='lat' dir='ltr'><strong>diversitatem</strong></span> <span class='ocrx_word' id='word_1_29' title='bbox 687 454 858 519; x_wconf 65' lang='lat' dir='ltr'><strong>potentiarum</strong></span> <span class='ocrx_word' id='word_1_30' title='bbox 870 468 922 518; x_wconf 79' lang='lat' dir='ltr'><strong>qum</strong></span> 
     </span>
     <span class='ocr_line' id='line_1_5' title="bbox 119 523 924 591; baseline 0.002 -17"><span class='ocrx_word' id='word_1_31' title='bbox 119 523 210 587; x_wconf 77' lang='lat' dir='ltr'><strong>quidem</strong></span> <span class='ocrx_word' id='word_1_32' title='bbox 225 524 342 576; x_wconf 83' lang='lat' dir='ltr'><strong>diversitas</strong></span> <span class='ocrx_word' id='word_1_33' title='bbox 353 525 454 576; x_wconf 79' lang='lat' dir='ltr'><strong>materis</strong></span> <span class='ocrx_word' id='word_1_34' title='bbox 469 528 546 576; x_wconf 77' lang='lat' dir='ltr'><strong>musal</strong></span> <span class='ocrx_word' id='word_1_35' title='bbox 558 524 711 576; x_wconf 70' lang='lat' dir='ltr'><strong>diversitatem</strong></span> <span class='ocrx_word' id='word_1_36' title='bbox 724 539 773 578; x_wconf 92' lang='lat' dir='ltr'><strong>uon</strong></span> <span class='ocrx_word' id='word_1_37' title='bbox 782 524 859 578; x_wconf 79' lang='lat' dir='ltr'><strong>solim</strong></span> <span class='ocrx_word' id='word_1_38' title='bbox 872 539 924 591; x_wconf 82' lang='lat' dir='ltr'><strong>spe·</strong></span> 
     </span>
     <span class='ocr_line' id='line_1_6' title="bbox 119 595 424 660; baseline 0.007 -14"><span class='ocrx_word' id='word_1_39' title='bbox 119 595 177 659; x_wconf 84' lang='lat' dir='ltr'><strong>cisi,</strong></span> <span class='ocrx_word' id='word_1_40' title='bbox 191 596 309 647; x_wconf 80' lang='lat' dir='ltr'><strong>sedetiam</strong></span> <span class='ocrx_word' id='word_1_41' title='bbox 323 597 424 660; x_wconf 67' lang='lat' dir='ltr'><strong>gemis.</strong></span> 
     </span>
    </p>

    <p class='ocr_par' dir='ltr' id='par_1_2' title="bbox 121 666 985 1292">
     <span class='ocr_line' id='line_1_7' title="bbox 151 666 923 734; baseline 0.003 -16"><span class='ocrx_word' id='word_1_42' title='bbox 151 666 292 732; x_wconf 75' lang='lat' dir='ltr'><strong>ltprimum</strong></span> <span class='ocrx_word' id='word_1_43' title='bbox 306 681 360 733; x_wconf 76' lang='lat' dir='ltr'><strong>erpo</strong></span> <span class='ocrx_word' id='word_1_44' title='bbox 373 669 506 734; x_wconf 87' lang='lat' dir='ltr'><strong>dicendum,</strong></span> <span class='ocrx_word' id='word_1_45' title='bbox 514 666 577 733; x_wconf 81' lang='lat' dir='ltr'><strong>quid</strong></span> <span class='ocrx_word' id='word_1_46' title='bbox 590 669 716 720; x_wconf 72' lang='lat' dir='ltr'><strong>diffeuntiu</strong></span> <span class='ocrx_word' id='word_1_47' title='bbox 727 672 762 720; x_wconf 88' lang='lat' dir='ltr'><strong>est</strong></span> <span class='ocrx_word' id='word_1_48' title='bbox 771 669 872 720; x_wconf 78' lang='lat' dir='ltr'>nobilior</span> <span class='ocrx_word' id='word_1_49' title='bbox 886 681 923 733; x_wconf 69' lang='lat' dir='ltr'><strong>pe</strong></span> 
     </span>
     <span class='ocr_line' id='line_1_8' title="bbox 121 739 922 806; baseline 0.001 -16"><span class='ocrx_word' id='word_1_50' title='bbox 121 751 189 803; x_wconf 80' lang='lat' dir='ltr'><strong>nere,</strong></span> <span class='ocrx_word' id='word_1_51' title='bbox 200 739 258 806; x_wconf 84' lang='lat' dir='ltr'><strong>sieut</strong></span> <span class='ocrx_word' id='word_1_52' title='bbox 265 739 437 792; x_wconf 73' lang='lat' dir='ltr'><strong>determinatum</strong></span> <span class='ocrx_word' id='word_1_53' title='bbox 448 740 622 792; x_wconf 78' lang='lat' dir='ltr'><strong>indeterminato</strong></span> <span class='ocrx_word' id='word_1_54' title='bbox 631 743 655 791; x_wconf 86' lang='lat' dir='ltr'><strong>et</strong></span> <span class='ocrx_word' id='word_1_55' title='bbox 666 739 784 805; x_wconf 86' lang='lat' dir='ltr'><strong>proprium</strong></span> <span class='ocrx_word' id='word_1_56' title='bbox 795 740 922 801; x_wconf 81' lang='lat' dir='ltr'><strong>communi,</strong></span> 
     </span>
     <span class='ocr_line' id='line_1_9' title="bbox 121 811 921 877; baseline 0 -15"><span class='ocrx_word' id='word_1_57' title='bbox 121 823 168 862; x_wconf 90' lang='lat' dir='ltr'><strong>uon</strong></span> <span class='ocrx_word' id='word_1_58' title='bbox 180 815 256 864; x_wconf 67' lang='lat' dir='ltr'><strong>uuum</strong></span> <span class='ocrx_word' id='word_1_59' title='bbox 269 811 327 862; x_wconf 86' lang='lat' dir='ltr'><strong>sicot</strong></span> <span class='ocrx_word' id='word_1_60' title='bbox 345 811 388 864; x_wconf 81' lang='lat' dir='ltr'><strong>elin</strong></span> <span class='ocrx_word' id='word_1_61' title='bbox 402 812 483 864; x_wconf 81' lang='lat' dir='ltr'><strong>etalio</strong></span> <span class='ocrx_word' id='word_1_62' title='bbox 498 817 581 864; x_wconf 82' lang='lat' dir='ltr'><strong>natura</strong></span> <span class='ocrx_word' id='word_1_63' title='bbox 595 828 601 864; x_wconf 92' lang='lat'>:</span> <span class='ocrx_word' id='word_1_64' title='bbox 615 811 719 877; x_wconf 60' lang='lat' dir='ltr'><strong>simoin</strong></span> <span class='ocrx_word' id='word_1_65' title='bbox 732 816 849 877; x_wconf 72' lang='lat' dir='ltr'><strong>oporteret</strong></span> <span class='ocrx_word' id='word_1_66' title='bbox 861 811 921 877; x_wconf 79' lang='lat' dir='ltr'><strong>quid</strong></span> 
     </span>
     <span class='ocr_line' id='line_1_10' title="bbox 121 882 923 949; baseline 0 -15"><span class='ocrx_word' id='word_1_67' title='bbox 121 882 196 934; x_wconf 77' lang='lat' dir='ltr'><strong>omis</strong></span> <span class='ocrx_word' id='word_1_68' title='bbox 217 883 323 936; x_wconf 76' lang='lat' dir='ltr'><strong>animulis</strong></span> <span class='ocrx_word' id='word_1_69' title='bbox 340 883 478 936; x_wconf 83' lang='lat' dir='ltr'><strong>irrstioneliu</strong></span> <span class='ocrx_word' id='word_1_70' title='bbox 499 889 576 936; x_wconf 88' lang='lat' dir='ltr'><strong>esseut</strong></span> <span class='ocrx_word' id='word_1_71' title='bbox 595 883 664 935; x_wconf 87' lang='lat' dir='ltr'><strong>unius</strong></span> <span class='ocrx_word' id='word_1_72' title='bbox 684 884 787 949; x_wconf 84' lang='lat' dir='ltr'><strong>speciei,</strong></span> <span class='ocrx_word' id='word_1_73' title='bbox 805 885 845 936; x_wconf 83' lang='lat' dir='ltr'><strong>uel</strong></span> <span class='ocrx_word' id='word_1_74' title='bbox 863 884 923 949; x_wconf 82' lang='lat' dir='ltr'><strong>quid</strong></span> 
     </span>
     <span class='ocr_line' id='line_1_11' title="bbox 121 954 920 1022; baseline 0 -16"><span class='ocrx_word' id='word_1_75' title='bbox 121 957 183 1006; x_wconf 84' lang='lat' dir='ltr'><strong>esset</strong></span> <span class='ocrx_word' id='word_1_76' title='bbox 195 955 219 1004; x_wconf 92' lang='lat' dir='ltr'><strong>iu</strong></span> <span class='ocrx_word' id='word_1_77' title='bbox 228 954 262 1006; x_wconf 82' lang='lat' dir='ltr'><strong>eis</strong></span> <span class='ocrx_word' id='word_1_78' title='bbox 272 955 346 1021; x_wconf 78' lang='lat' dir='ltr'><strong>ulique</strong></span> <span class='ocrx_word' id='word_1_79' title='bbox 357 957 402 1008; x_wconf 85' lang='lat' dir='ltr'><strong>sliu</strong></span> <span class='ocrx_word' id='word_1_80' title='bbox 413 956 535 1022; x_wconf 76' lang='lat' dir='ltr'><strong>perfectior</strong></span> <span class='ocrx_word' id='word_1_81' title='bbox 548 957 621 1008; x_wconf 84' lang='lat' dir='ltr'><strong>lorme</strong></span> <span class='ocrx_word' id='word_1_82' title='bbox 631 955 699 1020; x_wconf 81' lang='lat' dir='ltr'><strong>quim</strong></span> <span class='ocrx_word' id='word_1_83' title='bbox 710 957 787 1007; x_wconf 75' lang='lat' dir='ltr'><strong>enim</strong></span> <span class='ocrx_word' id='word_1_84' title='bbox 796 957 920 1008; x_wconf 81' lang='lat' dir='ltr'><strong>sensibilis.</strong></span> 
     </span>
     <span class='ocr_line' id='line_1_12' title="bbox 121 1025 922 1094; baseline 0.005 -18"><span class='ocrx_word' id='word_1_85' title='bbox 121 1025 234 1078; x_wconf 85' lang='lat' dir='ltr'><strong>lliilerunt</strong></span> <span class='ocrx_word' id='word_1_86' title='bbox 245 1040 299 1092; x_wconf 74' lang='lat' dir='ltr'><strong>erpo</strong></span> <span class='ocrx_word' id='word_1_87' title='bbox 313 1028 390 1094; x_wconf 79' lang='lat' dir='ltr'><strong>specie</strong></span> <span class='ocrx_word' id='word_1_88' title='bbox 402 1028 508 1081; x_wconf 71' lang='lat' dir='ltr'><strong>antonelli</strong></span> <span class='ocrx_word' id='word_1_89' title='bbox 521 1028 659 1080; x_wconf 76' lang='lat' dir='ltr'><strong>irrationalia</strong></span> <span class='ocrx_word' id='word_1_90' title='bbox 673 1027 799 1080; x_wconf 84' lang='lat' dir='ltr'><strong>secundim</strong></span> <span class='ocrx_word' id='word_1_91' title='bbox 819 1029 922 1080; x_wconf 75' lang='lat' dir='ltr'><strong>diverses</strong></span> 
     </span>
     <span class='ocr_line' id='line_1_13' title="bbox 122 1098 921 1165; baseline 0.005 -17"><span class='ocrx_word' id='word_1_92' title='bbox 122 1098 204 1162; x_wconf 70' lang='lat' dir='ltr'><strong>pedus</strong></span> <span class='ocrx_word' id='word_1_93' title='bbox 217 1099 378 1152; x_wconf 75' lang='lat' dir='ltr'><strong>determinatos</strong></span> <span class='ocrx_word' id='word_1_94' title='bbox 390 1104 478 1152; x_wconf 80' lang='lat' dir='ltr'><strong>ueturm</strong></span> <span class='ocrx_word' id='word_1_95' title='bbox 491 1099 621 1165; x_wconf 78' lang='lat' dir='ltr'><strong>sensitivae3</strong></span> <span class='ocrx_word' id='word_1_96' title='bbox 632 1103 656 1151; x_wconf 90' lang='lat' dir='ltr'><strong>et</strong></span> <span class='ocrx_word' id='word_1_97' title='bbox 668 1100 772 1150; x_wconf 84' lang='lat' dir='ltr'><strong>similiter</strong></span> <span class='ocrx_word' id='word_1_98' title='bbox 785 1114 868 1152; x_wconf 88' lang='lat' dir='ltr'><strong>omnes</strong></span> <span class='ocrx_word' id='word_1_99' title='bbox 882 1115 921 1152; x_wconf 83' lang='lat' dir='ltr'><strong>en-</strong></span> 
     </span>
     <span class='ocr_line' id='line_1_14' title="bbox 123 1168 920 1290; baseline 0.004 -71"><span class='ocrx_word' id='word_1_100' title='bbox 123 1168 170 1290; x_wconf 74' lang='lat' dir='ltr'><strong>¹geli</strong></span> <span class='ocrx_word' id='word_1_101' title='bbox 187 1169 296 1224; x_wconf 78' lang='lat' dir='ltr'><strong>differunt</strong></span> <span class='ocrx_word' id='word_1_102' title='bbox 311 1171 388 1236; x_wconf 87' lang='lat' dir='ltr'><strong>specie</strong></span> <span class='ocrx_word' id='word_1_103' title='bbox 402 1171 527 1224; x_wconf 75' lang='lat' dir='ltr'><strong>secuudum</strong></span> <span class='ocrx_word' id='word_1_104' title='bbox 540 1172 642 1224; x_wconf 81' lang='lat' dir='ltr'><strong>diuersos</strong></span> <span class='ocrx_word' id='word_1_105' title='bbox 656 1172 739 1234; x_wconf 75' lang='lat' dir='ltr'><strong>pudes</strong></span> <span class='ocrx_word' id='word_1_106' title='bbox 752 1175 843 1224; x_wconf 79' lang='lat' dir='ltr'><strong>nature</strong></span> <span class='ocrx_word' id='word_1_107' title='bbox 857 1173 920 1223; x_wconf 86' lang='lat' dir='ltr'><strong>intel·</strong></span> 
     </span>
     <span class='ocr_line' id='line_1_15' title="bbox 131 1241 219 1292; baseline 0 0"><span class='ocrx_word' id='word_1_108' title='bbox 131 1241 219 1292; x_wconf 82' lang='lat' dir='ltr'><strong>ectiuae.</strong></span> 
     </span>
    </p>

    <p class='ocr_par' dir='ltr' id='par_1_3' title="bbox 125 1313 923 1739">
     <span class='ocr_line' id='line_1_16' title="bbox 156 1313 922 1380; baseline 0.001 -16"><span class='ocrx_word' id='word_1_109' title='bbox 156 1315 188 1365; x_wconf 85' lang='lat' dir='ltr'><strong>ld</strong></span> <span class='ocrx_word' id='word_1_110' title='bbox 202 1315 326 1368; x_wconf 88' lang='lat' dir='ltr'><strong>secundum</strong></span> <span class='ocrx_word' id='word_1_111' title='bbox 339 1314 473 1378; x_wconf 83' lang='lat' dir='ltr'><strong>dicendum,</strong></span> <span class='ocrx_word' id='word_1_112' title='bbox 487 1313 548 1380; x_wconf 81' lang='lat' dir='ltr'><strong>prod</strong></span> <span class='ocrx_word' id='word_1_113' title='bbox 563 1315 646 1380; x_wconf 77' lang='lat' dir='ltr'><strong>osopio</strong></span> <span class='ocrx_word' id='word_1_114' title='bbox 662 1318 686 1366; x_wconf 88' lang='lat' dir='ltr'><strong>et</strong></span> <span class='ocrx_word' id='word_1_115' title='bbox 699 1315 787 1366; x_wconf 79' lang='lat' dir='ltr'><strong>minis</strong></span> <span class='ocrx_word' id='word_1_116' title='bbox 799 1316 922 1367; x_wconf 75' lang='lat' dir='ltr'><strong>secretim</strong></span> 
     </span>
     <span class='ocr_line' id='line_1_17' title="bbox 125 1383 921 1452; baseline 0.003 -16"><span class='ocrx_word' id='word_1_117' title='bbox 125 1383 186 1450; x_wconf 85' lang='lat' dir='ltr'><strong>qudd</strong></span> <span class='ocrx_word' id='word_1_118' title='bbox 194 1390 315 1438; x_wconf 81' lang='lat' dir='ltr'><strong>causentur</strong></span> <span class='ocrx_word' id='word_1_119' title='bbox 324 1400 353 1439; x_wconf 83' lang='lat' dir='ltr'><strong>ex</strong></span> <span class='ocrx_word' id='word_1_120' title='bbox 365 1386 492 1438; x_wconf 82' lang='lat' dir='ltr'><strong>intensione</strong></span> <span class='ocrx_word' id='word_1_121' title='bbox 508 1392 531 1437; x_wconf 84' lang='lat' dir='ltr'><strong>et</strong></span> <span class='ocrx_word' id='word_1_122' title='bbox 543 1385 674 1438; x_wconf 84' lang='lat' dir='ltr'><strong>remissione</strong></span> <span class='ocrx_word' id='word_1_123' title='bbox 686 1386 756 1437; x_wconf 85' lang='lat' dir='ltr'><strong>unius</strong></span> <span class='ocrx_word' id='word_1_124' title='bbox 769 1386 865 1452; x_wconf 72' lang='lat' dir='ltr'><strong>forms,</strong></span> <span class='ocrx_word' id='word_1_125' title='bbox 878 1401 921 1438; x_wconf 89' lang='lat' dir='ltr'><strong>uon</strong></span> 
     </span>
     <span class='ocr_line' id='line_1_18' title="bbox 125 1455 922 1524; baseline 0.004 -16"><span class='ocrx_word' id='word_1_126' title='bbox 125 1455 280 1510; x_wconf 71' lang='lat' dir='ltr'><strong>dicunctur</strong></span> <span class='ocrx_word' id='word_1_127' title='bbox 292 1458 406 1524; x_wconf 64' lang='lat' dir='ltr'><strong>speciem</strong></span> <span class='ocrx_word' id='word_1_128' title='bbox 421 1459 461 1512; x_wconf 87' lang='lat' dir='ltr'><strong>sed</strong></span> <span class='ocrx_word' id='word_1_129' title='bbox 481 1457 606 1510; x_wconf 75' lang='lat' dir='ltr'><strong>secretim</strong></span> <span class='ocrx_word' id='word_1_130' title='bbox 619 1457 681 1522; x_wconf 83' lang='lat' dir='ltr'><strong>qndd</strong></span> <span class='ocrx_word' id='word_1_131' title='bbox 697 1462 822 1509; x_wconf 73' lang='lat' dir='ltr'><strong>causantur</strong></span> <span class='ocrx_word' id='word_1_132' title='bbox 835 1474 866 1511; x_wconf 79' lang='lat' dir='ltr'><strong>ex</strong></span> <span class='ocrx_word' id='word_1_133' title='bbox 881 1460 922 1510; x_wconf 82' lang='lat' dir='ltr'><strong>ior·</strong></span> 
     </span>
     <span class='ocr_line' id='line_1_19' title="bbox 125 1529 923 1596; baseline 0.006 -18"><span class='ocrx_word' id='word_1_134' title='bbox 125 1529 170 1580; x_wconf 87' lang='lat' dir='ltr'><strong>ruis</strong></span> <span class='ocrx_word' id='word_1_135' title='bbox 182 1529 321 1582; x_wconf 83' lang='lat' dir='ltr'><strong>diversorum</strong></span> <span class='ocrx_word' id='word_1_136' title='bbox 335 1532 444 1596; x_wconf 57' lang='lat' dir='ltr'><strong>viduum</strong></span> <span class='ocrx_word' id='word_1_137' title='bbox 466 1534 499 1581; x_wconf 88' lang='lat' dir='ltr'><strong>sio</strong></span> <span class='ocrx_word' id='word_1_138' title='bbox 521 1529 675 1582; x_wconf 72' lang='lat' dir='ltr'><strong>demulcent</strong></span> <span class='ocrx_word' id='word_1_139' title='bbox 694 1531 810 1595; x_wconf 84' lang='lat' dir='ltr'><strong>speciem,</strong></span> <span class='ocrx_word' id='word_1_140' title='bbox 826 1531 888 1583; x_wconf 86' lang='lat' dir='ltr'><strong>sicut</strong></span> <span class='ocrx_word' id='word_1_141' title='bbox 904 1531 923 1582; x_wconf 86' lang='lat' dir='ltr'><strong>si</strong></span> 
     </span>
     <span class='ocr_line' id='line_1_20' title="bbox 125 1599 922 1668; baseline 0.003 -16"><span class='ocrx_word' id='word_1_142' title='bbox 125 1599 225 1652; x_wconf 75' lang='lat' dir='ltr'><strong>dumus</strong></span> <span class='ocrx_word' id='word_1_143' title='bbox 241 1601 301 1666; x_wconf 84' lang='lat' dir='ltr'><strong>quod</strong></span> <span class='ocrx_word' id='word_1_144' title='bbox 320 1600 382 1664; x_wconf 78' lang='lat' dir='ltr'><strong>ignis</strong></span> <span class='ocrx_word' id='word_1_145' title='bbox 400 1605 436 1654; x_wconf 82' lang='lat' dir='ltr'><strong>est</strong></span> <span class='ocrx_word' id='word_1_146' title='bbox 448 1601 571 1666; x_wconf 77' lang='lat' dir='ltr'><strong>perfectior</strong></span> <span class='ocrx_word' id='word_1_147' title='bbox 583 1614 644 1652; x_wconf 83' lang='lat' dir='ltr'><strong>uere.</strong></span> <span class='ocrx_word' id='word_1_148' title='bbox 658 1601 688 1651; x_wconf 83' lang='lat' dir='ltr'><strong>Et</strong></span> <span class='ocrx_word' id='word_1_149' title='bbox 707 1602 752 1652; x_wconf 85' lang='lat' dir='ltr'><strong>hec</strong></span> <span class='ocrx_word' id='word_1_150' title='bbox 768 1602 839 1654; x_wconf 90' lang='lat' dir='ltr'><strong>modo</strong></span> <span class='ocrx_word' id='word_1_151' title='bbox 853 1603 922 1668; x_wconf 73' lang='lat' dir='ltr'><strong>angeli</strong></span> 
     </span>
     <span class='ocr_line' id='line_1_21' title="bbox 126 1670 683 1739; baseline 0.004 -17"><span class='ocrx_word' id='word_1_152' title='bbox 126 1670 305 1726; x_wconf 69' lang='lat' dir='ltr'><strong>diversificantur</strong></span> <span class='ocrx_word' id='word_1_153' title='bbox 318 1672 442 1728; x_wconf 74' lang='lat' dir='ltr'><strong>computu</strong></span> <span class='ocrx_word' id='word_1_154' title='bbox 455 1675 540 1739; x_wconf 77' lang='lat' dir='ltr'><strong>mapis</strong></span> <span class='ocrx_word' id='word_1_155' title='bbox 553 1676 577 1724; x_wconf 84' lang='lat' dir='ltr'><strong>et</strong></span> <span class='ocrx_word' id='word_1_156' title='bbox 589 1673 683 1724; x_wconf 67' lang='lat' dir='ltr'><strong>mium.</strong></span> 
     </span>
    </p>

    <p class='ocr_par' dir='ltr' id='par_1_4' title="bbox 126 1744 942 1956">
     <span class='ocr_line' id='line_1_22' title="bbox 157 1744 942 1811; baseline 0.003 -15"><span class='ocrx_word' id='word_1_157' title='bbox 157 1747 192 1796; x_wconf 77' lang='lat' dir='ltr'><strong>old</strong></span> <span class='ocrx_word' id='word_1_158' title='bbox 201 1745 291 1796; x_wconf 86' lang='lat' dir='ltr'><strong>tertium</strong></span> <span class='ocrx_word' id='word_1_159' title='bbox 302 1745 430 1810; x_wconf 81' lang='lat' dir='ltr'><strong>dicendum,</strong></span> <span class='ocrx_word' id='word_1_160' title='bbox 441 1745 502 1811; x_wconf 78' lang='lat' dir='ltr'><strong>quid</strong></span> <span class='ocrx_word' id='word_1_161' title='bbox 508 1747 594 1797; x_wconf 84' lang='lat' dir='ltr'><strong>bouum</strong></span> <span class='ocrx_word' id='word_1_162' title='bbox 602 1744 688 1810; x_wconf 87' lang='lat' dir='ltr'><strong>speciei</strong></span> <span class='ocrx_word' id='word_1_163' title='bbox 697 1745 922 1808; x_wconf 74' lang='lat' dir='ltr'><strong>preponderatloro</strong></span> <span class='ocrx_word' id='word_1_164' title='bbox 941 1800 942 1803; x_wconf 65' lang='grc'>,</span> 
     </span>
     <span class='ocr_line' id='line_1_23' title="bbox 126 1815 919 1886; baseline -0.003 -16"><span class='ocrx_word' id='word_1_165' title='bbox 126 1815 236 1870; x_wconf 77' lang='lat' dir='ltr'><strong>individui</strong></span> <span class='ocrx_word' id='word_1_166' title='bbox 251 1818 326 1870; x_wconf 86' lang='lat' dir='ltr'><strong>:unde</strong></span> <span class='ocrx_word' id='word_1_167' title='bbox 338 1819 409 1870; x_wconf 83' lang='lat' dir='ltr'><strong>multi</strong></span> <span class='ocrx_word' id='word_1_168' title='bbox 421 1819 503 1870; x_wconf 82' lang='lat' dir='ltr'><strong>molius</strong></span> <span class='ocrx_word' id='word_1_169' title='bbox 515 1817 625 1882; x_wconf 80' lang='lat' dir='ltr'><strong>estquod</strong></span> <span class='ocrx_word' id='word_1_170' title='bbox 638 1817 821 1881; x_wconf 80' lang='lat' dir='ltr'><strong>multiplicentur</strong></span> <span class='ocrx_word' id='word_1_171' title='bbox 834 1819 919 1886; x_wconf 68' lang='lat' dir='ltr'><strong>spedus</strong></span> 
     </span>
     <span class='ocr_line' id='line_1_24' title="bbox 127 1887 921 1956; baseline -0.005 -14"><span class='ocrx_word' id='word_1_172' title='bbox 127 1887 262 1956; x_wconf 73' lang='lat' dir='ltr'><strong>increpetis,</strong></span> <span class='ocrx_word' id='word_1_173' title='bbox 273 1889 340 1954; x_wconf 82' lang='lat' dir='ltr'><strong>quim</strong></span> <span class='ocrx_word' id='word_1_174' title='bbox 354 1890 415 1954; x_wconf 81' lang='lat' dir='ltr'><strong>quod</strong></span> <span class='ocrx_word' id='word_1_175' title='bbox 429 1889 609 1954; x_wconf 80' lang='lat' dir='ltr'><strong>multiplicentur</strong></span> <span class='ocrx_word' id='word_1_176' title='bbox 619 1887 735 1940; x_wconf 80' lang='lat' dir='ltr'><strong>individue</strong></span> <span class='ocrx_word' id='word_1_177' title='bbox 744 1889 770 1938; x_wconf 90' lang='lat' dir='ltr'><strong>in</strong></span> <span class='ocrx_word' id='word_1_178' title='bbox 779 1902 827 1941; x_wconf 83' lang='lat' dir='ltr'><strong>uus</strong></span> <span class='ocrx_word' id='word_1_179' title='bbox 840 1891 921 1956; x_wconf 76' lang='lat' dir='ltr'><strong>specie</strong></span> 
     </span>
    </p>

    <p class='ocr_par' dir='ltr' id='par_1_5' title="bbox 128 1959 925 2388">
     <span class='ocr_line' id='line_1_25' title="bbox 158 1959 924 2027; baseline -0.004 -10"><span class='ocrx_word' id='word_1_180' title='bbox 158 1964 193 2017; x_wconf 79' lang='lat' dir='ltr'><strong>ld</strong></span> <span class='ocrx_word' id='word_1_181' title='bbox 213 1967 317 2027; x_wconf 77' lang='lat' dir='ltr'><strong>quartum</strong></span> <span class='ocrx_word' id='word_1_182' title='bbox 337 1961 457 2014; x_wconf 85' lang='lat' dir='ltr'><strong>dicendum</strong></span> <span class='ocrx_word' id='word_1_183' title='bbox 474 1966 523 2022; x_wconf 89' lang='lat' dir='ltr'><strong>est,</strong></span> <span class='ocrx_word' id='word_1_184' title='bbox 543 1961 605 2024; x_wconf 79' lang='lat' dir='ltr'><strong>quid</strong></span> <span class='ocrx_word' id='word_1_185' title='bbox 622 1959 782 2024; x_wconf 78' lang='lat' dir='ltr'><strong>multiplicatio</strong></span> <span class='ocrx_word' id='word_1_186' title='bbox 804 1961 924 2014; x_wconf 81' lang='lat' dir='ltr'><strong>secrrnddur</strong></span> 
     </span>
     <span class='ocr_line' id='line_1_26' title="bbox 128 2031 924 2098; baseline -0.004 -12"><span class='ocrx_word' id='word_1_187' title='bbox 128 2049 255 2096; x_wconf 81' lang='lat' dir='ltr'><strong>numerum,</strong></span> <span class='ocrx_word' id='word_1_188' title='bbox 265 2033 317 2086; x_wconf 84' lang='lat' dir='ltr'><strong>cim</strong></span> <span class='ocrx_word' id='word_1_189' title='bbox 330 2035 355 2086; x_wconf 90' lang='lat' dir='ltr'><strong>in</strong></span> <span class='ocrx_word' id='word_1_190' title='bbox 364 2033 478 2093; x_wconf 84' lang='lat' dir='ltr'><strong>indultum</strong></span> <span class='ocrx_word' id='word_1_191' title='bbox 486 2032 592 2098; x_wconf 83' lang='lat' dir='ltr'><strong>protendi</strong></span> <span class='ocrx_word' id='word_1_192' title='bbox 603 2031 689 2097; x_wconf 87' lang='lat' dir='ltr'><strong>possit,</strong></span> <span class='ocrx_word' id='word_1_193' title='bbox 698 2046 745 2082; x_wconf 91' lang='lat' dir='ltr'><strong>non</strong></span> <span class='ocrx_word' id='word_1_194' title='bbox 760 2032 924 2086; x_wconf 82' lang='lat' dir='ltr'><strong>intenditurul</strong></span> 
     </span>
     <span class='ocr_line' id='line_1_27' title="bbox 128 2103 922 2172; baseline -0.004 -12"><span class='ocrx_word' id='word_1_195' title='bbox 128 2111 223 2172; x_wconf 60' lang='lat' dir='ltr'><strong>mente,</strong></span> <span class='ocrx_word' id='word_1_196' title='bbox 244 2107 284 2160; x_wconf 83' lang='lat' dir='ltr'><strong>sed</strong></span> <span class='ocrx_word' id='word_1_197' title='bbox 305 2108 351 2160; x_wconf 84' lang='lat' dir='ltr'><strong>sole</strong></span> <span class='ocrx_word' id='word_1_198' title='bbox 371 2105 529 2170; x_wconf 75' lang='lat' dir='ltr'><strong>multiplicatio</strong></span> <span class='ocrx_word' id='word_1_199' title='bbox 547 2103 671 2156; x_wconf 88' lang='lat' dir='ltr'><strong>seuundirm</strong></span> <span class='ocrx_word' id='word_1_200' title='bbox 687 2104 801 2168; x_wconf 85' lang='lat' dir='ltr'><strong>speciem,</strong></span> <span class='ocrx_word' id='word_1_201' title='bbox 815 2110 843 2156; x_wconf 86' lang='lat' dir='ltr'><strong>ut</strong></span> <span class='ocrx_word' id='word_1_202' title='bbox 859 2105 922 2171; x_wconf 79' lang='lat' dir='ltr'><strong>sopri</strong></span> 
     </span>
     <span class='ocr_line' id='line_1_28' title="bbox 128 2175 925 2243; baseline -0.003 -13"><span class='ocrx_word' id='word_1_203' title='bbox 128 2179 213 2230; x_wconf 83' lang='lat' dir='ltr'><strong>dictum</strong></span> <span class='ocrx_word' id='word_1_204' title='bbox 226 2183 270 2230; x_wconf 85' lang='lat' dir='ltr'><strong>est.</strong></span> <span class='ocrx_word' id='word_1_205' title='bbox 289 2179 351 2230; x_wconf 83' lang='lat' dir='ltr'><strong>Uuds</strong></span> <span class='ocrx_word' id='word_1_206' title='bbox 361 2177 474 2243; x_wconf 81' lang='lat' dir='ltr'><strong>persentio</strong></span> <span class='ocrx_word' id='word_1_207' title='bbox 490 2181 577 2231; x_wconf 80' lang='lat' dir='ltr'><strong>mure</strong></span> <span class='ocrx_word' id='word_1_208' title='bbox 590 2177 699 2240; x_wconf 75' lang='lat' dir='ltr'><strong>copodce</strong></span> <span class='ocrx_word' id='word_1_209' title='bbox 712 2175 808 2240; x_wconf 82' lang='lat' dir='ltr'><strong>requirit</strong></span> <span class='ocrx_word' id='word_1_210' title='bbox 820 2177 925 2242; x_wconf 74' lang='lat' dir='ltr'><strong>mulipli-</strong></span> 
     </span>
     <span class='ocr_line' id='line_1_29' title="bbox 129 2247 923 2314; baseline 0.001 -14"><span class='ocrx_word' id='word_1_211' title='bbox 129 2250 241 2302; x_wconf 77' lang='lat' dir='ltr'><strong>ustionem</strong></span> <span class='ocrx_word' id='word_1_212' title='bbox 256 2250 398 2314; x_wconf 77' lang='lat' dir='ltr'><strong>specierum,</strong></span> <span class='ocrx_word' id='word_1_213' title='bbox 413 2263 459 2302; x_wconf 88' lang='lat' dir='ltr'><strong>nou</strong></span> <span class='ocrx_word' id='word_1_214' title='bbox 475 2255 551 2302; x_wconf 84' lang='lat' dir='ltr'><strong>eutem</strong></span> <span class='ocrx_word' id='word_1_215' title='bbox 567 2247 780 2314; x_wconf 74' lang='lat' dir='ltr'><strong>reduplicationem</strong></span> <span class='ocrx_word' id='word_1_216' title='bbox 797 2248 923 2302; x_wconf 73' lang='lat' dir='ltr'><strong>molvium</strong></span> 
     </span>
     <span class='ocr_line' id='line_1_30' title="bbox 130 2321 420 2388; baseline 0.007 -16"><span class='ocrx_word' id='word_1_217' title='bbox 130 2335 179 2372; x_wconf 87' lang='lat' dir='ltr'><strong>ruru</strong></span> <span class='ocrx_word' id='word_1_218' title='bbox 192 2335 215 2374; x_wconf 83' lang='lat' dir='ltr'><strong>tu</strong></span> <span class='ocrx_word' id='word_1_219' title='bbox 230 2334 275 2374; x_wconf 84' lang='lat' dir='ltr'><strong>unu</strong></span> <span class='ocrx_word' id='word_1_220' title='bbox 294 2321 381 2388; x_wconf 81' lang='lat' dir='ltr'><strong>speeie.</strong></span> <span class='ocrx_word' id='word_1_221' title='bbox 414 2365 420 2380; x_wconf 86' lang='lat'>.</span> 
     </span>
    </p>
   </div>
   <div class='ocr_carea' id='block_1_2' title="bbox 422 2471 624 2526">
    <p class='ocr_par' dir='ltr' id='par_1_6' title="bbox 422 2471 624 2526">
     <span class='ocr_line' id='line_1_31' title="bbox 422 2471 624 2526; baseline -0.01 0"><span class='ocrx_word' id='word_1_222' title='bbox 422 2471 580 2526; x_wconf 69' lang='lat' dir='ltr'><strong>timolus</strong></span> <span class='ocrx_word' id='word_1_223' title='bbox 596 2475 624 2525; x_wconf 84' lang='lat' dir='ltr'><strong>ll.</strong></span> 
     </span>
    </p>
   </div>
   <div class='ocr_carea' id='block_1_3' title="bbox 310 2590 748 2650">
    <p class='ocr_par' dir='ltr' id='par_1_7' title="bbox 310 2590 748 2650">
     <span class='ocr_line' id='line_1_32' title="bbox 310 2590 748 2650; baseline -0.007 -11"><span class='ocrx_word' id='word_1_224' title='bbox 310 2593 394 2639; x_wconf 76' lang='lat' dir='ltr'><strong>Utrim</strong></span> <span class='ocrx_word' id='word_1_225' title='bbox 404 2592 483 2650; x_wconf 76' lang='lat' dir='ltr'><strong>urrpeli</strong></span> <span class='ocrx_word' id='word_1_226' title='bbox 491 2591 540 2638; x_wconf 82' lang='lat' dir='ltr'><strong>siut</strong></span> <span class='ocrx_word' id='word_1_227' title='bbox 549 2590 748 2647; x_wconf 80' lang='lat' dir='ltr'><strong>incorruptibiles.</strong></span> 
     </span>
    </p>
   </div>
   <div class='ocr_carea' id='block_1_4' title="bbox 131 2706 984 2845">
    <p class='ocr_par' dir='ltr' id='par_1_8' title="bbox 131 2706 984 2845">
     <span class='ocr_line' id='line_1_33' title="bbox 163 2706 924 2773; baseline 0.001 -13"><span class='ocrx_word' id='word_1_228' title='bbox 163 2711 195 2760; x_wconf 75' lang='lat' dir='ltr'><strong>ld</strong></span> <span class='ocrx_word' id='word_1_229' title='bbox 203 2709 307 2773; x_wconf 83' lang='lat' dir='ltr'><strong>quintum</strong></span> <span class='ocrx_word' id='word_1_230' title='bbox 320 2709 354 2760; x_wconf 88' lang='lat' dir='ltr'><strong>sio</strong></span> <span class='ocrx_word' id='word_1_231' title='bbox 363 2707 492 2773; x_wconf 83' lang='lat' dir='ltr'><strong>proceditur</strong></span> <span class='ocrx_word' id='word_1_232' title='bbox 502 2711 546 2772; x_wconf 80' lang='lat' dir='ltr'><strong>(l).</strong></span> <span class='ocrx_word' id='word_1_233' title='bbox 557 2706 650 2758; x_wconf 80' lang='lat' dir='ltr'><strong>Videtur</strong></span> <span class='ocrx_word' id='word_1_234' title='bbox 663 2707 724 2771; x_wconf 84' lang='lat' dir='ltr'><strong>quod</strong></span> <span class='ocrx_word' id='word_1_235' title='bbox 736 2707 810 2771; x_wconf 76' lang='lat' dir='ltr'><strong>rugeli</strong></span> <span class='ocrx_word' id='word_1_236' title='bbox 824 2722 872 2760; x_wconf 90' lang='lat' dir='ltr'><strong>nou</strong></span> <span class='ocrx_word' id='word_1_237' title='bbox 882 2710 924 2761; x_wconf 86' lang='lat' dir='ltr'><strong>sint</strong></span> 
     </span>
     <span class='ocr_line' id='line_1_34' title="bbox 131 2778 984 2845; baseline 0.002 -17"><span class='ocrx_word' id='word_1_238' title='bbox 131 2778 322 2842; x_wconf 83' lang='lat' dir='ltr'><strong>incorruptibiles.</strong></span> <span class='ocrx_word' id='word_1_239' title='bbox 342 2780 400 2830; x_wconf 84' lang='lat' dir='ltr'><strong>llicit</strong></span> <span class='ocrx_word' id='word_1_240' title='bbox 412 2779 473 2831; x_wconf 88' lang='lat' dir='ltr'><strong>enim</strong></span> <span class='ocrx_word' id='word_1_241' title='bbox 487 2781 639 2830; x_wconf 84' lang='lat' dir='ltr'><strong>llumusoenus</strong></span> <span class='ocrx_word' id='word_1_242' title='bbox 659 2779 714 2844; x_wconf 77' lang='lat' dir='ltr'><strong>(tii.</strong></span> <span class='ocrx_word' id='word_1_243' title='bbox 733 2779 766 2843; x_wconf 91' lang='lat' dir='ltr'><strong>ll,</strong></span> <span class='ocrx_word' id='word_1_244' title='bbox 779 2792 832 2843; x_wconf 82' lang='lat' dir='ltr'><strong>cup.</strong></span> <span class='ocrx_word' id='word_1_245' title='bbox 851 2780 879 2845; x_wconf 75' lang='lat' dir='ltr'><strong>s)</strong></span> <span class='ocrx_word' id='word_1_246' title='bbox 896 2781 926 2830; x_wconf 83' lang='lat' dir='ltr'><strong>de</strong></span> <span class='ocrx_word' id='word_1_247' title='bbox 983 2826 984 2829; x_wconf 73' lang='grc'>,</span> 
     </span>
    </p>
   </div>
   <div class='ocr_carea' id='block_1_5' title="bbox 131 2898 926 3022">
    <p class='ocr_par' dir='ltr' id='par_1_9' title="bbox 131 2898 926 3022">
     <span class='ocr_line' id='line_1_35' title="bbox 166 2898 925 2962; baseline 0.005 -20"><span class='ocrx_word' id='word_1_248' title='bbox 166 2898 196 2962; x_wconf 68' lang='lat' dir='ltr'><strong>(t)</strong></span> <span class='ocrx_word' id='word_1_249' title='bbox 211 2901 243 2946; x_wconf 78' lang='lat' dir='ltr'><strong>De</strong></span> <span class='ocrx_word' id='word_1_250' title='bbox 257 2899 293 2956; x_wconf 84' lang='lat' dir='ltr'><strong>iris</strong></span> <span class='ocrx_word' id='word_1_251' title='bbox 305 2899 374 2944; x_wconf 85' lang='lat' dir='ltr'><strong>etium</strong></span> <span class='ocrx_word' id='word_1_252' title='bbox 392 2900 470 2958; x_wconf 85' lang='lat' dir='ltr'><strong>iuli,</strong></span> <span class='ocrx_word' id='word_1_253' title='bbox 485 2899 563 2954; x_wconf 65' lang='lat' dir='ltr'><strong>stuc,</strong></span> <span class='ocrx_word' id='word_1_254' title='bbox 579 2900 634 2949; x_wconf 85' lang='lat' dir='ltr'><strong>dist.</strong></span> <span class='ocrx_word' id='word_1_255' title='bbox 652 2900 676 2960; x_wconf 79' lang='lat'><strong>3,</strong></span> <span class='ocrx_word' id='word_1_256' title='bbox 695 2904 777 2957; x_wconf 73' lang='lat' dir='ltr'><strong>quest.</strong></span> <span class='ocrx_word' id='word_1_257' title='bbox 797 2898 884 2958; x_wconf 84' lang='lat' dir='ltr'><strong>l,srt.</strong></span> <span class='ocrx_word' id='word_1_258' title='bbox 899 2902 925 2954; x_wconf 72' lang='lat'><strong>13</strong></span> 
     </span>
     <span class='ocr_line' id='line_1_36' title="bbox 131 2960 926 3022; baseline 0 -14"><span class='ocrx_word' id='word_1_259' title='bbox 131 2971 155 3008; x_wconf 89' lang='lat' dir='ltr'><strong>ct</strong></span> <span class='ocrx_word' id='word_1_260' title='bbox 171 2964 223 3007; x_wconf 85' lang='lat' dir='ltr'><strong>dist.</strong></span> <span class='ocrx_word' id='word_1_261' title='bbox 239 2961 263 3020; x_wconf 79' lang='lat'><strong>7,</strong></span> <span class='ocrx_word' id='word_1_262' title='bbox 278 2966 359 3016; x_wconf 81' lang='lat' dir='ltr'><strong>quoest.</strong></span> <span class='ocrx_word' id='word_1_263' title='bbox 376 2960 399 3020; x_wconf 83' lang='lat'><strong>1,</strong></span> <span class='ocrx_word' id='word_1_264' title='bbox 415 2967 459 3006; x_wconf 84' lang='lat' dir='ltr'><strong>ert.</strong></span> <span class='ocrx_word' id='word_1_265' title='bbox 472 2961 502 3016; x_wconf 81' lang='lat'><strong>-1;</strong></span> <span class='ocrx_word' id='word_1_266' title='bbox 515 2967 540 3010; x_wconf 79' lang='lat' dir='ltr'><strong>et</strong></span> <span class='ocrx_word' id='word_1_267' title='bbox 551 2963 620 3014; x_wconf 62' lang='grc' dir='ltr'><strong>ΕΜ.</strong></span> <span class='ocrx_word' id='word_1_268' title='bbox 633 2964 714 3015; x_wconf 73' lang='lat' dir='ltr'><strong>Gssel„</strong></span> <span class='ocrx_word' id='word_1_269' title='bbox 727 2963 769 3009; x_wconf 78' lang='lat' dir='ltr'><strong>tiu.</strong></span> <span class='ocrx_word' id='word_1_270' title='bbox 778 2963 816 3022; x_wconf 88' lang='lat'><strong>11,</strong></span> <span class='ocrx_word' id='word_1_271' title='bbox 827 2974 883 3021; x_wconf 73' lang='lat' dir='ltr'><strong>unp.</strong></span> <span class='ocrx_word' id='word_1_272' title='bbox 897 2965 926 3020; x_wconf 66' lang='lat' dir='ltr'><strong>ip</strong></span> 
     </span>
    </p>
   </div>
   <div class='ocr_carea' id='block_1_6' title="bbox 0 0 1008 3342">
    <p class='ocr_par' dir='ltr' id='par_1_10' title="bbox 0 0 1008 3342">
     <span class='ocr_line' id='line_1_37' title="bbox 0 0 1008 3342; baseline 0 0"><span class='ocrx_word' id='word_1_273' title='bbox 0 0 1008 3342; x_wconf 95' lang='lat' dir='ltr'><strong> </strong></span> 
     </span>
    </p>
   </div>
  </div>
 </body>
</html>
