1992 3342
138 209 187 253 268
345 216 405 252 raus
422 216 443 263 r,
460 216 552 259 onum.
570 216 627 265 xri,
646 216 700 252 nur.
719 218 735 251 ι.

138 291 218 341 mmai
232 291 282 354 J'am
299 291 379 351 tudae,
398 296 424 340 ut
443 291 539 353 picturae
559 292 596 341 uei
617 291 702 354 aliquid
723 290 784 341 atiud
794 328 803 353 ,
824 292 881 341 tacit
902 307 938 355 per

137 362 238 425 adipum
256 361 324 411 etiarn
346 362 450 410 formam.
466 361 586 411 indiuidua
603 361 658 413 vert
683 362 807 412 secuudum
824 364 938 413 Platonem

137 446 185 482 non
198 432 312 483 habebunt
321 431 390 481 aliam
399 432 475 483 ideam
490 432 558 496 quero
569 434 643 484 ideam
655 432 740 496 speciei
752 448 758 481 :
769 436 820 481 taur
831 434 886 496 quia
897 436 940 483 sin·

138 503 226 564 gaiana
235 502 405 553 individnantur
415 518 456 567 pcr
466 504 595 568 materiam,
604 518 672 568 quarn
682 506 781 568 ponebat
792 518 843 554 esse
855 505 941 555 irroren-

136 577 185 623 ιιι]
195 573 205 637 (
210 576 235 623 ιι
245 573 337 636 quidam
347 573 438 636 dicunt)
447 577 471 623 et
481 588 617 625 concausam
628 574 686 625 idea
700 591 706 623 ι
718 579 768 623 taur
779 575 833 637 quia
844 576 941 625 intentio

137 648 226 694 nature
251 644 355 694 consistit
377 644 401 693 in
423 646 559 709 speciebus,
584 660 627 696 nec
647 644 792 709 particularia
816 647 940 708 producit,

30 754 37 763 ,
138 715 183 766 nisi
203 719 230 764 ut
249 715 274 764 iu
294 716 329 765 eis
347 716 436 779 specim
448 718 573 767 salventur.
588 718 633 767 Sed
645 716 788 780 providentia
802 717 884 767 diuina
898 733 941 767 non

138 786 211 906 {intuitu
230 800 255 836 se
277 788 380 837 extendit
396 789 424 837 ad
443 788 546 851 specics,
570 790 610 839 sed
626 789 653 838 ad
677 788 814 850 singularia,
834 793 861 837 ut
885 790 943 839 intra

156 870 237 907 recu.
644 874 650 879 ·

424 1005 569 1074 tuderto
583 1004 654 1069 XVI.

290 1142 325 1186 De
338 1144 453 1191 veritate,
462 1143 494 1186 ιιι
506 1148 556 1188 octo
567 1144 686 1188 articarius
698 1144 787 1187 dioieo.

169 1289 281 1349 Quoniam
291 1292 368 1339 autem
381 1288 478 1339 scientia
489 1302 596 1338 verorum
609 1294 658 1353 est,
673 1294 724 1353 post
736 1290 943 1343 considerationem

137 1361 239 1411 scientiar
252 1361 309 1423 Dei,
321 1363 350 1411 de
362 1362 459 1411 reduto
470 1360 631 1423 inquirendum
644 1365 687 1412 est.

167 1433 233 1484 Circa
243 1447 312 1497 quarn
323 1436 454 1496 quaeruntur
464 1436 518 1481 octo
532 1447 537 1480 :
553 1436 578 1480 t0
590 1432 669 1483 Utrum
681 1434 765 1483 redes
778 1434 808 1483 sit
821 1432 846 1481 in
858 1448 896 1499 rc,
907 1436 942 1483 rei

137 1504 393 1553 tantirmininteitectu.
407 1502 525 1552 2⁰Utriun
538 1503 568 1552 sit
586 1504 675 1553 tantuna
696 1504 720 1553 in
738 1504 858 1554 intellectu
882 1520 944 1555 corn·

136 1579 237 1635 ponente
253 1578 278 1624 et
290 1574 415 1624 dividente.
428 1578 454 1622 3⁰
467 1576 499 1623 De
513 1574 681 1637 comparatione
691 1576 748 1624 ceri
758 1576 787 1625 ad
800 1590 855 1623 eus.
875 1580 903 1625 ιο
913 1578 944 1625 Ite

137 1645 305 1706 comparatione
319 1649 373 1694 ceri
396 1645 544 1695 addonem.
563 1650 589 1693 5⁰
612 1646 693 1697 Utrirrn
713 1647 773 1696 licus
794 1646 826 1696 sit
844 1648 945 1697 ueritas.

138 1720 164 1762 6⁰
177 1714 258 1765 Utrdm
276 1716 351 1766 omnia
369 1717 415 1765 sint
428 1731 481 1767 rere
497 1717 667 1780 veritatemi,
686 1719 723 1767 vel
740 1718 850 1781 pluribus.
868 1722 897 1766 7⁰
913 1722 946 1767 Dr

137 1785 263 1836 aeoeruitata
280 1787 390 1838 veritatis.
406 1793 432 1836 8⁰
445 1790 476 1838 tic
490 1788 720 1839 incommutabilitate
734 1789 815 1851 ipsius.

438 1928 594 1977 turrentes
610 1928 629 1976 1.

283 2046 369 2090 Utrum
378 2048 466 2089 veritas
475 2048 507 2090 sit
517 2047 611 2091 aarum
622 2048 647 2091 iac
658 2048 787 2091 intellectu.

169 2167 201 2215 ud
217 2168 314 2230 primum
326 2167 358 2217 sic
371 2166 501 2229 proceditur
512 2166 555 2231 (1).
572 2167 667 2216 Videtur
679 2166 738 2230 qndd
749 2168 837 2218 ueritas
853 2184 906 2221 non
922 2174 948 2221 sit

136 2237 225 2287 tactim
243 2237 266 2286 in
284 2238 416 2299 intellectu,
430 2238 470 2287 sed
483 2238 556 2300 magis
575 2238 599 2287 in
620 2240 696 2287 rebus.
719 2239 864 2300 Augustinus
884 2244 952 2292 eninr

136 2308 160 2356 in
174 2308 214 2356 liu.
230 2309 335 2372 soliloq.
350 2308 402 2371 (lib.
418 2313 433 2357 2
441 2346 450 2371 ,
462 2323 483 2357 c.
506 2309 551 2373 5),
565 2310 671 2373 reprobat
687 2311 747 2358 hauc
760 2310 953 2364 notificationem

137 2379 190 2427 Veri
207 2395 212 2427 ι
233 2397 247 2425 «
262 2381 346 2428 t'erurn
361 2379 433 2429 estid
450 2381 511 2443 quod
526 2380 626 2445 uidetur3
640 2398 653 2428 n
668 2380 720 2445 qnia
734 2382 864 2432 secundiani
886 2386 935 2436 hor
950 2425 955 2437 .

136 2450 224 2512 lapides
240 2450 279 2513 qui
297 2452 350 2499 sunt
369 2450 393 2499 iu
411 2450 551 2501 abditissimo
564 2455 629 2502 terrea
643 2453 694 2503 sinu
704 2490 712 2515 ‚
730 2466 777 2501 non
796 2460 882 2505 esseut
906 2473 959 2507 sen

136 2520 240 2583 tapides,
253 2520 307 2582 qun
322 2534 368 2570 non
385 2521 499 2573 uidentur.
520 2524 634 2586 Reprobat
647 2524 715 2573 etiarn
727 2522 797 2575 istam
813 2540 819 2573 ι
837 2544 852 2575 ιι
863 2528 959 2577 Verani

136 2594 171 2641 est
184 2591 244 2653 qarod
261 2590 292 2640 iter
311 2604 335 2640 se
355 2592 441 2653 habet,
456 2593 582 2644 utuidetnr
596 2595 715 2657 cognitori,
727 2594 747 2645 si
759 2594 819 2644 velit
831 2600 856 2647 et
883 2600 964 2663 possin

136 2675 290 2724 cognoscere3
314 2679 327 2707 n
353 2662 407 2724 quia
430 2664 555 2714 nandum
577 2668 621 2715 hoc
647 2670 782 2729 sequeretur
804 2667 873 2730 quod
902 2672 964 2721 nitri

138 2736 198 2782 esset
208 2746 297 2795 uerum,
311 2732 331 2782 si
340 2733 415 2782 nulllus
423 2738 500 2795 posset
510 2750 654 2798 cognoscere.
668 2739 695 2786 ut
706 2736 791 2785 dittinit
802 2737 838 2787 sic
850 2740 952 2790 Vesuui

137 2913 150 2955 d
173 2850 204 2908 (ιι
220 2854 252 2923 ιιι
265 2852 301 2896 tris
314 2853 384 2957 ctiiuru
399 2855 423 2902 Ι,
437 2855 515 2902 Scor„
528 2856 580 2899 dist.
595 2856 633 2913 uu,
647 2870 685 2912 qu.
698 2856 722 2913 5,
733 2863 776 2900 ort.
792 2864 817 2902 et
830 2870 933 2914 quast.
950 2868 957 2907 ι

153 2926 165 2956 c
182 2921 258 2963 rcr'rt..
272 2922 315 2958 nrt.
349 2947 354 2956 .
