1992 3342
326 267 359 305 oe
374 267 609 306 rnenrsrrnlrronr.
828 259 872 304 887

76 354 194 419 preparat.
207 350 256 399 lloe
268 345 331 397 eninr
350 347 409 396 esset
423 346 503 393 eontra
519 343 612 407 justitie
630 342 758 406 rationem,
778 342 798 392 si
815 357 874 406 pre-

76 419 234 475 destinationis
256 419 354 469 effectus
374 428 403 466 ex
419 415 498 465 detrito
520 414 666 478 redderetur,
681 418 705 464 et
717 427 762 465 noo
784 414 875 464 daretur

70 511 99 546 ex
112 495 205 559 gratia:
221 492 246 540 io
260 491 298 540 liis
305 488 372 539 enim
393 500 443 550 qrre
456 499 486 536 er
502 487 573 548 gratia
587 487 685 549 dentur,
699 488 774 550 potest
792 484 874 550 aliquis

70 582 110 631 pro
121 566 187 616 libito
204 577 246 614 sno
267 562 321 612 dare
335 559 374 610 eui
385 559 449 621 vult,
463 557 515 621 plus
528 559 565 608 rel
579 557 654 607 minus
670 556 804 622 (dummodo
817 553 875 604 nulli

70 639 189 690 subtrahet
209 631 326 695 debitum)
347 631 432 694 absque
452 629 583 694 praejudicto
602 629 704 693 justitie.
725 629 754 677 Et
777 628 821 677 hoe
839 631 875 679 est

70 710 128 772 qnod
150 707 207 758 dicit
225 701 410 769 paterfamilias,
433 700 526 750 Metel.
544 701 607 750 xx:
626 699 714 749 «Tolle
733 697 793 762 quod
809 701 874 749 tunm

60 784 120 843 est,
132 783 159 830 et
171 777 248 828 rade:
262 789 292 824 en
302 788 349 825 non
361 774 415 823 licet
428 772 487 821 milri
499 772 560 836 quod
576 773 627 822 rolo
639 773 732 824 tacere?
746 790 759 821 o

365 926 525 976 telleneus
539 925 578 975 vl.

275 1050 363 1095 tlte-dm
370 1049 547 1106 praedestinatio
556 1050 587 1092 stt
597 1052 670 1093 certe.

99 1182 134 1232 ld
151 1182 246 1232 sextum
263 1177 298 1228 sio
314 1174 446 1240 proceditur
459 1175 501 1239 (t).
519 1174 615 1224 videtur
627 1173 687 1237 qrrdd
706 1175 875 1238 predestinatie

70 1265 116 1302 non
133 1253 165 1303 sit
183 1254 256 1300 certa.
278 1248 336 1308 Quia
355 1259 424 1310 super
436 1246 494 1296 illud
509 1245 612 1309 Apoeot.
631 1245 678 1308 111,
695 1259 745 1309 rap.
762 1262 768 1296 :
786 1263 800 1294 «
812 1249 875 1298 Tene

69 1324 130 1385 quod
149 1323 238 1383 habe,
257 1333 287 1370 ne
307 1319 366 1369 alius
377 1317 477 1381 accipiet
491 1329 599 1367 eoronam
608 1319 682 1380 tuam,
698 1317 780 1367 »dicit
789 1320 877 1380 lugur-

68 1395 129 1445 tinus
142 1395 151 1458 (
156 1395 200 1443 lib.
212 1393 249 1442 De
258 1393 363 1440 correct.
375 1393 400 1438 et
409 1389 513 1452 pratia,
528 1401 580 1451 oap.
599 1387 640 1451 te)
653 1402 658 1438 :
678 1404 692 1436 rr
705 1387 768 1438 Alios
782 1401 829 1438 non
843 1393 878 1438 ert

68 1468 221 1528 aoreplorns,
238 1462 284 1512 nisi
299 1461 343 1512 iste
358 1459 491 1525 perdiderit.
512 1474 526 1504 >r
544 1461 621 1510 Potest
640 1471 695 1520 ergo
711 1461 736 1508 et
752 1457 838 1522 acquiri
853 1463 877 1510 et

68 1537 133 1599 perdi
148 1548 251 1597 corona,
273 1546 324 1597 que
348 1534 384 1582 eat
405 1529 611 1594 predestinationis
632 1527 752 1580 effectus:
775 1533 878 1582 nonest

67 1607 137 1670 igitur·
153 1604 326 1670 praedestinatio
339 1606 411 1652 eerta.

96 1683 121 1727 Ξ.
131 1679 265 1737 Praeterea,
275 1673 352 1738 posito
360 1672 467 1736 possibili
473 1672 561 1722 nullum
571 1671 674 1736 sequitur
683 1670 822 1735 impossibile
832 1669 876 1736 (Ξ).

67 1747 179 1798 Possilrile
191 1749 229 1796 est
248 1749 325 1794 eutem
337 1743 439 1806 aliquem
453 1743 641 1805 predestinatum
654 1742 693 1805 (nt
705 1735 812 1804 Petrum)
825 1755 879 1806 poe»

66 1832 137 1882 rare,
158 1821 183 1869 et
202 1820 260 1865 tune
273 1813 356 1865 occidi.
371 1815 420 1864 lloe
430 1818 513 1863 autern
524 1812 607 1876 posito,
618 1812 720 1876 seqnitur
732 1810 879 1876 predestina-

66 1889 137 1940 tionis
151 1889 264 1939 enectum
278 1884 384 1935 frustrari
403 1898 409 1933 ε
428 1884 473 1933 hoe
496 1883 567 1946 igitur
588 1896 635 1933 non
654 1885 690 1932 est
711 1882 876 1944 impossibile:

62 1973 113 2009 non
126 1973 186 2022 ergo
200 1960 238 2008 est
249 1953 421 2020 praedestinatio
434 1956 505 2002 certe.

98 2037 121 2082 3.
138 2033 272 2091 Praeterea,
284 2025 392 2090 quicqrrid
408 2027 470 2074 lleus
485 2023 578 2086 potuit,
595 2025 679 2086 potest.
691 2021 737 2072 Sed
750 2019 881 2084 potuitnon

62 2101 235 2166 praedestinare
248 2111 318 2162 quem
330 2094 521 2160 predestinavit:
536 2106 591 2155 ergo
601 2105 663 2144 nune
676 2095 752 2156 potest
763 2103 809 2141 non
823 2103 881 2155 pre-

65 2174 210 2224 destinare:
227 2182 283 2232 ergo
298 2165 470 2232 praedestinatio
487 2179 534 2215 non
544 2169 579 2216 eet
588 2167 660 2216 οεηει.

98 2246 142 2295 Sed
153 2246 239 2294 oontm
256 2244 291 2290 est
306 2241 369 2303 quod
383 2251 454 2301 snper
467 2237 524 2289 illud
540 2238 611 2286 ltom.
627 2235 680 2284 Vlll
693 2249 699 2283 :
718 2250 732 2282 o
745 2235 806 2294 Quos
822 2247 880 2298 pre-

59 2315 146 2378 scivit,
157 2318 202 2367 lios
215 2315 241 2364 et
253 2309 427 2376 predestinavit
439 2312 495 2371 ete,
510 2323 524 2356 n
541 2305 597 2356 dieit
609 2307 687 2356 Glosna
706 2320 713 2353 ε
736 2321 750 2352 n
760 2306 879 2356 predesti-

58 2386 131 2437 natie
147 2391 186 2437 est
203 2382 351 2450 prescientia
370 2383 395 2439 et
420 2379 556 2444 preparatio
578 2375 742 2428 beneficiorum
758 2372 815 2440 Ilei,
834 2390 880 2440 que

55 2457 195 2509 certadeie
208 2457 335 2506 liberanter
352 2453 482 2517 qneunque
495 2451 658 2502 lbernmnr.»

101 2529 306 2594 (donauero-
321 2522 496 2576 praedestinatio
512 2534 559 2572 non
576 2519 609 2570 ita
625 2523 687 2570 certa
698 2522 734 2570 est
746 2518 806 2582 quod
821 2531 879 2583 pre-

100 2653 135 2716 (1)
147 2659 181 2702 Ite
195 2655 353 2713 neellami,
368 2652 447 2702 seret,
460 2651 516 2696 dist.
530 2648 575 2707 dd,
591 2655 673 2706 quest.
688 2647 715 2708 ³,
733 2652 777 2692 nrt,
793 2647 878 2700 paloor

55 2729 89 2766 et
103 2719 197 2774 Quodl.
205 2719 230 2774 5,
245 2730 286 2774 qn.
297 2715 320 2775 l,
333 2715 401 2760 ared
412 2731 418 2767 3
431 2720 455 2759 et
469 2711 558 2771 Qwedt.
569 2709 608 2768 11,
618 2716 661 2756 ert.
671 2710 694 2764 3;
705 2716 728 2755 et
739 2709 827 2766 Quodl.
839 2707 878 2766 ln,

57 2787 117 2829 art.
129 2779 219 2833 item&
233 2785 260 2824 et
272 2791 312 2835 qn.
327 2777 351 2839 6,
362 2777 391 2822 de
402 2776 481 2836 verit,
496 2781 541 2821 ert.
556 2773 604 2818 det
614 2771 645 2826 53
661 2777 685 2818 et
695 2772 726 2818 ad
740 2771 813 2816 Hedr.
828 2770 880 2829 XII,

55 2838 305 2972 recfsslgiocuelffi'
319 2911 491 2967 Pheraeorum,
504 2911 562 2952 text.
578 2901 623 2966 ³6,
640 2903 803 2960 dPlrrlosopho
816 2911 882 2946 usur·

54 2983 161 3040 pawn
173 2973 238 3032 qnod
252 2972 287 3018 sie
299 2971 337 3019 elii
351 2971 421 3029 rnlgd
432 2988 440 3015 ε
453 2967 558 3020 Nullum
572 2967 683 3026 seqnitur
696 2963 880 3012 inconveniens.
