1992 3342
133 171 180 222 tlt
332 181 392 222 rins
408 181 429 229 r,
445 180 537 228 oum.
553 181 622 229 uun,
638 180 694 220 aar.
712 180 731 220 r.

165 257 174 321 l
180 258 324 310 mumdum.
331 283 362 296 -
370 258 461 318 omniu
474 263 578 308 creatura
593 256 711 308 rotonam
720 255 746 307 in
761 255 829 321 omis
843 261 931 310 mtura-

129 328 191 380 lilnua
200 329 321 381 enuntiata
332 341 407 382 enare
418 343 446 380 ac
454 341 548 393 pecuare
560 333 649 393 putem
662 331 724 378 lleur
734 327 792 380 vert
804 343 849 380 noc
859 344 930 382 errare
985 356 987 363 ·

129 412 305 465 nonannoeane
318 405 407 466 polest,
422 400 474 452 clim
491 403 554 452 soluo
568 399 604 452 cni
618 400 682 451 aclds
695 401 779 464 regola
791 401 847 464 rit.)

160 471 294 536 despondeo
307 473 440 534 dicendum,
456 472 518 536 quod
529 477 574 522 lam
589 473 685 535 angetur
702 471 775 535 qu'am
788 487 931 538 nummoque

129 547 231 594 munima
247 543 377 604 rationalis,
390 544 410 594 si
420 543 445 593 in
455 557 496 594 oua
510 547 591 593 natura
604 542 777 605 consideretur,
790 548 871 608 potest
883 559 933 608 pec

129 627 190 677 care;
199 613 358 676 etcuicuuquo
367 620 474 666 creatura
482 615 527 666 hoc
535 613 642 664 conuenit
653 618 679 663 ul
688 626 787 678 pecuare
797 628 846 664 uon
854 614 931 679 poncii.

130 684 174 734 hoc
190 684 299 735 nebeten
315 684 476 749 cunegunde,
493 698 539 736 uon
550 698 581 736 en
600 683 730 736 conditione
743 689 845 738 nature.
863 687 933 750 Cujus

130 755 187 806 ratio
197 759 245 816 eet,
259 755 313 819 quia
325 770 419 820 peccare
433 756 490 807 nihil
505 761 542 808 est
555 756 615 806 alind
630 755 698 820 quim
708 755 828 808 declinare
842 757 856 808 i
869 757 932 808 recti·

130 825 208 876 tudine
223 827 297 890 actus,
310 841 379 891 quam
393 827 459 878 debet
471 825 568 889 liabere3
577 827 625 876 sire
639 825 764 890 accipiatur
777 828 932 890 peccatumin
985 858 987 880 l

130 897 286 959 naturalibus,
304 899 354 950 eino
371 898 396 950 in
417 897 583 957 artificialibus,
598 896 687 948 sivein
706 898 842 948 moralibus.
859 900 932 949 Solum
985 910 987 959 ξ

130 971 206 1018 aulem
214 968 279 1020 illurn
290 975 366 1021 ectum
380 969 537 1020 directitudine
545 968 657 1020 declinare
668 982 715 1018 non
724 967 855 1033 contingit,
869 972 931 1034 cujus

130 1039 206 1100 regula
224 1045 260 1092 eol
277 1042 349 1092 virtus
368 1041 457 1105 agentis
473 1040 589 1092 :sienim
605 1053 686 1089 manus
699 1039 795 1090 artificis
808 1047 875 1092 esset
887 1043 932 1106 ipsa

130 1110 207 1174 regula
219 1110 346 1176 incisionis,
363 1126 477 1176 nunquam
489 1117 568 1176 poscet
580 1111 662 1162 artifex
672 1111 717 1160 nisi
726 1109 789 1161 recte
800 1111 892 1176 lignum
902 1114 933 1162 in·

131 1179 219 1246 cidere;
234 1185 273 1234 ned
285 1183 305 1234 oi
318 1182 426 1234 rectitudo
437 1181 555 1233 incisionis
570 1181 600 1233 ait
615 1181 642 1232 ab
656 1181 701 1231 alia
714 1181 793 1244 regula
801 1220 810 1246 ,
820 1183 934 1246 oontingit

130 1247 264 1304 incisionem
277 1268 327 1306 esse
342 1259 460 1306 reclamet
475 1268 521 1305 non
534 1257 625 1306 rectam
640 1252 721 1302 divina
734 1257 812 1303 autem
826 1255 933 1305 voluntas

130 1323 178 1374 sola
194 1327 230 1374 est
244 1327 319 1388 regula
334 1325 370 1375 sni
387 1325 465 1386 actile,
483 1325 597 1390 quianon
614 1323 730 1374 ordinatur
745 1326 774 1374 ad
787 1326 930 1388 superiorem

130 1391 212 1458 dnem3
223 1395 297 1447 omnis
308 1401 384 1447 aulem
397 1397 503 1447 noluntas
517 1395 638 1461 cujuslibet
649 1400 757 1446 creaturae
772 1396 933 1447 rectitudinem

130 1462 155 1512 in
165 1478 206 1515 euo
222 1474 273 1516 actu
284 1481 329 1518 non
340 1469 422 1530 habet,
432 1467 477 1519 nisi
487 1465 611 1518 secundlrm
624 1465 684 1531 quod
695 1467 812 1530 regulatur
825 1466 933 1519 ivolen-

129 1538 175 1587 tate
185 1537 275 1603 divina,
288 1540 316 1590 ad
328 1553 396 1604 quam
405 1541 505 1605 pertinet
517 1539 611 1589 ultimus
623 1537 675 1588 linis
681 1575 689 1600 ,
700 1538 760 1588 sicut
775 1539 886 1600 qiuaelihct
894 1554 933 1590 no-

129 1607 204 1660 luntas
221 1610 334 1662 interioris
351 1611 418 1663 debet
438 1611 537 1675 regulari
554 1610 678 1662 seeundum
696 1610 841 1659 uoluntatem
861 1625 932 1675 snpe-

129 1677 207 1742 riorie‚
216 1681 573 1734 utroluntaemilitluoecunddm
582 1682 721 1732 voluntalem
731 1680 796 1730 ducis
806 1682 930 1732 exercitiis.

130 1747 168 1798 Sic
183 1749 252 1814 igitur
262 1753 286 1802 in
301 1754 349 1804 sola
361 1755 476 1806 uoluntate
488 1751 566 1802 diviua
581 1756 701 1816 peccatum
715 1765 825 1802 essenon
841 1757 930 1816 uotest;
985 1760 987 1765 '

130 1818 155 1870 in
169 1823 268 1886 quatiet
286 1828 360 1876 autern
379 1825 494 1876 voluntate
508 1828 632 1887 creature,
646 1827 722 1889 potest
739 1836 791 1874 esse
809 1828 930 1888 peccatum

131 1892 254 1946 secundum
268 1895 367 1947 ordinem
379 1909 426 1947 cuae
441 1901 537 1948 nature.
985 1914 986 1917 ’

162 1965 195 2014 ld
204 1966 301 2030 primum
310 1981 363 2032 ergo
375 1967 508 2031 dicendum,
518 1967 577 2032 quod
586 1967 611 2016 io
622 1967 709 2030 angelis
720 1981 767 2018 non
778 1971 817 2018 cst
827 1967 929 2032 potentia

130 2037 160 2087 ad
174 2053 225 2088 ease
240 2039 354 2103 naturale;
371 2042 407 2090 est
422 2043 497 2090 temen
511 2040 535 2088 in
548 2038 583 2090 eis
603 2040 705 2104 potentia
720 2037 848 2090 eccundlim
865 2039 932 2089 intel·

130 2109 235 2160 lectivam
250 2115 345 2176 partem,
355 2112 382 2162 ad
396 2105 439 2161 hoc
451 2110 511 2175 qnld
522 2116 683 2162 convertantur
693 2110 717 2160 in
726 2112 771 2162 hoc
781 2112 820 2161 rel
829 2112 855 2161 in
864 2111 926 2162 illud.

131 2179 160 2230 Et
175 2185 284 2245 quantum
298 2183 326 2232 ad
337 2183 381 2232 hoc
393 2186 469 2246 potest
481 2183 505 2232 in
519 2181 553 2232 eis
566 2196 617 2233 esse
629 2182 721 2232 malurn.

163 2254 196 2302 dd
208 2255 331 2304 secundnm
344 2254 480 2318 dicendum,
492 2253 553 2318 quod
566 2267 658 2318 corpora
673 2251 774 2304 celestio
787 2267 834 2303 non
845 2254 929 2304 habent

130 2324 285 2388 operationem
296 2323 340 2376 nisi
352 2325 490 2388 naturalem3
503 2325 526 2377 et
539 2325 590 2374 ideo
598 2325 658 2374 cient
668 2324 694 2374 in
703 2327 785 2374 natura
793 2337 874 2374 eorum
883 2337 927 2374 nou

130 2397 207 2458 potest
224 2409 274 2446 esse
291 2396 441 2460 corruptionis
463 2397 563 2458 malum,
577 2395 609 2445 ila
625 2409 667 2446 nec
684 2394 708 2443 in
724 2394 814 2444 actione
830 2393 927 2444 naturali

130 2475 207 2514 eorum
223 2469 362 2529 potestesse
376 2468 460 2518 malum
476 2467 655 2518 inordinationis.
672 2466 718 2516 Sed
731 2478 801 2528 supra
814 2466 925 2517 actionem

129 2535 253 2586 naturalem
267 2537 290 2586 in
303 2539 387 2601 augelis
404 2543 439 2590 est
454 2540 512 2590 actio
526 2538 594 2590 liberi
605 2537 704 2599 arbitrii,
717 2535 844 2588 sccunddm
858 2550 923 2602 qnam

129 2605 241 2670 contingit
253 2608 277 2657 in
288 2609 322 2659 eis
332 2623 382 2660 esse
397 2611 488 2660 malum.

161 2679 194 2727 lld
220 2678 311 2728 tertium
335 2680 466 2744 dicendum,
488 2681 549 2747 qnod
576 2682 676 2731 naturale
700 2683 737 2730 est
760 2679 843 2742 angelo
869 2676 924 2744 quod

129 2753 271 2798 convertatur
291 2754 352 2798 motu
371 2750 501 2803 dilectionis
520 2753 545 2802 in
563 2749 790 2816 iteum,aecundl1m
806 2750 868 2814 qnod
889 2753 922 2800 est

128 2815 261 2880 principium
283 2819 392 2870 naturalis
411 2836 476 2884 crire,⁸
499 2824 539 2874 ced
560 2820 630 2888 qudd'
642 2825 786 2873 convertatur
805 2822 831 2871 in
851 2820 924 2886 ipsum

128 2885 249 2935 eccondlim
274 2886 335 2950 qnod
362 2894 399 2940 eat
421 2892 535 2955 obiectum
558 2892 706 2944 teliodnin
730 2892 922 2956 mpernntmlin,
