1992 3342
114 202 158 248 stt
307 205 367 240 nens
384 203 406 249 1,
423 200 515 245 onon.
533 199 587 245 xix,
607 195 660 232 ann.
680 195 714 230 ni.

112 287 201 336 natione
211 279 337 348 praedicati,
351 277 411 327 sicot
423 279 458 325 est
472 272 623 324 necessarium
638 281 759 318 nnmerum
773 280 822 318 esse
836 281 915 331 panon

110 360 149 409 voi
164 357 275 419 imparem
285 351 305 414 ).
320 350 358 399 Sic
375 350 511 396 autemnon
531 347 565 394 est
582 339 735 392 necessarium
748 341 864 390 Socratem
882 357 919 392 se·

112 432 181 491 dere,
193 425 254 476 unde
268 425 361 472 nonest
371 417 525 468 necessarium
539 412 656 475 anoluo3
672 412 712 462 sed
725 415 802 474 potest
819 412 863 462 dici
877 428 919 463 ne-

111 498 236 551 cessarium
245 509 275 544 ex
283 489 451 558 suppositione,
459 485 578 551 supposito
587 483 648 534 enim
656 481 717 546 qiiod
726 483 815 546 sedent,
825 496 918 534 necesse

116 577 151 622 cst
163 583 215 620 euna
229 567 319 626 sedere,
333 563 389 613 dnm
401 561 474 611 sedet.

143 642 208 694 Circa
221 638 302 690 dione
313 635 382 698 igitur
395 631 466 681 volita
476 632 521 680 hoc
533 625 722 678 considerandum
736 629 786 688 est,
800 622 864 688 qinon
879 627 922 676 eti·

117 715 172 780 qnid
183 715 257 768 [teon
268 709 328 760 selle
341 709 377 757 est
391 701 547 754 necessariam
558 699 659 750 absolute
668 714 675 760 3
685 700 820 746 nontamen
830 697 876 747 hoc
886 703 923 748 est

111 800 192 838 venum
202 785 232 835 de
241 780 350 834 omnibns
358 775 474 842 manu.
484 773 595 822 Voluntas
604 769 666 821 enim
676 767 755 818 divina
766 768 923 820 necessariam

111 855 271 908 inhitndinecn
288 851 360 902 nabet
377 848 406 898 ed
422 845 551 896 nentatem
570 855 652 903 snam,
671 853 722 904 quea
741 842 778 888 est
802 839 923 902 proprium

113 929 164 993 ejns
173 926 299 990 objectnm3
307 921 368 972 unde
379 917 507 969 bonitatem
519 927 583 965 snam
596 915 656 963 Dens
667 925 696 962 ex
704 909 903 960 necessitatevnlt
917 927 922 958 :

112 999 173 1051 sient
180 1002 204 1049 et
211 997 317 1046 volontas
328 994 407 1042 nostra
415 1002 445 1038 ex
453 985 592 1036 necessitate
603 985 652 1032 vnlt
662 980 848 1042 beatitudinem
864 979 926 1031 sient

114 1076 138 1123 et
154 1069 264 1136 quotins
277 1065 321 1116 elia
338 1059 443 1127 potentia
461 1057 615 1108 necessariam
633 1052 791 1104 habitudinem
809 1051 883 1102 hahet
897 1053 923 1100 ad

114 1140 233 1208 proprium
243 1142 266 1188 et
278 1133 404 1201 principale
418 1131 536 1194 objectum
549 1125 664 1191 (utvisus
679 1124 707 1174 od
723 1122 856 1185 colorem),
872 1123 926 1186 qnia

114 1215 143 1264 dc
159 1212 194 1266 sni
212 1209 301 1260 ratione
321 1208 356 1255 eet
372 1206 399 1252 nt
413 1201 439 1250 in
458 1199 515 1249 iliud
530 1197 617 1248 tendo.
639 1195 690 1245 Alia
705 1197 783 1244 antem
797 1192 812 1242 t
827 1206 854 1243 se
867 1195 928 1244 neus

115 1285 175 1347 vult,
184 1284 209 1333 in
218 1283 330 1346 quantam
340 1274 476 1326 ordinantur
488 1271 593 1320 adenem
604 1266 748 1328 bonitatem,
762 1268 788 1314 ut
803 1265 829 1313 in
845 1265 924 1315 finem.

115 1358 147 1406 lta
162 1359 241 1407 aowin
254 1364 305 1415 quae
322 1351 376 1398 sont
392 1344 422 1393 ad
436 1343 526 1403 finem,
548 1353 595 1390 non
614 1351 644 1388 ex
662 1335 800 1386 necessitate
820 1335 928 1386 volumus

115 1427 220 1478 veientes
232 1425 316 1484 tinem,
330 1417 375 1468 nisi
387 1415 434 1466 sint
452 1413 509 1463 talin
528 1411 577 1462 sine
597 1409 679 1472 quibus
691 1406 743 1456 finis
756 1419 808 1456 esse
823 1419 873 1456 non
887 1421 928 1471 po-

117 1503 179 1549 test:
193 1497 255 1548 sicut
264 1494 370 1544 volumus
383 1486 470 1548 cibum,
482 1485 587 1533 volentes
601 1477 802 1530 conservationem
816 1477 890 1540 vitae3
905 1480 930 1527 ct

117 1583 220 1631 novem,
236 1565 342 1616 nolentes
357 1558 516 1609 transfretare.
531 1555 581 1603 Non
594 1551 628 1601 sic
641 1554 719 1600 eutem
735 1561 765 1598 ex
785 1549 930 1599 necessitate

118 1641 260 1691 volumnsea
271 1633 322 1684 eine
332 1631 415 1694 onnus
424 1626 477 1677 finis
490 1637 541 1676 esse
555 1626 647 1688 potest,
662 1620 721 1670 sieut
735 1631 822 1682 equum
837 1619 867 1669 ed
881 1632 931 1668 ani-

118 1710 259 1769 bulandnm,
273 1704 327 1768 quia
343 1701 395 1752 sine
410 1701 455 1749 hoc
472 1709 593 1761 posennm
607 1693 640 1742 ire
649 1729 658 1755 ,
676 1695 700 1741 et
716 1690 797 1743 cenem
816 1689 877 1739 retio
896 1693 934 1739 est

121 1783 146 1832 in
160 1780 219 1832 aliis.
234 1777 316 1837 Unde,
334 1772 388 1823 oiim
405 1771 496 1821 bonitas
509 1766 550 1816 liei
565 1765 595 1814 sit
612 1764 728 1828 perfecta,
745 1765 771 1811 et
791 1773 842 1810 esse
856 1761 935 1823 possit

121 1855 171 1906 sine
184 1851 235 1903 aliis
244 1847 309 1915 (oiim
322 1843 410 1895 nihitei
420 1838 569 1905 perfectionis
582 1851 611 1886 ex
622 1832 819 1896 aliiseccrcscnt);
827 1832 936 1896 sequitui

122 1921 309 1994 pinnatense
328 1931 381 1969 enm
400 1914 460 1964 velie
479 1925 526 1962 non
547 1910 577 1960 sit
595 1906 751 1958 necessarium
765 1903 890 1966 absolute,
910 1908 937 1952 ct

123 2006 201 2050 tomen
210 1991 366 2046 necessarium
377 1990 413 2037 cst
425 1999 454 2036 ex
467 1981 623 2049 suppositione
639 1995 644 2028 :
658 1976 775 2042 supposito
790 1976 856 2025 enim
870 1974 937 2039 qnod

122 2070 189 2134 vetit,
196 2067 382 2131 nonpotestnon
389 2058 461 2120 vetie5
466 2055 521 2119 quie
526 2067 572 2103 non
581 2054 656 2116 potest
661 2050 768 2100 voluntas
773 2045 826 2110 ejus
834 2047 936 2096 mutari.

154 2142 189 2192 nd
202 2139 300 2204 primam
314 2146 368 2195 ergo
381 2129 503 2180 nicenum
519 2123 579 2189 qnod
595 2137 625 2172 ex
637 2124 682 2172 hoc
692 2119 751 2184 quod
762 2119 824 2168 nens
837 2118 891 2168 vult
903 2120 939 2168 ab

124 2217 211 2264 eterno
218 2206 328 2273 quicquid
338 2204 397 2265 vnit,
409 2213 457 2251 non
467 2197 570 2262 seqnitur
581 2193 642 2258 qnod
652 2203 747 2243 necesse
754 2193 791 2240 est
805 2202 861 2239 euni
873 2189 940 2239 illud

123 2285 199 2345 selle,
214 2279 300 2330 nisiex
315 2270 480 2337 suppositione.

156 2354 191 2405 Ad
200 2349 327 2403 nennium
335 2345 463 2404 dicennun
475 2337 536 2404 qnod
546 2336 599 2386 licet
609 2337 669 2388 Deice
680 2345 709 2386 en
720 2330 859 2384 necessitate
874 2331 945 2380 velit

123 2425 250 2478 homtatem
263 2432 343 2480 mam,
360 2429 406 2466 non
419 2417 497 2464 tomen
511 2423 540 2460 es
555 2406 691 2458 necessitate
702 2405 752 2453 vult
768 2415 796 2452 ea
810 2415 864 2466 qnae
884 2404 950 2452 vnit

122 2500 217 2562 propter
229 2490 356 2543 bonitatem
369 2499 443 2548 mana,
448 2483 502 2547 qnia
507 2479 598 2531 bonitas
609 2477 660 2542 ejus
667 2479 742 2538 potest
751 2487 802 2526 esse
811 2473 947 2524 sineeiiis.

155 2569 190 2618 Ad
201 2563 295 2616 tertium
305 2559 441 2619 dicendum,
454 2554 515 2618 qnod
531 2564 576 2601 non
591 2554 627 2600 est
637 2547 742 2598 notui-ate
755 2547 801 2595 Deo
815 2545 880 2594 velle
896 2547 952 2594 ali-

124 2641 180 2706 quid
193 2637 353 2695 otiornm'qnae
366 2643 413 2680 non
422 2641 452 2677 ex
464 2623 600 2674 necessitate
613 2621 678 2682 vult3
688 2631 761 2682 neque
771 2621 852 2666 omen
867 2616 956 2667 inna—

140 2710 213 2772 nrale‚
227 2710 267 2758 ant
280 2705 488 2761 consensorem,
503 2695 543 2748 sed
557 2698 592 2744 est
604 2690 764 2742 voluntarium.

156 2782 190 2834 nd
201 2781 307 2845 quartum
325 2771 460 2833 dicendum,
477 2763 538 2833 quod
551 2762 673 2828 aliqnando
684 2761 759 2824 aliqua
771 2771 841 2810 causa
851 2771 958 2812 neces-

126 2854 187 2906 saria
196 2851 320 2902 nanetnon
328 2843 481 2895 necessariam
492 2829 650 2889 habitudinem
662 2834 690 2884 ad
701 2833 799 2896 aliquem
811 2829 961 2884 enectum.

128 2925 189 2991 quod
198 2926 233 2974 est
249 2921 342 2985 propter
356 2916 471 2967 deiectum
481 2910 596 2972 effectis,
611 2911 634 2958 et
650 2917 696 2958 non
712 2907 803 2968 propter
818 2900 971 2982 deiectuini

970 2987 971 3024 t
