1992 3342
225 218 258 255 nn
270 217 409 273 nuvnmupr
423 218 584 261 emoriatur
600 218 750 257 ooaurrrour.
844 209 888 257 ¹0⁸9

84 308 155 359 quarn
170 293 323 356 indigentiam
336 298 452 346 creaturas
461 295 582 360 produxit,
595 308 669 359 neque
683 298 776 359 propter
790 295 888 359 adquam

83 368 156 419 aliam
166 380 260 417 mursam
270 366 436 431 extrinsecam,
446 370 486 419 sed
497 372 589 432 propter
600 377 699 419 amorem
711 382 758 419 suae
769 368 886 419 bonitatis.
910 370 926 405 t

85 439 153 489 Unde
167 445 192 486 ot
204 442 293 502 otoysas
303 441 423 503 postquam
433 439 522 489 dixerat
534 477 539 488 .
552 456 565 487 ιι
575 440 602 489 lu
610 439 721 503 principio
730 440 817 489 creavit
829 440 889 489 deus

84 513 171 563 ooelum
184 515 211 561 et
221 515 321 574 mnam,
334 512 434 563 »suhdd
446 528 452 560 :
465 529 480 559 ιι
489 510 550 561 nant
560 513 619 561 neus
630 527 635 560 :
647 512 699 561 Fiat
712 512 763 574 lux,
776 528 790 558 u
802 512 831 562 ad
841 525 889 561 rna-

86 583 263 637 mienadonenr
274 583 346 633 dirim
354 583 431 643 Verum
442 588 467 634 et
475 586 555 647 postea
566 583 622 633 dixit
635 599 641 633 :
654 601 667 631 ιι
678 582 740 633 Vidit
748 585 807 633 Deus
816 584 890 633 turem

85 655 149 719 quod
161 656 300 718 essetboua,
308 671 323 704 o
332 654 362 706 ad
369 656 536 707 mtendeudunr
547 654 703 719 probationem
715 653 788 705 divini
797 654 888 705 amoris.

7 783 8 798 χ
84 728 115 777 Ει
132 726 241 783 similiter
252 726 279 777 iu
293 726 344 778 aii'n
362 727 476 791 operibus.
492 726 543 776 nno
559 726 625 778 modo
645 730 668 775 et
684 726 847 791 principalius,
861 726 890 775 ad

7 815 8 846 ;
83 798 148 850 reete
156 798 306 849 sentiendum
319 798 347 849 do
356 800 430 849 saluta
441 797 534 861 generis
544 797 652 860 humani,
662 812 712 861 quae
722 796 838 862 portioitur
850 810 891 862 per

82 870 168 921 Fidium
180 870 328 923 incarnatam
343 874 367 920 et
379 883 421 935 per
437 872 522 921 donuru
540 868 639 932 Spiritus
651 868 732 920 sanati.

389 1024 546 1074 tndtcutus
559 1022 589 1072 11.

226 1139 312 1185 vertor
321 1139 370 1183 siret
378 1140 490 1195 portandas
504 1139 609 1184 notiones
619 1138 646 1183 ira
661 1138 756 1185 divinis.

7 1297 8 1308 ,
116 1258 150 1308 tu
161 1258 288 1307 secundum
304 1257 337 1307 sio
348 1256 478 1321 proceditur
490 1256 533 1322 (ιι.
545 1258 637 1308 Videtur
650 1256 709 1321 quod
723 1270 771 1307 non
789 1258 835 1307 sint
850 1270 892 1322 po-

7 1327 8 1394 }
84 1330 167 1381 nenda
182 1327 292 1379 notiones
309 1329 335 1378 in
353 1328 444 1380 diuinis.
463 1328 523 1378 Dicit
536 1328 598 1378 enim
611 1326 732 1393 Dionysius
748 1326 773 1378 iu
789 1342 839 1393 cap.
856 1330 892 1379 De

7 1415 8 1422 ¹
86 1401 169 1451 divin.
182 1415 263 1458 nom„
274 1399 335 1464 qudd
347 1417 361 1447 ιι
370 1414 416 1451 non
427 1403 463 1451 ost
472 1402 599 1451 audendum
610 1400 686 1451 dicore
700 1400 784 1463 aliquid
798 1400 825 1450 de
835 1400 890 1464 Deo,

86 1476 171 1534 prater
181 1484 211 1522 ea
222 1484 273 1535 quar
286 1471 353 1521 nobis
362 1485 392 1521 ex
402 1472 474 1522 sacris
483 1471 580 1535 eloquiis
590 1472 643 1521 sunt
656 1484 771 1536 expressa.
783 1488 797 1518 u
808 1471 854 1521 Sed
864 1472 891 1521 de

7 1547 8 1550 ’
86 1543 221 1593 notionibus
234 1542 297 1592 uuila
311 1542 337 1593 nt
347 1543 433 1594 mentio
449 1542 474 1592 in
485 1543 581 1607 eloquiis
593 1556 666 1595 saura
679 1544 802 1609 scripturae
815 1560 820 1593 :
838 1556 892 1606 ergo

85 1628 132 1665 non
149 1618 205 1665 sunt
219 1614 333 1678 ponenda
345 1614 451 1665 notiones
465 1615 489 1663 iu
501 1612 592 1667 divinia.
660 1624 662 1631 ’

116 1692 141 1737 ι.
155 1688 288 1748 Praeterea,
306 1686 414 1749 quimuid
430 1686 522 1749 ponitur
535 1686 559 1735 iu
578 1686 675 1751 divinis,
692 1690 731 1737 aut
749 1686 848 1752 pertinet
864 1686 892 1736 ad

7 1755 8 1768 ¹
84 1760 200 1809 unitatem
211 1758 317 1808 essentiae
330 1758 408 1808 autad
421 1757 548 1808 trinitatem
557 1772 714 1824 personarum.
727 1758 776 1809 Sed
786 1758 892 1810 notiones

87 1842 133 1881 non
145 1829 266 1895 pertinent
280 1828 309 1878 ad
318 1828 431 1879 unitatem
442 1829 563 1893 ementire,
577 1843 621 1881 neo
635 1832 663 1882 ad
674 1831 801 1881 trinitatem
815 1844 893 1896 perso·

88 1916 185 1967 narum3
200 1902 229 1953 de
246 1900 379 1953 notionibus
395 1902 458 1952 eninr
472 1916 546 1966 neque
563 1904 714 1969 praedicantur
730 1916 757 1954 ea
771 1913 821 1967 quaa
839 1906 892 1953 suut

87 1976 193 2027 esseutiae
210 1974 270 2040 (non
286 1974 347 2024 enirn
366 1973 462 2024 dicimus
482 1974 542 2039 quod
560 1977 685 2041 paternitas
703 1976 733 2026 sit
748 1975 839 2041 sapiens
855 1973 893 2024 rel

87 2047 179 2110 treet),
194 2059 270 2110 neque
286 2044 355 2095 etiam
366 2058 394 2095 ea
403 2058 454 2110 quae
465 2050 520 2095 sunt
533 2057 636 2110 persona
649 2050 709 2113 (uon
720 2046 782 2097 enim
796 2046 892 2095 doinus

88 2119 147 2183 qudd
160 2118 293 2184 paternitas
302 2120 409 2180 generet,
419 2121 443 2167 et
455 2116 536 2169 titiatio
555 2118 697 2183 generetur).
711 2120 769 2182 Ergo
779 2131 827 2167 uon
839 2121 892 2167 suut

88 2192 202 2255 ponenda
216 2189 356 2241 notionesin
369 2188 504 2255 diviniso).

121 2256 892 2327 a.Praeterea,instmplicihusnonsuntponendaaliquaabstraota

89 2348 138 2397 puae
149 2337 204 2385 suut
211 2332 327 2400 principia
335 2333 498 2397 cognoscendi,
507 2334 561 2397 quia
570 2338 739 2399 cognoscuntur
747 2332 836 2397 seipsis.
848 2334 892 2383 Sed

88 2406 172 2457 diuina
184 2419 289 2471 persone
304 2408 358 2455 suut
369 2405 542 2469 simplicissima
558 2423 563 2457 :
579 2420 634 2471 argo
649 2420 696 2457 non
709 2410 762 2457 suut
777 2406 891 2469 poneum

89 2475 114 2527 iu
125 2477 210 2527 diuinis
225 2476 331 2542 personis
343 2476 457 2529 notiones.
872 2524 877 2531 ,

119 2551 166 2601 Sed
179 2554 260 2601 eontra
268 2553 318 2615 est,
330 2550 391 2613 quod
401 2549 457 2599 dioit
465 2551 723 2601 Joauuesitamasoonus
732 2550 766 2616 (3)
778 2567 783 2600 :
795 2568 809 2599 a
819 2550 888 2601 diffe-

122 2678 152 2742 (1)
166 2682 199 2726 De
211 2680 247 2724 his
258 2680 329 2725 etiarn
340 2679 447 2736 infraqu.
457 2678 497 2738 td,
507 2686 549 2727 urt.
563 2678 586 2735 1;
596 2687 622 2725 ut
633 2687 657 2726 ot
665 2682 685 2741 Ι,
697 2681 773 2739 Sera,
785 2681 838 2725 dist.
849 2680 889 2738 26,

93 2756 132 2801 qu.
147 2744 173 2803 2,
187 2749 223 2788 art
236 2744 266 2802 13
279 2743 410 2788 etdistiuot.
426 2742 466 2800 33,
482 2748 526 2787 art.
540 2743 563 2787 2.

120 2811 156 2878 (ι)
169 2814 197 2861 ld
208 2820 246 2860 est
261 2815 344 2871 atique
354 2815 435 2860 forman
445 2814 470 2859 in
482 2816 599 2861 abstracto
610 2812 756 2876 significatae,
772 2821 797 2861 ut
811 2822 888 2871 pater·
989 2854 991 2867 ⁴

91 2880 154 2925 uitas
167 2885 192 2923 et
205 2876 303 2923 similes.

122 2946 157 3013 (3)
174 2952 206 2996 Ut
216 2949 295 2996 uidere
309 2957 345 2995 est
357 2950 399 2995 lib.
418 2950 464 3010 111,
480 2949 554 2997 Fides·
571 2950 723 3001 orthodoxo,
738 2962 790 3007 oup.
808 2948 835 3010 5,
852 2950 893 2995 ubi
