1992 3342
373 258 404 296 ne
419 260 474 297 viri
488 261 537 298 nm.
812 255 856 300 3⁰3

62 336 129 400 seipm
146 339 212 387 motu
232 335 371 386 dilatationis
388 341 413 386 et
427 337 609 401 constrictionis;
626 343 650 388 ut
667 344 757 402 ostrea,
779 353 857 404 parum

60 409 192 459 excedentia
202 411 288 459 motum
298 409 383 472 plaute
398 425 403 458 ε
417 423 467 473 quae
480 409 535 460 veih
551 411 636 460 hahent
644 411 752 462 virtutem
764 411 857 463 sensiti-

59 495 106 530 vam
125 480 270 544 periectam,
288 494 334 530 non
352 481 425 530 solium
443 482 472 531 acl
489 483 671 544 cognoscendum
692 483 814 546 conjuncta
835 487 858 534 et

60 551 180 615 tangentia,
191 552 231 601 sed
241 551 311 600 etiam
321 552 351 601 ad
359 553 542 615 cognoscendum
555 552 671 617 distantia,
679 557 772 604 movent
783 555 857 620 seipsa

59 624 81 672 in
90 628 201 674 remotum
217 626 282 674 motu
298 624 437 687 prooessivo.

86 697 126 747 Sed
142 694 250 759 quamvis
262 695 397 759 hujusmodi
410 694 535 758 animalia,
553 695 649 746 formam
662 709 711 759 qum
726 701 761 747 est
773 698 858 761 princi·

59 769 114 830 pium
127 768 225 830 motus,
244 780 287 830 per
300 781 395 818 sensum
414 767 544 832 accipiant,
562 781 608 817 non
627 769 705 818 tannen
723 782 764 832 per
783 769 857 834 seipsa

59 841 198 901 prostituunt
206 838 251 888 sihi
263 838 333 889 finem
345 852 393 889 suae
402 839 555 902 operationis,
565 839 603 888 vel
615 838 651 888 sui
663 839 753 901 motuis3
768 841 808 890 sed
822 845 857 891 est

58 911 88 959 cis
101 912 188 961 inditus
209 910 224 959 l
246 914 345 973 natura,
368 911 435 974 cujus
453 910 562 960 instinctu
587 909 615 958 ad
636 909 722 970 aliquid
744 912 856 974 agencium

59 986 172 1032 morentur
180 995 224 1046 per
235 981 333 1032 iormam
344 995 413 1032 sensu
422 984 598 1046 apprehensam.

87 1055 146 1105 ltncle
164 1067 237 1118 supra
251 1053 308 1103 talia
329 1053 436 1104 animalia
456 1057 509 1104 sunt
524 1054 564 1102 illa
585 1066 635 1115 qua
655 1057 747 1102 movent
765 1054 856 1118 seipsa,

58 1125 124 1175 etiam
134 1127 214 1178 habito
228 1129 335 1189 respectu
350 1125 460 1176 adfinem
477 1140 546 1188 quem
558 1124 603 1175 sihi
616 1123 760 1187 praestituunt
775 1140 781 1172 :
796 1127 857 1188 quod

58 1196 144 1256 quidem
156 1213 204 1249 non
217 1199 245 1247 lit
256 1197 302 1247 nisi
310 1212 352 1261 per
363 1197 475 1247 rationem
486 1201 510 1248 et
520 1197 672 1259 intellectum,
684 1196 752 1259 cujus
762 1201 796 1247 est
806 1211 858 1260 eog-

57 1280 145 1320 noscere
152 1269 329 1334 proportionem
336 1269 397 1332 finis,
409 1273 434 1318 el
446 1269 498 1332 ejus
508 1269 569 1333 qumi
580 1268 653 1317 estad
663 1267 742 1330 linem,
755 1272 779 1317 et
788 1281 858 1318 unum

56 1339 188 1391 ordinarein
200 1341 308 1391 alterum.
322 1341 387 1390 Unde
394 1340 518 1403 perfectior
529 1340 611 1388 modus
621 1337 715 1388 vivendi
730 1343 765 1388 est
781 1353 858 1389 eorum

54 1424 100 1470 one
114 1414 203 1464 hahent
215 1412 373 1475 intellectum,
391 1412 440 1461 haec
454 1412 516 1461 enim
529 1408 656 1476 periectiirs
671 1414 764 1459 movent
775 1410 858 1473 seipsa.

53 1483 77 1529 Et
90 1484 160 1548 hujus
180 1488 217 1534 est
231 1483 342 1547 signnm,
361 1482 421 1546 qnhci
436 1482 461 1531 in
477 1496 524 1532 rrno
544 1485 567 1530 ct
585 1481 665 1531 codem
683 1479 774 1531 homino
788 1481 861 1529 uirtus

53 1553 191 1606 intellectiva
205 1558 284 1605 moret
300 1552 415 1618 potentias
430 1553 567 1616 sensitiuas,
584 1555 607 1602 et
621 1552 730 1616 potentia
744 1551 860 1602 sensitiva

52 1638 94 1684 per
106 1638 171 1676 snum
181 1625 309 1690 imperium
319 1627 414 1676 mouent
429 1637 514 1686 organa
530 1638 581 1689 quae
594 1628 736 1689 exequuntur
750 1626 838 1673 motum
852 1637 858 1671 :

51 1696 109 1746 sicut
117 1697 188 1748 etiam
197 1695 321 1746 inertibus
334 1695 439 1746 videmus
449 1695 556 1759 qnhd‘ars
572 1695 600 1745 ad
615 1709 682 1760 quam
693 1695 794 1758 pertinet
805 1708 859 1744 usus
874 1699 876 1706 “

54 1768 115 1817 naris
124 1769 233 1834 (scilicet
243 1781 282 1817 ars
292 1766 482 1830 gubernatoris),
493 1765 600 1831 praecipit
613 1766 635 1816 ei
649 1780 699 1830 qnae
712 1766 800 1817 inducit
814 1766 860 1815 ior·
878 1785 881 1794 τ

51 1852 110 1887 ruam
119 1840 202 1903 nauis,
218 1843 243 1888 et
252 1840 303 1889 hoc
317 1837 424 1901 praecipit
433 1837 468 1886 illi
488 1853 539 1902 quae
552 1839 623 1888 hahet
638 1838 797 1887 executionem
809 1842 861 1887 tan-

51 1908 98 1957 thm
109 1909 135 1960 iu
149 1910 296 1975 disponendo
311 1909 442 1958 materiam.

79 1981 125 2032 Sed
141 1981 252 2046 wamiis
264 1980 396 2030 intellectus
414 1983 491 2029 noster
510 1979 539 2028 ad
557 1978 633 2041 aliqua
654 1993 678 2028 se
696 1981 763 2040 agat,
783 1980 859 2026 tamen

49 2053 124 2114 aliqua
135 2057 194 2103 sunt
203 2051 227 2102 ei
236 2051 363 2115 praestituta
374 2050 388 2100 l
398 2055 495 2111 natura3
512 2049 571 2098 sicut
585 2051 640 2098 sunt
650 2049 724 2112 prima
738 2045 859 2112 principia,

47 2124 107 2173 circa
120 2139 177 2188 qnae
191 2137 241 2174 non
253 2126 330 2186 potest
340 2122 406 2172 aliter
417 2135 441 2172 se
454 2122 555 2183 hahere,
567 2124 591 2170 et
604 2120 698 2169 ultimus
711 2119 777 2181 linis,
792 2131 860 2182 quern

46 2208 89 2243 non
104 2200 187 2259 potest
201 2207 250 2245 non
256 2193 407 2255 vellelinde,
416 2192 470 2242 licit
477 2197 590 2255 qnantum
597 2193 625 2242 ad
633 2191 717 2254 aliquid
726 2194 817 2241 moveat
823 2204 857 2254 se,

47 2276 126 2316 tamen
141 2268 240 2330 oportet
252 2264 313 2329 quod
323 2268 435 2329 qnantum
449 2265 478 2314 ad
492 2264 567 2327 aliqua
580 2262 793 2313 ahaliomoveatur.
803 2263 861 2311 hlud

45 2339 124 2404 igitur,
140 2339 214 2403 cnjus
228 2351 269 2388 sua
287 2341 369 2387 natura
382 2339 417 2386 cst
433 2335 508 2400 ipsum
522 2335 573 2399 ejus
587 2334 743 2399 intellc'pere,
760 2335 826 2385 etcui
838 2335 861 2384 id

43 2414 103 2472 quod
115 2409 262 2461 naturaliter
272 2409 343 2458 hebet
357 2421 404 2458 non
415 2407 580 2457 determinatur
594 2407 622 2456 ah
636 2405 692 2469 alin,
701 2407 746 2456 hoc
756 2411 791 2456 est
801 2407 862 2470 quod

44 2484 134 2535 munet
148 2494 270 2532 summum
283 2479 379 2542 gradum
388 2477 452 2530 uitae.
464 2479 518 2529 Tale
532 2481 608 2528 autem
623 2480 657 2526 est
667 2477 727 2528 Deus
739 2492 744 2527 ε
756 2478 817 2528 unde
836 2477 862 2528 iu

44 2553 88 2605 luo
107 2551 218 2603 maxime
230 2555 266 2601 est
279 2551 337 2601 uita.
351 2550 416 2601 Unde
427 2549 579 2612 Philosophus
595 2547 620 2597 in
630 2548 671 2598 illl
677 2585 686 2611 ,
696 2549 805 2612 Metoph.
818 2549 861 2613 (lt,

75 2681 108 2741 ti)
126 2681 258 2737 colligitur
270 2692 299 2723 ex
312 2683 369 2722 text.
385 2676 428 2732 51,
442 2679 489 2722 sive
505 2689 556 2733 cap.
576 2675 600 2733 9,
621 2675 672 2719 crim
685 2675 713 2720 de
731 2675 861 2731 cognitione

45 2747 82 2789 leci
96 2749 225 2803 ageretur.
238 2741 363 2798 Appendix
374 2746 451 2785 autern
464 2751 565 2796 sequens
579 2737 692 2794 colligitur
705 2750 732 2781 ex
744 2743 800 2782 tert.
815 2737 859 2792 lo,

42 2811 94 2850 sire
107 2808 134 2865 e,
147 2805 234 2861 capite
247 2804 302 2847 iihri
317 2803 346 2860 9,
361 2804 397 2847 vei
411 2815 463 2858 cap.
484 2802 508 2860 8,
523 2802 660 2858 graeco-let„
680 2807 732 2857 post
745 2800 859 2850 medium

42 2871 86 2912 uhi
102 2868 208 2924 proinde
222 2865 368 2911 concluditur
381 2859 444 2921 quon
455 2864 574 2909 aedificatio
588 2867 624 2908 est
634 2862 657 2916 ip
674 2862 784 2907 aedificato
796 2895 801 2918 ,
815 2873 860 2904 non

44 2947 67 2976 cn
83 2944 116 2978 eo
128 2931 176 2990 qui
193 2927 312 2980 aediiicut3
328 2927 470 2972 econtrario
489 2933 565 2971 autem
587 2925 644 2969 visio
659 2925 682 2969 in
696 2925 799 2981 uidente,
815 2934 860 2966 non

44 3013 67 3040 rn
81 3011 108 3041 re
120 2992 179 3040 sis&
190 3026 197 3051 ,
210 2991 278 3036 etsie
291 2990 319 3034 cle
334 2988 455 3034 similibus.
