1992 3342
240 268 271 304 ns
287 267 353 305 uono
368 266 522 305 doomonte
537 266 669 308 mauors.
810 261 856 309 uos

17 386 18 391 ,
87 350 110 395 s.
134 342 258 409 emuna,
272 344 399 408 intelligere
417 348 453 395 est
473 347 549 396 motus
565 346 664 411 quidum.
683 346 764 397 Nudus
781 351 857 399 nutem

52 420 131 468 motus
146 414 279 467 terminetur
298 417 327 467 ed
344 416 446 468 diversos
463 416 573 468 terminos
591 434 597 466 :
613 430 669 482 ergo
681 431 728 470 non
746 419 857 483 contingit

53 490 124 539 simul
137 489 209 538 mults
221 488 355 553 intelligere.

86 560 133 611 Sed
146 563 225 609 contra
239 563 287 621 est,
300 560 360 623 quod
375 558 432 611 dicit
448 560 600 625 Augustinus,
614 561 654 610 lV.
669 562 752 626 Super
771 563 855 614 seme.

52 632 91 682 od
105 632 147 681 tet.
170 647 178 680 :
194 647 208 678 ιι
218 632 325 682 Potentia
340 632 464 697 spiritualis
484 632 568 683 mentis
583 633 692 697 angelice
706 638 789 685 cuneta
806 648 858 700 quer

14 762 16 767 s
51 703 165 763 voluerit,
180 702 286 755 luddimd
301 703 368 755 simul
379 704 561 769 comprehcndit.
572 720 586 752 o

13 780 15 837 g
89 775 285 840 (Cononusro.-
295 777 440 839 cognoscunt
453 776 530 841 angeli
539 776 617 827 omnia
628 776 696 827 simul
708 777 733 826 in
747 778 820 829 Verbo
832 780 858 829 ct

13 852 14 855 ’
53 860 196 913 quoscunque
209 860 251 911 per
260 860 329 898 unum
341 848 441 913 speciem
453 848 612 913 representari
627 852 736 913 possunt3
748 862 794 900 non
804 863 857 913 poe

16 966 18 973 ,
54 922 111 969 sunt
128 922 203 969 eutem
220 917 288 969 simul
301 918 377 971 omniu
387 930 526 984 cognoscere
539 934 590 984 quo
600 931 642 985 per
654 919 755 971 disemus
767 921 856 985 specius

12 1044 14 1059 ἲ
54 990 147 1040 innatas
162 989 378 1055 representantur.)
477 997 481 1005 ¹

12 1068 15 1121 J
88 1062 224 1127 Respondeo
240 1062 376 1125 dicendum,
392 1063 452 1127 qubd
464 1063 524 1114 sicut
534 1064 561 1114 ad
570 1064 680 1115 unitutem
694 1063 769 1115 mobis
783 1066 858 1129 requi-

11 1126 15 1149 ·“
53 1134 113 1185 nitur
127 1135 203 1185 unitus
222 1135 326 1197 termini,
347 1136 379 1186 itu
398 1137 426 1187 ad
449 1137 561 1188 unitatem
582 1136 718 1201 operationis
739 1136 859 1200 requiritur

54 1207 135 1258 unitas
149 1207 241 1270 objecti.
258 1207 376 1271 Contingit
391 1212 467 1259 autem
488 1208 566 1273 alique
584 1208 658 1273 decipi
676 1208 781 1273 utpium
798 1213 821 1259 ct
834 1214 860 1261 ut

55 1293 144 1339 unum,
157 1280 214 1330 sicut
228 1283 304 1345 pentes
322 1280 420 1343 alicuius
434 1280 545 1332 continui.
558 1281 581 1332 Si
593 1280 654 1330 enim
667 1294 807 1345 unaquoque
818 1296 859 1345 per

11 1402 14 1412 ,
55 1366 83 1402 se
97 1351 235 1416 accipiatur,
246 1353 323 1416 plures
333 1356 399 1416 sunt3
413 1353 473 1403 unde
484 1366 530 1403 non
540 1347 587 1403 und
596 1353 729 1417 operatione
738 1366 782 1403 nec
791 1352 860 1403 simut

9 1478 12 1487 ,
54 1422 200 1486 :recipiuntur
209 1437 250 1489 per
268 1436 360 1475 sensum
377 1428 401 1475 ct
413 1423 559 1475 intellectum.
573 1424 623 1475 llio
636 1424 704 1476 modo
719 1423 860 1489 accipiuntur

8 1488 12 1515 ”
55 1493 184 1546 secuudbm
198 1494 259 1559 qubd
269 1500 323 1547 sunt
333 1510 405 1545 unum
419 1496 443 1546 in
454 1500 516 1561 blo,
526 1500 549 1546 ct
564 1496 598 1546 sic
611 1496 711 1547 simulet
722 1494 768 1547 und
780 1508 859 1560 opera-

56 1567 120 1619 ticine
129 1570 358 1631 cognoscuntur,tam
366 1581 408 1632 per
417 1580 511 1619 sensum
520 1567 587 1633 quim
596 1581 638 1632 per
645 1566 860 1630 intellectum3dnm

7 1658 8 1661 ¹
54 1636 131 1691 totum
140 1638 273 1692 continuum
283 1638 448 1704 consideretur,
460 1643 485 1690 ut
497 1638 579 1691 dicitur
590 1640 615 1691 in
624 1641 663 1690 llt.
673 1639 709 1691 De
718 1641 806 1690 ocimo
815 1638 859 1703 ll).

7 1696 11 1733 ἶ
54 1712 86 1761 Et
102 1708 136 1760 sic
155 1710 224 1761 etiam
241 1710 369 1763 intellectus
386 1716 465 1763 noster
483 1712 552 1763 simul
569 1712 677 1775 inteligit
696 1713 823 1777 subjectum
837 1714 861 1763 et

53 1782 217 1848 predicatum,
232 1785 299 1847 prout
317 1786 372 1834 sunt
388 1787 464 1848 partes
487 1782 557 1834 unius
579 1783 757 1849 propositionis,
775 1786 799 1833 et
815 1784 861 1834 duo

55 1858 201 1919 comparata,
216 1854 341 1905 secunddm
351 1855 411 1920 qubd
425 1855 564 1907 conueniunt
579 1856 663 1905 inune
676 1856 858 1921 mnpamtione.

54 1926 91 1976 Ex
104 1939 149 1989 quo
163 1930 226 1990 petet
239 1926 298 1991 qudd
315 1929 387 1978 multe
400 1927 526 1979 secundlrm
538 1926 601 1991 qubd
613 1934 667 1978 sunt
678 1927 784 1979 distinctu
794 1966 801 1988 ‚
813 1941 860 1978 non

53 2001 153 2065 possunt
166 1998 235 2049 simul
248 1998 361 2063 intelligi;
376 2000 416 2051 sed
430 1998 555 2049 secundum
573 1997 635 2063 qubd
650 1998 761 2049 uniuntur
775 1998 800 2049 in
814 2012 860 2049 uno

53 2068 208 2134 intelligibili,
223 2070 256 2120 sic
271 2070 337 2121 simul
351 2069 518 2133 intelliguntur.
536 2072 715 2135 Unumquodque
730 2074 806 2122 numm
823 2075 861 2122 cst

55 2139 199 2205 intelligibile
212 2135 237 2191 in
248 2145 300 2192 uctu
315 2141 438 2196 secundum
456 2142 517 2207 qubd
527 2143 579 2207 ejus
595 2143 719 2196 similitudo
737 2146 773 2193 est
785 2143 809 2192 in
823 2142 860 2192 in·

55 2214 157 2263 tellectu.
168 2214 312 2277 Quocunque
325 2213 394 2278 igitur
402 2227 443 2278 per
453 2227 522 2263 unam
531 2214 632 2279 speciem
642 2214 809 2278 intelligibilem
824 2228 860 2265 co

55 2284 264 2349 gnoscipossuut,
282 2291 448 2349 cognoscuntur
467 2289 493 2335 ut
509 2299 579 2335 unum
600 2285 754 2350 intelligibile,
772 2289 796 2337 et
809 2286 861 2339 ideo

55 2355 126 2407 simul
135 2360 308 2421 cognoscuntur.
319 2358 374 2417 Ques
382 2358 439 2410 verb
447 2372 488 2423 per
498 2358 599 2408 diversas
607 2357 697 2424 specics
706 2357 861 2420 intelligibiles

55 2431 231 2493 «cognoscuntur,
241 2432 266 2479 ut
280 2429 369 2481 diverse
385 2429 538 2495 intelligibilia
555 2430 683 2494 capiuntur.
698 2428 861 2494 impetigine

56 2500 86 2553 ed
97 2500 229 2564 cognitione
241 2514 287 2567 qua
299 2505 440 2567 cognoscunt
453 2516 493 2567 per
508 2502 621 2565 Verbum,
634 2500 710 2551 omnia
720 2504 862 2564 cognoscunt

56 2570 104 2623 und
115 2571 253 2637 intelligibili
265 2572 353 2639 specie,
368 2588 419 2637 qnce
431 2577 465 2625 est
479 2574 579 2624 essentia
590 2572 681 2636 divinn3
695 2576 718 2623 et
726 2571 777 2623 ideo
788 2585 862 2636 qusn-

56 2648 109 2695 tum
123 2644 151 2695 ud
162 2646 231 2695 telem
241 2645 394 2709 cognitionem
404 2645 481 2696 omniu
492 2645 559 2695 simul
570 2647 724 2708 cognoscunt,
734 2642 792 2693 sicut
803 2648 827 2693 et
835 2644 862 2693 in

57 2716 133 2783 patria
152 2734 166 2767 o
180 2730 227 2769 non
245 2720 312 2769 eruut
332 2718 443 2769 volubiles
458 2722 542 2769 nostre
558 2715 707 2781 cogitationes
725 2716 753 2766 ab
772 2713 822 2765 aliis
837 2715 862 2764 in

94 2878 127 2942 (1)
141 2881 261 2940 Colligitur
274 2894 303 2928 ex
322 2886 386 2929 textu
398 2880 444 2940 23,
461 2894 488 2928 nc
506 2882 630 2941 deinceps,
645 2882 686 2927 ubi
705 2880 788 2925 dicitur
807 2879 863 2924 nibil
917 2854 921 2862 ⁴

58 2946 183 3005 probibere
196 2944 257 3003 qubd
274 2944 326 2991 cium
336 2944 471 3003 intelligitur
482 2945 610 3007 longitudo,
623 2942 779 2993 indivisibile
793 2940 863 2989 intel·

60 3005 479 3070 ‹ligetur-quodinlongitudineipsd
489 3009 559 3058 inest.
710 3032 713 3037 ·

953 3172 960 3190 b
