1992 3342
215 201 245 238 os
261 199 405 238 mancusos
420 197 519 236 ιιιιιτιι
534 197 615 243 onorn
630 195 736 236 coortu.
824 186 870 234 ste

72 277 223 330 titudinem
239 275 315 326 Primo
326 275 415 338 qudem
433 275 501 326 modo
514 287 561 325 non
573 275 650 338 potuit
660 275 769 338 appetere
782 284 833 322 asse
845 274 872 321 ut

72 350 150 410 Deus,
164 347 216 410 qnia
224 346 292 398 scivit
300 348 344 398 lroc
354 359 405 396 esse
415 345 556 410 impossibile
565 345 662 396 naturali
670 343 813 406 cognitioue3
826 355 872 393 uec

72 419 174 486 primnrn
185 423 260 468 ectum
269 417 378 482 peccandi
386 418 410 468 in
421 419 470 482 ipso
477 417 637 482 praecesdtrel
644 416 736 467 habitus
747 415 786 465 uel
795 415 872 478 passio

73 491 149 556 ligans
163 489 340 552 cognoscitivam
357 488 431 552 ipsios
451 487 574 551 muntem,
590 492 616 538 ut
627 488 652 538 in
666 486 796 552 particulari
811 486 872 537 dcit-

74 561 151 624 cicns2
166 560 261 623 eligeret
271 559 421 624 impossibile,
431 559 490 610 sicut
503 559 529 610 in
542 559 606 610 nobis
615 559 726 609 interdum
736 557 827 609 accidit.
841 558 872 606 st

73 633 129 682 dato
139 629 199 694 qnid
209 634 269 681 esset
279 629 393 694 possibile,
401 632 445 680 hoc
455 633 517 680 esset
526 634 606 681 contra
614 628 871 680 naturaledesideriurn.

73 703 139 754 Inest
157 701 220 752 *euim
239 701 360 764 uuicuique
381 703 482 752 naturale
495 699 630 752 desiderium
650 703 678 751 ad
692 701 872 751 conservandum

74 787 143 824 suurn
155 787 214 834 eure,
229 773 289 835 quod
302 785 348 822 nou
361 776 533 822 conservaretur
542 771 564 822 si
573 775 760 822 transmutaretur
777 771 803 822 in
815 772 873 822 alte-

73 857 124 894 ram
137 845 248 894 naturam.
264 843 328 894 Unde
343 845 406 894 nulla
421 857 456 894 res
471 855 523 906 qum
540 846 577 892 est
590 843 617 892 iu
628 842 730 893 inferiori
746 844 817 906 produ
831 856 873 894 na·

73 917 142 968 turae.
156 917 233 978 potest
245 920 351 979 appetere
366 913 488 978 superioris
501 917 589 965 nutura
603 915 704 976 undum,
719 915 780 964 sicut
792 914 871 964 asinus

73 1001 123 1038 non
134 987 224 1051 appetit
236 1001 286 1038 esse
300 1001 386 1051 equus3
399 987 451 1051 qnia
465 987 485 1037 si
497 987 657 1038 transferretur
669 986 694 1035 iu
704 988 797 1050 gradmn
807 1000 874 1051 supe

70 1057 141 1110 rionis
153 1063 246 1119 natura,
256 1060 303 1124 jam
318 1059 369 1122 ipsa
380 1071 426 1109 non
441 1061 512 1109 essct.
521 1059 565 1109 Sed
575 1058 601 1108 in
611 1059 655 1108 hoc
668 1058 801 1121 imaginatio
810 1059 873 1109 deci-

70 1129 145 1195 pitur.
159 1129 215 1188 Quia
231 1131 291 1180 enlm
307 1131 375 1181 homo
388 1129 475 1194 appetit
490 1143 540 1181 esse
553 1128 579 1179 in
591 1129 667 1179 altiori
679 1129 751 1192 gradu
763 1133 875 1193 quantum

73 1202 104 1252 ad
113 1201 189 1265 aliqua
202 1200 351 1252 accidentalia
358 1215 409 1264 quae
418 1203 514 1264 possunt
525 1213 627 1251 crescere
637 1201 721 1263 absque
730 1200 874 1264 corruptione

36 1271 39 1276 ’
74 1271 186 1336 subjecti,
201 1272 326 1322 estimatur
338 1271 400 1335 dudd
410 1271 482 1336 possit
495 1275 604 1336 appetere
616 1270 720 1320 altiorem
731 1272 824 1334 gradum
833 1285 875 1321 na·

73 1347 147 1406 torae,
162 1343 186 1393 in
199 1357 267 1408 quern
279 1342 398 1407 peruenire
411 1357 456 1394 uon
466 1345 556 1406 posset,
567 1341 611 1392 nisi
623 1355 674 1392 esse
688 1342 812 1392 desineret.
826 1343 875 1393 lla-

74 1415 186 1465 niicstnm
195 1418 230 1466 cst
242 1419 316 1465 auum
325 1414 385 1478 qndd
396 1416 454 1467 Dens
467 1413 557 1464 excedit
565 1414 681 1477 angelum,
694 1413 875 1465 nousecunddm

73 1485 152 1550 aliqua
165 1485 328 1544 accidentalia,
347 1486 388 1536 sed
402 1485 526 1536 secundirm
542 1486 635 1548 gradum
649 1488 751 1548 nature;
770 1487 793 1537 ct
805 1485 875 1553 etiam

73 1571 137 1607 unus
152 1557 245 1621 angelus
260 1555 344 1607 alium:
357 1557 417 1608 unde
430 1555 572 1621 impossihile
587 1560 623 1607 ast
632 1555 693 1619 qudd
709 1571 770 1606 unus
780 1558 876 1620 augelus

73 1627 170 1679 interior
182 1631 274 1692 appetat
292 1642 342 1679 esse
356 1628 450 1692 equalis
468 1626 595 1693 superiori,
608 1629 691 1678 nedum
712 1627 772 1691 qudd
783 1631 876 1693 appetat

76 1711 129 1750 esse
143 1699 236 1763 aqualis
252 1702 307 1750 ilco

109 1775 221 1836 appetere
238 1775 313 1823 autem
332 1785 381 1824 esse
397 1775 424 1822 ut
436 1773 495 1823 Deus
512 1785 553 1837 per
566 1770 752 1833 militudinem,
765 1770 877 1836 contingit

78 1843 217 1908 dupliciter:
232 1857 277 1894 uno
288 1845 355 1895 modo
363 1847 470 1909 quantum
483 1843 545 1894 adid
561 1845 586 1894 iu
594 1858 639 1908 quo
652 1842 736 1908 aliquid
749 1848 827 1893 uatum
841 1847 877 1894 est

76 1917 125 1966 Deo
138 1914 267 1967 assimilari.
279 1915 307 1964 lit
321 1916 362 1979 sic,
377 1915 396 1966 si
411 1915 492 1978 siquis
506 1918 614 1978 quantum
626 1915 654 1964 ad
664 1914 709 1964 lroc
721 1916 813 1978 appetat
825 1926 876 1965 esse

76 1987 125 2036 lieo
138 1984 231 2048 similis,
248 1999 294 2036 non
310 1989 399 2050 peccat,
416 1985 537 2036 dummodo
553 1983 723 2035 similitudinem
744 1984 784 2034 llei
798 1984 876 2036 dedito

77 2057 157 2108 ordine
169 2061 260 2120 appetat
274 2057 381 2122 adipisci,
396 2061 421 2106 ut
433 2055 520 2108 scilicet
535 2070 585 2106 eam
596 2056 609 2106 a
619 2057 665 2106 lleo
681 2056 772 2107 lrabeat.
784 2055 808 2105 Si
824 2055 876 2119 quis

76 2133 154 2178 autem
171 2130 288 2192 appeteret
300 2127 422 2180 secuuddm
435 2127 549 2193 justitium
570 2141 621 2178 esse
635 2125 714 2178 smilis
727 2128 788 2190 Deo,
808 2127 876 2192 quad

77 2200 169 2266 propria
178 2199 262 2250 simule
273 2203 296 2251 et
307 2213 352 2252 non
367 2213 396 2249 ex
405 2199 487 2250 doute
498 2198 539 2263 llei
544 2237 553 2263 ,
562 2201 675 2262 peccaret.
687 2198 737 2248 Alio
745 2197 799 2252 rerd
809 2200 876 2250 modo

76 2272 156 2336 potest
168 2269 247 2334 aliquis
264 2274 370 2334 appetere
383 2269 464 2320 smilis
478 2283 530 2320 esse
548 2271 606 2334 ileo,
626 2268 736 2334 mantum
750 2271 778 2320 ad
793 2271 837 2321 hoo
850 2271 876 2320 in

75 2355 123 2408 quo
137 2355 182 2392 non
199 2345 267 2392 natus
283 2347 319 2392 est
336 2340 470 2406 assimilari3
491 2341 551 2392 siem
566 2341 586 2392 si
602 2342 653 2405 quis
669 2343 787 2406 appeteret
799 2356 876 2397 creare

76 2413 159 2462 caelum
178 2415 202 2462 et
222 2416 319 2474 terram,
337 2413 396 2476 quod
411 2415 446 2462 est
458 2412 574 2477 proprium
592 2412 632 2463 ilci
649 2413 695 2462 :in
711 2425 757 2475 quo
771 2415 874 2477 appetitu

77 2487 140 2534 essct
156 2489 282 2547 peccalum.
295 2485 324 2534 El
333 2485 377 2534 lroc
395 2483 460 2533 modo
474 2483 578 2533 diabolus
591 2482 688 2547 appetiit
701 2497 751 2534 esse
764 2487 874 2548 miluus,

78 2569 127 2606 non
140 2559 166 2604 ut
179 2555 201 2604 ei
211 2554 371 2605 assimilaretur
382 2557 491 2619 quantum
506 2555 534 2603 ad
544 2554 588 2603 lroc
598 2553 657 2617 qudd
670 2558 706 2605 est
718 2555 774 2606 nulli
785 2559 877 2608 subesse

80 2624 226 2689 simpliciter3
237 2626 291 2689 quia
304 2625 337 2676 sic
349 2639 413 2676 suum
425 2639 472 2674 nou
483 2639 534 2674 esse
544 2628 674 2689 appeteret,
682 2624 732 2676 adm
741 2627 803 2677 nulla
812 2641 876 2681 erea-

78 2700 131 2746 tura
147 2709 198 2746 csse
211 2696 283 2759 possit
296 2695 341 2746 nisi
359 2707 400 2759 per
413 2697 456 2746 hoc
467 2695 527 2759 qudd
540 2695 583 2746 sub
600 2697 646 2746 lleo
659 2711 710 2746 erce
726 2697 849 2762 participat
866 2714 874 2748 :

79 2768 119 2818 sed
138 2767 163 2816 in
178 2768 221 2818 hoc
237 2766 334 2831 appetiit
345 2765 445 2824 indebiti
455 2781 506 2818 esse
521 2766 603 2818 similis
613 2769 669 2831 ilco,
682 2768 841 2832 quiuappetiit
850 2772 877 2820 ut

79 2837 148 2890 tinem
161 2835 266 2888 ultimum
276 2836 423 2889 testitudinis
436 2838 457 2888 id
471 2839 499 2888 ad
511 2839 572 2902 quod
584 2838 668 2890 uirtute
679 2853 726 2892 suae
739 2843 825 2890 uatus
835 2853 876 2904 po

79 2912 138 2960 terat
148 2907 277 2974 pervenire,
290 2911 395 2960 ereneus
404 2923 471 2960 suum
479 2909 606 2974 appetitum
620 2909 783 2961 lbeadtudiue
796 2923 877 2975 ιιιιοι·
