1992 3342
112 220 158 267 tte
309 227 370 265 rans
382 228 407 276 r,
420 226 513 272 oum.
527 226 609 277 amr,
624 226 680 267 aar.
697 228 716 264 ι.

111 306 176 356 ιιίιιι
187 305 275 355 entium
286 303 437 369 peraptum,
448 306 473 354 et
483 305 528 353 hoc
541 302 690 354 mandamento
701 303 738 355 nsi
753 318 829 355 snmus
842 304 911 369 supr'a

111 376 327 430 inconsideratione
337 376 387 425 llei.
397 375 474 426 Virtam
487 378 564 426 eumue
574 376 676 427 creatm
686 376 728 427 llei
738 380 773 427 est
788 378 913 434 ιοιιιιιιιιιι

111 450 153 501 toli
166 448 270 499 Tmuilad
281 464 286 497 :
299 447 361 497 umde
372 446 472 510 pertinet
481 448 510 497 ed
520 446 633 498 undalum
644 447 749 499 essentia
758 486 766 511 ,
774 462 821 499 nou
829 449 860 499 ad
869 450 914 501 dis-

110 521 244 574 tinctionem
252 531 409 583 personanuu.
418 518 583 570 Perrationern
590 518 659 581 igitur
666 520 795 571 naturalem
805 522 914 583 cognosm

110 596 205 657 possunt
215 593 243 642 de
252 593 298 642 dec
309 604 337 642 ea
346 605 398 656 quae
408 591 525 655 portinent
540 592 568 641 ad
578 589 748 641 distinctionem
755 606 913 656 personarum.

140 664 185 723 Qui
196 667 274 713 auum
289 664 385 727 probare
407 662 487 713 nititur
502 662 628 716 trinitatem
649 676 796 726 personarum
815 664 916 717 aemuli
989 684 990 709 ;

108 736 210 800 ratione,
227 735 282 786 lidei
297 736 416 800 dupliciter
426 736 528 797 derogat.
542 734 619 785 Primd
634 734 726 799 quidem
733 772 742 798 ,
760 739 871 800 qnantum
884 738 915 789 ad
989 748 990 769 ι

109 808 243 871 dignitatem
255 807 327 871 ipsius
340 805 406 870 fidei,
424 820 478 869 que
486 809 522 857 eat
533 810 559 855 nt
572 806 602 857 sit
615 807 643 857 de
658 806 727 857 rebus
740 806 913 871 invisibilibus,
989 824 990 847 t

109 895 159 945 qun
178 881 290 931 rationem
307 882 432 930 humanam
451 880 571 929 excedunt.
587 878 651 929 Unde
667 878 787 941 aposlum
806 878 862 929 dicit
885 882 915 932 ad

109 952 184 1004 Hedr,
194 954 215 1004 ll
222 991 231 1017 ,
245 952 306 1017 qudd
316 970 330 1001 u
340 952 397 1003 fldes
406 954 444 1003 est
454 951 539 1002 deuon
548 950 725 1016 apparentibus3
736 967 752 999 n
759 954 783 1001 et
792 952 915 1015 apestolus

108 1022 178 1087 dicit,
189 1026 207 1074 l.
219 1029 274 1073 cor.
289 1025 320 1087 ll,
335 1038 387 1087 cap.
398 1027 430 1072 1:
447 1022 613 1087 «Sapientiam
623 1022 737 1086 loquimur
748 1021 809 1073 inter
823 1026 916 1087 perlec-
989 1070 990 1087 ,

107 1098 158 1158 tos,
171 1095 307 1160 sapientiam
314 1094 369 1146 reid
381 1094 503 1157 nonhnjm
513 1094 601 1157 saculi,
611 1106 686 1157 neone
696 1092 835 1159 principium
843 1097 917 1163 hujus

108 1167 197 1230 secum
212 1169 253 1219 sed
264 1166 378 1231 loquimur
388 1166 430 1217 liei
439 1165 575 1229 sapientiam
584 1165 612 1215 in
622 1165 742 1229 mysterio,
749 1180 801 1229 qua
812 1171 851 1217 est
861 1169 916 1221 ats-
989 1196 990 1209 r

107 1238 205 1289 condita.
219 1257 234 1285 n
253 1237 540 1301 secmdt,quant1mad
558 1236 681 1289 utilitatem
690 1237 796 1289 tmhendi
811 1238 870 1290 alios
884 1242 915 1291 ad
989 1221 990 1243 ¹

107 1311 184 1361 fidem.
199 1310 256 1362 Ciam
267 1310 329 1362 enim
339 1309 420 1373 eliqois
433 1310 462 1360 ad
475 1308 616 1374 probandam
630 1308 697 1360 fidem
710 1308 798 1359 inducit
811 1310 915 1363 rationes
989 1356 990 1373 ἶ

107 1397 158 1445 qun
171 1397 218 1434 non
231 1387 285 1435 sunt
297 1386 415 1446 cogentes,
430 1380 492 1432 cedit
509 1380 534 1432 in
552 1380 679 1433 irrisionem
696 1380 824 1431 infidelium
842 1398 847 1430 :
864 1398 914 1434 cre-
989 1410 990 1431 2

106 1456 163 1506 daut
178 1455 241 1505 onim
254 1454 314 1519 quod
331 1453 463 1517 hujusmodi
475 1451 602 1503 rationibus
615 1452 759 1516 mnitamur,
772 1457 796 1503 el
817 1460 913 1519 propter

106 1540 146 1577 eas
158 1528 285 1577 credamus.
304 1527 359 1584 Quae
378 1524 448 1587 igitur
461 1523 516 1574 fidei
527 1528 596 1587 suut,
611 1537 658 1575 nou
669 1527 724 1575 sunl
736 1526 848 1575 tentanda
859 1541 913 1590 pro-

106 1598 156 1649 bari
168 1598 212 1649 nisi
225 1612 266 1661 per
277 1596 425 1647 authoritates
434 1595 473 1647 his
480 1596 520 1659 qui
532 1596 682 1647 authoritates
696 1594 839 1659 suscipinut3
850 1600 912 1661 apud

104 1669 161 1719 alios
170 1669 233 1731 reri,
241 1668 324 1719 suflicit
330 1668 453 1718 defendere
464 1681 512 1718 non
521 1681 572 1719 esse
580 1666 720 1731 impossihile
728 1668 793 1751 quod
799 1670 912 1731 predicat

106 1739 169 1789 fides.
186 1740 249 1789 llnde
263 1737 467 1803 Dionysiusdicil,
484 1741 515 1789 ll
534 1752 584 1803 cap.
603 1738 707 1789 Dedin.
721 1740 843 1789 ιιιιιιιίι..ί
859 1760 874 1789 u
890 1742 914 1791 Si
989 1752 990 1765 ¹

105 1811 187 1875 aliquis
198 1816 233 1862 cst
244 1826 286 1875 qur
278 1810 397 1863 totaliter
407 1812 520 1885 eloquiis
514 1812 600 1865 resistit
600 1809 684 1875 ,louge
693 1810 738 1861 erit
747 1808 760 1859 i
768 1814 847 1863 nostra
856 1814 911 1877 phi-
989 1858 990 1863 ,

104 1884 216 1949 losophia3
226 1885 247 1935 si
257 1888 334 1935 autern
344 1884 374 1934 ad
385 1885 506 1935 teutatem
518 1867 662 1949 eloquiorum
672 1881 769 1947 (scilicet
779 1883 910 1949 motorum)

105 1956 210 2021 respicit,
224 1959 269 2008 hoc
281 1961 305 2008 et
317 1971 360 2008 uos
370 1970 458 2007 cauom
467 1957 563 2007 utimur.
575 1973 589 2003 a

136 2030 171 2081 td
188 2028 286 2093 primm
305 2029 441 2092 dicendum,
454 2028 514 2092 qudo
533 2028 665 2093 philosophi
685 2042 732 2079 nou
752 2034 911 2091 cognorerunt

105 2101 239 2165 mysterium
251 2100 369 2153 Trinitatis
381 2100 510 2151 diriuamm
523 2114 671 2166 personarum
683 2112 729 2164 per
738 2100 832 2165 propria
844 2102 909 2167 (que
989 2154 990 2161 ,

104 2176 158 2222 sunt
166 2172 304 2236 paterniter,
315 2172 395 2223 filiatio
404 2174 428 2221 et
438 2168 584 2237 processio),
595 2170 720 2223 secundum
731 2169 787 2220 illud
796 2171 908 2236 apostoli,
989 2174 990 2193 l

104 2244 124 2293 l.
136 2244 172 2293 nd
186 2246 246 2295 Cor.
258 2245 279 2295 ll
289 2260 294 2293 :
306 2242 504 2307 eloquimurllei
512 2243 657 2307 sapientiam,
665 2254 733 2307 quam
744 2255 812 2293 nemo
821 2242 909 2307 princi·

104 2315 238 2379 punrlrujus
248 2314 446 2378 seculi‘cognouit
454 2315 519 2379 »lid
527 2317 564 2365 est
573 2314 906 2379 philosophorum,secimdi1nr

104 2386 231 2450 Glossam).
244 2390 401 2449 coguovemnt
420 2390 497 2436 tamen
516 2388 620 2451 quedam
634 2386 764 2439 essentialia
782 2386 906 2451 attributa,
989 2397 990 2419 ¹

103 2471 154 2519 quea
165 2458 338 2522 appropriantur
355 2458 474 2521 ῃιιιοιιίε,
488 2458 547 2508 sicut
559 2460 674 2522 potentin
689 2458 763 2520 Patri,
777 2460 907 2522 snpientia

103 2528 169 2590 Filio,
179 2529 278 2578 bmrilne
286 2529 383 2593 Spiritui
391 2533 479 2594 mucio,
491 2532 517 2579 nt
526 2529 585 2579 inira
595 2530 690 2595 patebit.
703 2531 765 2589 Quod
778 2542 833 2592 ergo
846 2531 907 2581 rlris·

103 2600 906 2665 lotelesdicit:‹tl’erhuncnumerumadhihadmnsnosipsos,elc.‚»
989 2624 990 2637 ι

103 2684 149 2721 nou
162 2676 197 2720 est
207 2672 239 2721 sic
248 2672 434 2735 intelligendum,
447 2670 507 2736 qudd
517 2672 565 2735 ipse
579 2670 676 2737 p'oneret'
686 2672 810 2723 ternarium
826 2686 908 2724 nume·
989 2678 990 2689 ¹

103 2756 153 2791 rum
166 2742 191 2791 in
201 2744 299 2808 diriuis3
309 2745 349 2794 sed
358 2744 407 2793 rull
418 2745 493 2794 dicere
503 2743 563 2807 quod
575 2744 661 2811 antiqui
674 2744 796 2794 utebantur
805 2744 906 2795 ternario
989 2730 990 2765 ³

102 2827 196 2864 inumera
208 2814 232 2863 in
246 2814 363 2865 sacrificiis
376 2819 401 2865 et
412 2814 550 2867 orationibus
556 2819 667 2883 ,propter
676 2816 798 2881 quamdam
809 2815 906 2867 ternarii

103 2884 194 2937 numeri
204 2886 379 2949 perfectionem.

135 2958 160 3007 lu
173 2957 236 3008 libris
245 2958 315 3009 etiam
327 2958 520 3011 Platonicorum·
514 2959 603 3013 invenit
604 2974 649 3015 nr:
666 2977 680 3011 n
694 2960 720 3011 ln
731 2932 844 3025 principio
855 2964 907 3015 erat
