1992 3342
98 151 126 198 lt
311 163 370 201 raas
386 165 409 213 1,
423 163 514 208 onmsr.
533 164 558 212 1,
575 163 629 200 aar.
647 164 681 200 vr.

97 251 146 288 esse
165 237 291 289 divinorum
308 237 407 302 cognitio
429 239 464 304 (ut
486 242 550 303 patet
568 253 609 304 per
625 237 774 302 augustinum
794 239 845 290 llll.
866 241 905 290 De

100 308 190 372 Trio).
205 311 273 360 Sacra
290 312 366 359 autem
381 310 482 360 doctrina
498 308 651 374 propriissime
665 309 801 360 determinat
814 310 842 360 de
855 312 904 362 lieo

97 379 221 430 secundnm
235 381 295 444 qniod
309 383 343 430 est
356 381 464 431 altissima
480 394 547 431 causa
563 395 569 430 r
584 380 637 445 quia
648 394 694 431 non
708 380 781 430 solim
792 384 904 444 mantum

98 451 127 501 ad
143 451 199 502 illud
212 453 272 515 quod
287 457 321 502 est
332 466 373 515 per
389 455 504 503 creaturas
513 453 664 516 cognoscibile
680 452 756 518 (quod
771 453 904 516 Philosophi

98 527 269 586 cognorerunt,
279 528 305 573 ut
314 524 395 574 dicitnr
408 525 500 574 Romi
515 540 520 573 :
532 542 546 570 o
555 524 619 583 Quod
627 528 706 574 notum
717 527 752 573 est
764 522 818 586 liei,
830 524 905 573 mani·

98 593 181 644 lustum
192 599 226 644 est
237 594 281 644 illis
289 594 313 658 u)
322 594 364 659 (l),
379 595 496 646 sedetiam
506 599 614 658 quantum
623 595 653 644 ad
664 595 697 657 id,
706 595 767 658 quod
776 597 855 644 notum
869 601 904 646 est

99 665 142 715 sibi
158 666 200 717 soli
217 666 244 716 de
258 666 345 730 seipso,
365 669 388 717 et
404 667 453 717 aliis
468 680 510 731 per
528 665 689 718 revelationem
703 665 902 717 communicatum.

103 737 166 788 Unde
180 751 242 788 sacra
256 738 357 789 doctrina
368 737 465 789 manuae
476 738 558 788 dicitnr
570 737 690 802 sapientia.

116 810 165 890 'dd
177 809 344 890 primum-ergo
357 810 490 890 dicendum,
503 809 564 890 quod
603 824 640 860 cra
651 809 752 860 doctrina
761 823 808 859 non
818 823 904 874 suppo·

99 883 133 962 lut
142 895 182 932 sua
207 882 302 962 runciprg
315 883 343 930 ab
354 883 430 958 ahQa
444 884 539 931 scientia
549 871 722 963 hnmana‚·sed
732 871 746 930 d
758 873 904 964 Mendi-

99 967 165 1035 vina,
215 967 259 1018 qua
279 957 337 1029 mont
381 967 469 1004 summa
485 957 598 1018 sapientia
614 967 687 1004 omnis
709 956 786 1004 nostra
803 957 904 1016 cogmtro

98 1027 298 1149 ordileliastelcrundurn
307 1099 443 1161 dicendum,
459 1095 520 1162 quod
530 1096 903 1170 &tilt.ttsstssiidww⁰ili³

98 1169 202 1249 velnsnnt
430 1228 431 1231 Ἴ
532 1188 573 1229 t,
605 1219 625 1230 ⁴.
657 1169 903 1235 puerporauquam

97 1243 133 1289 rat
162 1260 203 1282 ιἰ·
228 1260 245 1275 «¹
283 1260 296 1273 υ
355 1262 372 1281 s·
630 1233 674 1307 alia
687 1239 790 1308 scientia.
809 1240 902 1304 Propria

98 1313 174 1363 antem
194 1313 263 1378 hujus
287 1314 387 1364 scientim
406 1312 647 1376 cogntuo‘eatgpnn
662 1304 700 1361 'e's't
718 1326 759 1376 per
780 1311 904 1362 revelatio-

97 1397 163 1448 nem,
182 1398 228 1435 uon
246 1388 323 1436 antem
344 1399 393 1449 quoe
412 1389 447 1436 est
465 1397 506 1449 per
528 1385 655 1434 naturalem
672 1383 792 1464 rationem.
808 1385 836 1432 Et
851 1383 904 1435 ideo

98 1467 144 1508 non
187 1457 245 1508 ltine
389 1457 462 1521 tare
491 1454 845 1524 ripcipiaal'nmunnmonliarpm
858 1454 903 1520 (a),

93 1457 446 1644 &a
470 1525 562 1588 umqum
577 1524 640 1574 enm
652 1524 677 1574 n
690 1525 852 1577 atrismanus
867 1527 904 1576 n-

115 1597 190 1647 enitur
208 1599 298 1648 veritati
315 1599 384 1662 liujus
401 1597 501 1648 scientiae
515 1609 659 1660 repugnans,
678 1600 751 1647 totum
767 1598 905 1649 condemna-

99 1670 137 1717 tur
146 1671 172 1718 ut
184 1668 274 1719 falsum.
288 1671 352 1720 Unde
366 1669 446 1720 dicitur
457 1670 486 1718 ll.
503 1668 561 1718 Cor.
574 1669 595 1719 X
607 1685 615 1716 .·
627 1685 641 1715 a
650 1669 750 1720 Consilia
762 1669 905 1720 destruentes

100 1741 124 1787 et
142 1753 232 1791 omnem
246 1740 388 1792 altitudinem
402 1739 436 1806 (3)
456 1740 604 1791 extollentem
621 1753 645 1790 se
663 1740 771 1791 adversus
786 1739 904 1791 scientiam

101 1810 150 1861 llei.
164 1828 178 1858 r)

132 1884 165 1934 nd
174 1884 266 1934 tertium
276 1884 405 1948 dicendum,
417 1883 478 1948 quod
489 1899 540 1934 cnm
546 1883 657 1948 judicium
669 1885 699 1934 ad
707 1883 842 1948 sapientiam
852 1899 906 1948 per-

101 1957 185 2020 tineat,
208 1957 332 2007 secundum
348 1956 460 2020 duplicem
473 1958 566 2007 modum
581 1955 711 2019 judicandi,
730 1955 850 2019 dupliciter
869 1971 906 2008 sa-

100 2028 187 2092 pientia
206 2027 323 2092 accipitur.
341 2027 456 2090 Contingit
472 2027 534 2078 enim
547 2027 646 2091 aliquem
660 2027 762 2090 judicare
776 2041 822 2077 uno
838 2029 906 2080 modo

100 2114 141 2163 per·
151 2102 244 2151 modum
251 2097 416 2161 inclinationis,
431 2098 533 2162 sicutqui
543 2099 612 2148 hebet
621 2098 724 2147 habitum
735 2098 834 2161 virtutis,
843 2098 906 2149 recte

97 2171 185 2233 judicat
197 2171 224 2221 de
235 2170 272 2220 his
283 2183 333 2232 quae
344 2174 397 2219 sunt
405 2170 529 2220 secundum
538 2170 647 2219 virtutem
658 2169 748 2231 agenda
756 2169 782 2218 in
795 2173 906 2233 quantum

100 2244 128 2293 ad
139 2243 177 2292 illa
190 2242 321 2292 inclinatur.
335 2242 398 2292 Unde
410 2246 433 2292 et
445 2241 470 2290 in
482 2243 511 2292 ll.
528 2241 611 2292 Ettic.
625 2240 706 2291 dicitnr
720 2239 781 2305 quod
790 2241 907 2293 virtuosus

134 2368 165 2434 (l)
177 2374 208 2416 Ut
223 2371 328 2428 Apostoli
342 2376 418 2416 textus
431 2371 516 2429 habet,
532 2370 599 2426 quasi
614 2370 645 2414 sit
664 2371 699 2414 eis
716 2371 863 2416 manifestum
876 2385 907 2417 ex

100 2447 129 2479 eo
147 2435 197 2491 ipso
210 2435 270 2490 quod
289 2434 333 2478 illis
349 2434 422 2490 inest,
440 2435 475 2478 vel
491 2445 520 2478 ex
532 2434 619 2478 lumine
630 2434 771 2489 intrinseco,
783 2440 808 2478 ut
820 2435 875 2478 leot.
891 2435 907 2478 o

101 2497 133 2541 ibi
145 2497 243 2552 explicat
258 2499 280 2542 S.
292 2497 403 2550 Thomas3
417 2508 463 2540 non
477 2496 536 2540 siout
546 2496 609 2553 priuis
621 2495 709 2541 lentim
720 2502 829 2552 corrupto
841 2503 907 2543 textu

103 2565 127 2603 et
137 2559 211 2603 minus
223 2560 291 2616 pleno
303 2571 373 2604 sensu
384 2559 540 2618 morotsmtrcm
549 2562 582 2603 eat
591 2558 655 2603 illia.

136 2621 165 2681 (ἓ)
182 2622 237 2674 Quin
250 2623 343 2677 probari
353 2622 397 2666 nisi
407 2623 497 2666 ratione
510 2633 556 2664 non
568 2627 680 2678 possunt,
695 2627 742 2666 eto.

136 2690 165 2754 (3)
180 2696 212 2738 Ite
225 2695 347 2740 Gentilium
359 2693 490 2750 sophisticis
502 2694 631 2738 rationibus
645 2694 820 2750 Chrysostomus
833 2695 908 2751 expli-

101 2762 152 2815 cat,
168 2756 252 2802 ttondit.
269 2756 309 2802 al.
326 2757 385 2802 Hinc
397 2755 539 2813 Augustinus
549 2757 577 2801 de
590 2757 693 2800 retentio
706 2757 908 2814 Scripturorum,

101 2820 142 2864 lib.
161 2832 198 2875 rr,
220 2821 247 2864 de
263 2821 336 2865 doctr.
351 2819 434 2864 Christi
448 2819 490 2863 sub
505 2817 595 2864 finem:
612 2819 735 2878 Quicquid
750 2821 818 2864 domo
835 2824 909 2866 extra

102 2882 233 2934 didicerit,
244 2883 266 2928 si
278 2883 385 2928 nontam
399 2885 449 2931 eat,
460 2880 496 2926 iti
508 2882 651 2927 damnatur.
