1992 3342
154 237 199 283 ton
339 248 399 283 runs
415 249 439 295 r,
454 248 546 292 oumsn.
565 247 639 297 xunr,
658 249 711 286 uun.
728 251 762 286 ur.

152 323 200 374 cive
212 337 262 386 cap.
279 325 318 385 t),
331 322 391 385 quod
404 321 479 372 anima
489 327 525 373 est
535 323 654 373 «virentis
665 326 766 388 corporis
775 339 839 376 ceusu
849 326 932 390 etprin-

152 393 390 457 cipIum.»Sedi)euo
400 395 525 445 nonhabet
539 393 630 458 aliquod
639 395 824 461 principiumm)
838 413 844 446 :
859 395 934 460 ergoet

152 477 198 514 uon
211 464 319 528 competit
335 464 421 514 vivere.

184 541 207 584 t.
220 537 342 599 meren,
355 535 493 601 princtpmm
506 537 560 588 viter
570 538 595 588 in
609 537 677 588 rebus
689 537 819 589 viventibus
828 553 878 604 quo
888 537 937 604 aput

151 621 193 658 uos
212 611 281 672 eunt,
299 612 334 660 est
347 607 423 659 enimc
439 609 589 673 vegetabilis,
605 623 656 674 qum
672 621 719 659 nou
734 613 769 659 est
781 611 825 660 nisi
838 611 863 660 iu
880 611 937 660 retus

152 679 313 744 corporalibus.
327 681 464 742 urgentus
479 681 661 744 incorporalibus
677 694 723 730 nou
738 680 847 744 competit
861 681 938 732 uiuere.

86 778 90 800 t
182 751 228 801 Sed
234 754 312 801 contre
323 755 368 815 eut,
377 752 438 815 quod
444 751 529 801 dicitur
536 753 561 800 irr
573 751 641 802 Pcol.
654 751 763 802 LXXXIII
775 767 780 800 :
791 769 805 799 n
817 754 861 803 Gor
873 765 938 802 meum

152 826 175 871 et
188 835 241 872 coro
250 834 303 872 men
311 823 471 873 exultaverunt
477 822 504 871 iu
514 823 587 872 Deum
599 823 685 872 uiuum.
703 837 717 868 o

183 894 344 958 (Coueuusxo.
357 921 388 931 -
398 893 439 944 liei
453 898 535 944 nutura
555 894 608 945 eiuro
622 895 653 944 ott
669 894 743 959 ipsum
757 909 807 944 ecce
820 897 843 945 et
855 893 942 946 inteili-

151 980 220 1029 9ere,
232 965 255 1015 ei
271 965 369 1036 maxime
381 966 430 1016 uita
441 967 577 1031 convenit.)

182 1036 316 1100 umpondeo
324 1036 459 1100 ditendum,
468 1037 529 1101 qudd
537 1039 584 1088 vite
595 1037 693 1088 maximi
702 1037 793 1104 proprii
808 1039 832 1088 in
845 1041 891 1091 Deo
904 1041 940 1089 est.

151 1108 184 1156 tid
203 1107 270 1170 cujus
290 1108 430 1159 evidentiam
450 1110 639 1160 considerandum
662 1109 778 1174 estquod
798 1111 851 1160 cinn
872 1112 943 1161 uiuere

150 1177 254 1228 dicuutur
265 1179 341 1243 aliqua
350 1180 474 1230 secuudum
490 1180 552 1244 quod
565 1184 687 1246 operantur
701 1193 730 1230 ex
742 1180 841 1244 seipso,
862 1187 886 1233 et
903 1193 942 1230 uon

150 1251 214 1313 quasi
231 1253 260 1301 nb
276 1252 327 1302 aliis
342 1256 425 1316 mota3
446 1251 532 1316 quanto
548 1252 674 1317 perfectius
687 1253 796 1316 competit
809 1255 853 1304 hoc
868 1254 945 1314 alicui,

151 1322 215 1372 tauto
225 1323 351 1386 perfectius
363 1324 388 1373 in
401 1337 429 1374 eo
441 1324 558 1374 inuenimr
569 1325 625 1376 vitu.
641 1325 667 1374 Iu
680 1325 823 1374 monentibus
837 1329 914 1376 numm
926 1327 946 1373 et

151 1393 218 1445 motis
230 1395 274 1444 trie
289 1409 332 1458 per
347 1394 450 1445 ordinem
466 1395 624 1446 inveniuntur.
640 1397 697 1446 Nnru
718 1395 792 1460 primo
805 1396 858 1448 ints
874 1399 945 1447 movet

150 1470 269 1529 agentem
288 1479 358 1529 egens
375 1466 430 1517 rerd
448 1466 574 1531 principale
593 1471 628 1518 est
643 1467 758 1532 quotuor
772 1479 837 1517 sunm
853 1469 947 1520 tormen

150 1538 213 1600 agit3
229 1541 253 1587 et
269 1539 314 1587 hoc
334 1537 449 1588 interdum
464 1539 512 1602 egit
527 1551 569 1604 per
589 1539 678 1603 aliquod
696 1538 874 1589 iustrumentum
892 1537 948 1602 quod

151 1623 197 1658 non
216 1607 264 1670 agit
280 1621 310 1657 ex
327 1608 411 1658 virtute
431 1623 479 1660 succ
497 1610 589 1674 iormae,
612 1611 654 1660 sed
674 1623 703 1659 ex
717 1609 801 1660 virtute
817 1607 948 1674 principalis

151 1679 254 1741 agentis,
264 1678 302 1728 cui
312 1679 463 1731 instrumento
473 1682 582 1746 compctIt
593 1683 641 1732 sola
650 1681 755 1731 executio
769 1680 872 1731 actionis.

182 1749 332 1798 Inveniuntur
343 1750 414 1811 igtur
425 1753 530 1815 quedam
540 1791 548 1816 ,
560 1767 610 1817 que
622 1755 715 1802 movent
726 1751 802 1815 setpsn
810 1763 858 1802 nou
871 1751 948 1801 habito

150 1823 256 1883 respectu
273 1821 301 1869 ud
320 1822 417 1870 formam
433 1822 471 1872 vel
486 1823 554 1872 sunem
569 1835 623 1888 qum
636 1823 697 1872 iuest
714 1822 747 1872 eiu
765 1821 776 1871 d
798 1826 895 1885 natura,
913 1820 951 1871 suri

151 1889 224 1941 solium
237 1893 348 1954 minutum
362 1893 390 1942 nd
404 1893 561 1944 executionem
576 1894 663 1956 moi-iis3
678 1895 718 1944 sed
731 1893 803 1944 iorum
821 1907 864 1956 por
882 1905 952 1956 quam

149 1966 230 2025 agunt,
244 1969 268 2011 et
282 1961 333 2012 iiuis
346 1967 440 2028 propter
453 1976 521 2028 quem
535 1969 626 2028 egunt,
642 1965 822 2015 determinantur
836 1965 871 2014 eis
884 1963 899 2013 d
911 1977 950 2012 un-

149 2037 208 2084 turn.
219 2036 247 2084 Et
257 2034 388 2098 hujusmodi
400 2040 454 2086 sunt
466 2037 560 2100 piuntae,
575 2049 627 2100 qum
641 2035 765 2086 secuudum
779 2035 876 2086 formam
892 2034 955 2084 indi-

73 2114 77 2118 *
149 2109 196 2153 turn
210 2104 272 2156 cist
292 2109 373 2155 nutura
390 2110 484 2157 movent
501 2108 587 2171 seipsas
606 2105 679 2157 solium
699 2106 778 2157 habito
797 2111 907 2170 respectu
926 2105 953 2154 ud

148 2177 308 2226 executionem
318 2177 392 2228 motuis
402 2178 527 2228 seeundum
539 2182 685 2241 augmentum
697 2181 721 2228 et
733 2178 919 2228 decrementum.

182 2248 288 2305 Quendam
301 2249 357 2298 uero
368 2248 463 2299 ulterius
477 2255 570 2300 movent
583 2251 657 2314 seipsa
667 2263 715 2300 nou
729 2249 802 2300 sotium
815 2248 896 2298 habito
908 2261 959 2296 res-

150 2321 219 2381 pectu
229 2319 258 2367 nd
271 2319 429 2370 executionem
445 2322 520 2371 motus
525 2359 533 2384 ,
549 2321 671 2372 sedetiam
681 2324 791 2385 quantum
802 2321 832 2370 ad
843 2320 957 2378 formam,

149 2401 200 2453 que
213 2393 248 2438 est
258 2389 396 2510 ptuiucipinm
407 2392 495 2455 motuis,
510 2405 576 2456 quem
588 2406 628 2456 per
641 2405 665 2442 se
679 2391 801 2456 acquirunt
814 2408 819 2440 :
835 2394 859 2440 et
869 2389 963 2453 hujus-

149 2460 210 2509 modi
223 2464 276 2510 suut
288 2463 394 2512 anImaiiu
401 2477 521 2528 ,quorum
536 2465 610 2514 motuis
620 2463 758 2530 principium
770 2467 805 2514 est
818 2463 892 2513 forma
910 2476 960 2512 uon

150 2531 255 2582 tuntum
273 2532 360 2597 iuditu,
375 2535 416 2584 sed
432 2549 474 2599 per
488 2549 582 2586 sensum
596 2539 697 2600 accepte.
713 2537 778 2586 Unde
794 2531 879 2600 qunutd
904 2547 963 2596 per-

149 2603 266 2654 fectiorem
283 2619 375 2656 seucum
392 2608 494 2672 hubent,
513 2606 577 2658 tento
598 2607 722 2672 perfectius
739 2610 835 2658 mouent
856 2604 970 2686 seipsa:

150 2688 203 2724 num
217 2688 244 2724 ea
262 2690 313 2741 quc
332 2691 378 2727 non
392 2679 477 2729 hahent
492 2678 537 2729 uisi
550 2692 641 2729 sensum
659 2679 752 2742 tuctus,
766 2679 864 2729 mouent
879 2661 970 2725 solinu

185 2847 214 2908 (1)
227 2850 258 2895 lit
274 2852 366 2906 quidem
387 2854 462 2898 trihus
478 2853 569 2898 modis:
588 2857 615 2898 ot
633 2865 707 2898 cuneo
724 2853 792 2898 eunde
814 2853 892 2895 motus
911 2845 920 2906 (
930 2862 962 2891 ur

150 2911 365 2972 contaminemus),
379 2921 406 2960 ret
420 2916 492 2972 cemus
510 2919 583 2962 coued
599 2917 637 2960 cet
648 2917 731 2972 yrun-tid
751 2913 786 2975 tid
800 2919 838 2960 cut
849 2910 949 2956 nuruis*-

154 2978 178 3017 ut
192 2977 308 3024 essentia,
322 2975 343 3018 id
356 2983 391 3021 est
402 2991 471 3024 conse
486 2979 601 3037 formulis,
615 2984 659 3022 ctu.
