1992 3342
149 206 195 255 eth
348 218 409 257 orae
423 218 448 266 a,
463 218 554 265 ocum.
571 218 632 267 xcv,
649 218 703 257 aar.
720 218 737 256 1.

148 294 364 355 maculemur,
373 294 441 359 onam
451 310 503 361 qne
512 299 582 346 oster
591 294 662 347 nihilo
671 288 936 359 inahqmdsedoreatio

149 368 238 417 videtur
253 380 302 418 ease
320 368 460 419 nobilissima
476 368 550 429 aetio,
567 372 591 417 et
608 368 681 431 prima
695 366 755 418 inter
771 376 850 416 omnes
870 366 938 415 aclio-

149 450 207 487 nea:
221 452 274 501 ergo
285 449 332 489 non
344 442 380 490 eat
391 451 420 490 ox
435 439 506 490 nihilo
516 439 540 488 in
552 436 651 503 aliquid,
665 441 705 491 sed
721 438 792 503 magis
807 450 837 489 ex
850 442 902 488 ente
915 438 938 485 in

150 522 204 631 οὓς..
214 582 336 645 Pretema,
345 584 396 633 hacc
406 582 549 647 propositio,
562 596 608 646 ex,
618 582 726 646 importat
736 580 891 632 habitudinem
901 580 938 630 ali·

148 654 216 717 cnjus
229 666 318 712 cauam,
333 659 356 703 et
367 654 469 706 maxime
481 654 618 717 materialis,
631 653 691 714 aicut
703 648 754 704 aiom
773 654 870 703 dicimus
882 652 938 717 qntd

148 727 224 773 statua
237 724 261 773 tit
269 738 298 774 er
308 738 362 775 acre.
376 727 420 776 Sed
429 725 494 774 nihil
503 738 549 775 non
563 728 698 790 potestesse
710 726 805 775 materia
816 724 891 785 entis,
900 734 939 773 nec

147 794 223 858 alium
237 796 303 845 modo
314 810 382 847 oauaa
393 797 462 862 quaa
475 810 530 860 ergo
544 810 620 847 creare
634 810 680 847 non
694 800 730 847 est
738 809 767 846 er
777 796 851 847 nihilo
860 794 938 859 ahquid

147 865 230 917 tacere.

180 937 224 987 Sed
241 943 320 989 contra
334 943 383 1003 est,
398 941 457 1004 quod
474 953 543 1004 super
560 940 615 991 illud
634 941 715 991 Genea.
730 954 738 989 a
755 956 769 988 a
788 940 815 989 ln
833 938 938 1005 principio

148 1010 233 1059 creauit
249 1011 312 1061 Deua
326 1012 422 1075 coelnm,
436 1016 492 1075 etc,
508 1028 522 1059 n
539 1011 594 1063 dicit
611 1011 690 1062 (ilonea
705 1012 739 1077 (1)
756 1010 819 1075 quhd
838 1028 853 1058 a
870 1022 938 1061 meare

148 1085 185 1131 eet
196 1082 280 1147 aliquid
292 1096 322 1133 ex
333 1082 405 1134 nihilo
417 1084 501 1134 iacere.
511 1100 526 1131 t>

181 1153 338 1217 (Couecusuo.
351 1178 383 1193 -
394 1156 477 1206 Creare
488 1158 525 1207 est
537 1168 567 1206 ex
579 1155 650 1206 nihilo
661 1154 747 1219 aliquid
760 1154 864 1215 lacere.)

180 1225 316 1290 despondeo
329 1226 449 1277 dicendum
466 1225 527 1291 qnod
545 1226 620 1291 (sicul
633 1226 701 1291 supra
717 1225 806 1275 dicium
823 1224 886 1287 est),
900 1235 939 1273 non

149 1294 223 1347 solim
231 1300 321 1360 oportet
335 1297 477 1349 mnsiderare
486 1298 653 1349 emanationem
662 1298 760 1359 alicujus
771 1297 834 1347 entis
847 1296 938 1361 partim

149 1368 204 1419 laria
211 1369 240 1418 ah
250 1368 325 1433 aliquo
340 1370 471 1434 particulari
483 1373 578 1433 agente,
594 1369 634 1419 aed
647 1368 715 1419 etiam
728 1369 898 1419 emanationem
910 1368 939 1415 to

149 1440 196 1491 tine
208 1441 269 1491 entia
280 1439 294 1491 t
306 1453 375 1491 causa
392 1440 530 1503 miveraali,
544 1454 595 1504 oue
610 1442 646 1490 eet
658 1441 728 1503 heus,
742 1442 767 1491 et
781 1440 845 1489 hanc
857 1439 939 1503 quidem

149 1512 314 1563 emanationem
324 1512 470 1575 designamus
479 1512 572 1562 nomine
585 1510 716 1563 creationis.
726 1511 792 1569 Quod
807 1514 884 1561 antem
895 1522 939 1573 pro

149 1582 338 1636 oedhseoundhm
346 1584 513 1634 emanationem
521 1583 695 1647 particularem,
706 1595 753 1633 non
762 1581 939 1646 presuoponitnr

149 1652 286 1703 emanationi
300 1669 306 1704 ε
320 1653 380 1705 oicat
396 1654 417 1703 ai
430 1656 549 1717 generatur
562 1655 644 1714 homo,
658 1666 704 1704 non
722 1652 766 1702 init
783 1653 853 1717 puina
863 1652 939 1711 homo,

148 1723 190 1773 aed
204 1724 273 1773 homo
284 1723 311 1773 hl
324 1738 354 1775 ox
365 1740 414 1775 noa
426 1725 537 1782 homine,
556 1728 581 1775 et
593 1725 670 1775 album
687 1738 719 1773 em
732 1738 782 1773 aon
796 1724 865 1775 albo.
884 1722 940 1774 llnde

149 1794 170 1844 ai
179 1794 332 1846 consideretur
345 1796 459 1847 emanatio
470 1795 539 1847 totino
552 1796 612 1847 entia
622 1794 758 1847 novenalis
773 1794 788 1845 a
801 1796 878 1859 primo
886 1792 940 1861 prin·

150 1865 225 1930 cipio,
238 1866 377 1931 impossihile
398 1872 434 1919 est
450 1867 512 1932 quod
528 1867 618 1932 aliquod
633 1880 674 1918 ena
691 1870 883 1932 praemoneantur
895 1864 941 1915 huic

150 1936 298 1989 emanationi.
310 1939 372 1988 idem
387 1942 465 1990 autem
480 1938 608 2002 estnihil,
624 1939 685 2002 qood
700 1937 802 1987 nouom
821 1954 872 1989 eno.
886 1937 941 1986 Sicut

150 2008 220 2073 igitur
230 2010 347 2073 generatio
360 2010 459 2061 hominia
471 2014 546 2061 estex
558 2025 606 2060 oon
616 2014 680 2071 ente,
688 2009 748 2075 qnod
757 2013 793 2061 est
803 2025 855 2061 noo
862 2011 940 2067 domm

150 2081 184 2131 ila
195 2080 293 2145 creatio,
313 2096 363 2146 qna
377 2086 412 2133 eet
425 2082 539 2133 emanatio
555 2081 626 2133 totius
643 2096 706 2139 esee,
720 2084 758 2131 eal
774 2094 806 2131 ex
818 2097 868 2133 non
879 2082 938 2133 ente.

151 2153 212 2216 quod
220 2156 256 2203 cat
266 2152 341 2203 nihil.

182 2225 217 2274 lld
229 2223 328 2288 pdmum
338 2231 392 2287 ergo
405 2224 526 2275 dicendum
532 2262 540 2288 ,
554 2223 614 2289 ouhd
624 2223 762 2289 Augustinus
775 2222 892 2289 equivoco
902 2220 941 2271 uti·

151 2298 189 2345 tur
197 2295 290 2345 mmine
299 2296 419 2347 mentionis
426 2296 550 2346 meandum
557 2294 617 2360 qood
628 2296 701 2347 creari
710 2295 817 2346 dicuntur
826 2310 855 2347 ea
863 2292 940 2359 quein

151 2366 234 2417 melius
247 2366 411 2431 retentantur,
429 2370 455 2417 ut
468 2366 520 2417 cium
533 2366 616 2418 dicitur
634 2366 715 2431 diuinis
728 2366 802 2417 creari
816 2367 843 2418 in
858 2366 941 2431 episeo-

185 2500 216 2564 (t)
230 2504 400 2560 AEquivalenter
412 2509 478 2549 votur
494 2501 547 2549 calm
560 2504 594 2549 oie
612 2504 751 2560 scripturam
764 2504 828 2561 loqui
843 2507 906 2549 notat
917 2505 940 2544 nt

152 2566 285 2611 excludatur
298 2566 394 2611 materia
410 2578 478 2623 quam
490 2566 556 2611 Plato
567 2566 693 2613 increatam
704 2565 793 2612 iaciens
807 2566 939 2623 principium

152 2627 520 2673 omniumaliorumuolehateaae.
533 2629 658 2675 iterarent
666 2629 714 2674 siue
722 2629 843 2685 impressu
852 2626 938 2685 wando

151 2702 181 2734 ex
188 2689 287 2733 Alcuino
294 2691 327 2735 ait
334 2691 395 2747 quhd
402 2692 505 2736 molceio
511 2691 577 2750 [octo
581 2694 613 2737 cat
622 2692 650 2735 de
657 2691 748 2742 ottilo,
757 2693 846 2749 speclea
856 2687 939 2735 maadi

152 2750 425 2810 accommodatarum
445 2753 536 2809 quando
549 2766 577 2798 ex
590 2753 703 2799 Eucherio
722 2754 784 2810 quod
796 2753 899 2799 moterlo
913 2749 939 2794 do
975 2772 976 2775 ¹

151 2812 233 2855 ettilo
245 2812 308 2869 {cetu
318 2825 357 2858 rea
366 2827 397 2859 ea
404 2827 429 2860 ae
438 2817 514 2874 [octor
524 2818 660 2870 ontecmiu
671 2817 761 2875 wando
773 2828 803 2863 ex
812 2815 874 2863 Beda
882 2811 938 2871 qnod
975 2850 976 2873 ,

152 2872 275 2991 mm
283 2877 305 2918 0‘
313 2876 410 2933 melos
418 2881 440 2923 et
449 2878 558 2923 animem
568 2878 597 2924 de
605 2879 686 2925 nihilo
698 2879 762 2925 Deles
770 2880 846 2939 feeit,
853 2880 937 2923 'como
975 2878 976 2939 ,
