1992 3342
134 196 181 241 252
321 206 381 240 enus
398 206 423 252 1,
440 204 532 247 eomer.
553 204 605 251 xiv,
624 204 678 239 sur.
697 203 748 238 rur.

134 279 219 333 senum
231 279 302 329 etiam
314 280 441 329 seeundum
453 279 544 344 qnbdiu
555 292 580 329 se
591 282 636 343 est,
648 278 702 341 quia
714 290 741 327 ea
752 290 803 341 que
813 277 874 327 inse
885 281 942 327 suut

134 350 290 413 oenbnpentia
304 350 422 413 tutura,t
437 351 503 401 nobis
521 350 575 401 seiri
592 364 638 400 non
653 352 748 413 possunt
764 364 769 396 :
785 349 826 397 sed
842 362 871 398 ea
889 362 941 411 que

135 426 189 471 sunt
209 421 266 471 seita
278 421 292 469 l
306 422 370 483 beo,
384 425 476 485 oportet
488 434 539 487 esse
559 420 687 472 necessaria
703 420 828 470 secuudum
847 419 941 469 modum

136 507 181 556 quo
197 494 294 543 subsunt
308 492 392 542 divine
404 492 506 543 seientiae
519 493 558 559 (ιιι
574 491 738 557 dictumest),
752 503 799 540 non
812 496 891 541 eutem
901 490 946 539 ab·

136 564 209 614 solute
223 565 349 615 secuudum
367 564 427 627 qubd
437 565 463 614 in
479 565 577 631 propriis
590 563 664 615 causis
678 562 862 613 considerantur.
877 562 942 614 Unde

137 635 465 699 etnaeepropositiozromne
475 636 556 686 scitum
566 635 643 698 lites,
651 634 806 685 necessarium
814 638 852 684 est
859 648 941 697 essem

137 706 258 757 consuevit
276 706 400 770 distingui,
419 706 472 770 quia
489 710 564 771 potest
583 720 632 757 esse
647 708 676 755 de
695 720 736 764 re,
751 706 789 754 uel
805 708 835 755 de
852 708 922 757 dieto
939 713 946 743 ·'

137 776 309 838 siintelligatur
319 779 349 827 de
357 793 386 827 re
394 782 429 827 est
441 777 513 827 meisa
528 780 551 827 et
560 777 633 838 laisa,
644 779 668 825 et
680 779 715 825 est
722 788 802 825 sensus
815 792 821 824 :
838 793 853 824 rr
865 778 946 828 Omni<

138 861 191 911 res,
207 861 275 911 mam
289 850 349 899 bens
362 849 421 911 seit,
433 851 470 899 est
479 848 616 899 necessarie.
632 864 645 895 ιι
662 848 704 897 llel
717 850 791 911 potest
803 848 907 911 intelligi
919 853 947 899 de

138 920 221 980 dicto,
236 919 308 969 etsie
326 925 362 971 est
379 919 519 984 composita,
534 922 558 970 et
571 932 626 969 vera
634 956 642 982 ‚
658 922 683 968 et
700 922 735 968 est
747 930 828 969 sensus
847 935 853 967 z
872 938 887 967 u
899 922 945 970 Hor

139 990 238 1053 dietum,
250 989 331 1041 soitum
344 992 432 1054 alteo,
447 1004 496 1041 esse
511 995 546 1041 est
558 989 730 1041 necessarium?

171 1062 216 1111 Sed
228 1062 319 1112 obstant
330 1062 423 1126 quidam
436 1063 555 1125 dieentes,
569 1061 630 1125 qubd
642 1060 687 1111 ista
698 1060 813 1111 distinctio
828 1062 905 1113 babet
916 1064 948 1111 lo-

139 1145 192 1181 enm
203 1132 228 1181 in
241 1132 321 1183 formis
329 1134 493 1197 separabilibus
508 1133 651 1197 isubjeoto‚
664 1136 690 1181 ut
704 1133 724 1183 si
734 1132 808 1183 boum
820 1148 826 1180 ι
839 1150 854 1181 u
867 1134 948 1184 Album

140 1202 249 1266 possibile
267 1208 303 1254 est
315 1218 365 1255 esse
375 1204 475 1267 nigrum,
485 1220 500 1250 ιι
512 1214 563 1268 que
574 1203 665 1267 quidem
674 1206 703 1253 de
712 1204 780 1253 uictu
790 1206 824 1253 est
836 1204 915 1268 iales3
928 1212 948 1254 et

140 1276 171 1323 do
181 1288 217 1330 re,
231 1278 267 1325 est
275 1289 330 1325 vera
342 1289 394 1326 :res
403 1275 466 1325 enim
476 1287 527 1337 qne
538 1274 643 1338 estella,
654 1276 789 1338 potestesse
803 1274 875 1337 nigra
889 1292 894 1325 :
911 1278 948 1326 sed

140 1344 185 1395 boo
203 1344 289 1395 dietum
306 1361 311 1395 :
328 1364 342 1393 u
360 1346 441 1396 Album
460 1348 494 1394 est
514 1345 621 1407 nigrum,
637 1360 650 1391 ιι
668 1358 784 1408 nunqnam
800 1348 883 1408 potest
902 1360 949 1396 esse

140 1428 230 1467 verum.
245 1417 272 1465 ln
284 1416 365 1467 formis
381 1419 458 1466 autem
467 1414 660 1479 inseparabilibus
673 1414 801 1478 isubjeclo
817 1417 949 1467 nonhabet

140 1486 215 1537 locum
223 1488 333 1551 predicta
342 1486 470 1549 distinctio,
481 1490 509 1535 ut
519 1486 539 1535 sl
549 1486 638 1535 dicem:
650 1502 663 1533 u
673 1487 772 1537 Corvum
785 1485 949 1552 nigrumpos

139 1556 207 1607 sibile
222 1561 320 1608 estesse
333 1558 424 1619 album,
440 1574 454 1603 ιι
467 1556 558 1621 quirin
571 1560 667 1620 utroque
677 1569 746 1606 sensu
761 1560 796 1605 est
808 1556 879 1609 false.
895 1560 948 1608 Esse

141 1629 219 1677 autem
229 1628 312 1677 seitum
322 1627 337 1676 b
346 1629 403 1691 beo,
413 1636 448 1679 est
456 1627 608 1692 inseparabile
620 1627 677 1691 bre,
687 1627 739 1691 quia
750 1628 812 1691 qnod
820 1632 859 1679 est
871 1630 952 1681 scitum

142 1695 223 1759 ibeo,
232 1711 278 1747 nen
291 1701 367 1761 potest
378 1712 428 1749 esse
438 1712 485 1749 non
495 1698 585 1749 s'oitum.
598 1698 652 1749 lise
666 1698 862 1749 auteminslentie
875 1700 952 1749 leenm

142 1768 238 1818 baberet
244 1806 253 1832 ‚
265 1768 285 1819 si
298 1771 342 1820 hoe
354 1770 414 1833 quod
426 1770 477 1820 dieo
487 1771 595 1825 scitum,
610 1768 745 1832 importaret
757 1768 861 1833 aliquam
874 1771 954 1835 (lispo-
979 1778 980 1819 ι

141 1838 249 1889 sitionem
272 1839 376 1903 subjecto
398 1840 550 1892 inhaerentem
575 1856 580 1889 :
597 1839 638 1891 sed
665 1840 717 1890 oiim
738 1840 852 1904 importet
878 1848 953 1893 aetum
979 1856 980 1893 ι

143 1910 253 1973 scientis,
267 1910 312 1974 ipsi
329 1910 364 1961 rei
378 1912 440 1962 seiten
455 1913 526 1978 (lieet
545 1924 636 1975 semper
650 1910 751 1973 scietur)
766 1916 845 1975 potest
869 1914 953 1978 aliquit
979 1930 980 1967 ι

143 1982 237 2032 attribui
246 1982 371 2032 seeundum
384 1996 425 2046 se,
438 1984 498 2047 quod
507 1997 553 2034 non
567 1982 698 2032 attribuitur
709 1982 731 2031 ei
743 1981 770 2030 in
781 1988 902 2046 quantarm
912 1988 953 2033 stat
979 1992 980 2039 ι

143 2054 187 2104 sub
199 2058 252 2103 actu
264 2052 358 2104 sciendi.
374 2052 438 2104 Sient
450 2067 500 2104 esee
513 2052 631 2104 materiale
646 2052 778 2103 attribuitur
788 2052 865 2118 lapidi
876 2070 954 2107 secun
979 2080 980 2101 ι

144 2124 199 2173 dum
206 2138 243 2187 se,
255 2126 369 2187 quod-nou
377 2124 669 2180 attribuitureiseeundum
678 2122 739 2187 qubd
747 2128 783 2174 est
793 2124 953 2191 intelligibile·

979 2200 980 2223 l

146 2271 216 2327 queri
223 2269 252 2314 ab
260 2272 353 2317 excelso
362 2283 447 2317 rerum
458 2273 585 2317 cacumine
594 2276 681 2317 seriola
687 2272 842 2329 prospiciat,
854 2280 902 2320 ete.
915 2277 956 2320 lle·
979 2280 980 2291 ¹

145 2331 278 2377 cessitatem
302 2334 451 2380 nibilominus
473 2346 522 2380 nen
543 2332 657 2392 inserens,
676 2339 701 2377 ut
719 2339 743 2379 et
761 2334 857 2381 ibidem
881 2338 955 2383 audit.
979 2336 980 2359 ³

145 2394 266 2501 ‘ff‘m
278 2408 373 2502 ‘stow
381 2398 514 2454 presentie
527 2398 622 2445 oeteis,
633 2397 797 2442 necessitatem
814 2404 878 2445 teus
891 2400 955 2444 addit

146 2468 156 2498 ι
185 2468 213 2499 ιιι
224 2467 269 2504 ιιι,
319 2490 325 2501 .
