1992 3342
122 141 170 188 8⁸2
312 151 371 188 ress
385 152 407 198 r,
426 149 518 196 ponar.
533 149 605 199 mu,
622 149 678 186 aar.
694 150 730 186 11.

153 227 308 292 (conanum,
319 251 350 263 -
359 226 437 276 Plures
449 224 527 289 angeli
536 229 712 290 permanserunt
720 225 746 274 in
753 225 841 288 gratia,
851 225 916 290 quim

120 299 296 362 peccaremus)

152 369 284 434 llespondeo
292 367 421 432 dicendum,
429 366 490 432 qubd
499 369 576 432 plures
584 366 660 429 angeli
668 367 922 430 permanseruntqubm

119 444 278 504 peecaverunt
285 439 342 499 Quia
349 443 466 504 peceatum
476 444 511 490 ast
518 443 596 489 eontra
604 440 731 490 naturalem
739 438 922 502 mclioationem;

120 523 147 562 ea
159 510 214 562 verb
225 525 275 576 quac
286 515 363 562 contra
376 515 479 562 naturam
490 510 561 571 flunt,
572 515 598 561 ut
608 511 632 562 in
642 509 791 575 paucioribus
801 511 922 566 accidunt:

122 587 202 634 natura
216 583 278 634 enim
289 583 436 647 consequitur
450 596 518 634 suum
532 583 657 643 edentum,
671 582 710 632 vel
728 596 824 647 semper
833 619 844 645 ,
853 583 925 633 uelut

121 653 147 704 in
157 653 266 719 pluribus.

153 723 187 775 td
194 725 290 789 primunr
301 737 355 788 erpo
363 723 491 786 dicendum,
502 722 563 788 qnbd
571 723 725 787 Philosophus
737 724 842 787 loquitur
852 737 927 787 quan·

122 799 171 846 tnm
184 795 212 846 ad
226 795 345 858 homines,
363 797 386 846 in
404 796 486 860 qulbus
500 796 584 847 malum
597 794 708 858 contingit
718 808 749 845 ex
758 797 805 845 boo
815 794 882 859 qubd
892 809 927 845 se-

123 869 222 930 quuntur
236 867 294 916 bona
308 866 433 929 sensibilia,
444 879 494 929 qua
508 865 674 928 cumpluribus
685 865 853 924 uota,deserto
867 867 926 916 bono

124 936 232 999 adonis,
246 938 306 1002 qurud
322 935 464 1001 paucioribus
477 941 556 987 notum
573 938 658 987 estin
676 935 764 998 angelis
783 940 865 988 antem
881 951 927 987 rou

124 1011 159 1058 est
171 1007 215 1058 nisi
227 1012 308 1058 natura
319 1007 481 1060 intellectualis
496 1024 502 1058 :
519 1008 578 1058 unde
589 1020 635 1057 non
648 1011 683 1058 est
693 1007 774 1058 similis
787 1008 856 1060 rado.

155 1079 184 1129 El
196 1091 237 1143 per
248 1081 291 1130 boo
303 1083 365 1144 paul
378 1078 496 1142 responsio
508 1079 537 1129 ad
549 1078 683 1130 seeundum.

155 1149 190 1200 sd
200 1149 291 1201 tertium
303 1149 438 1212 meandum,
452 1148 512 1212 quud
520 1148 644 1200 secundini
656 1150 708 1200 illos
720 1149 760 1214 qui
771 1149 857 1202 dicunt
867 1152 928 1216 qubd

125 1219 228 1272 dabolua
239 1223 311 1284 nudor
322 1220 364 1270 luit
377 1220 405 1271 da
415 1219 519 1271 inieriori
527 1220 605 1272 ordine
616 1219 758 1283 angelorum,
767 1219 811 1284 qui
824 1227 929 1286 praesunt

127 1291 281 1355 terrestribus,
290 1291 436 1342 maniiestum
448 1295 483 1341 est
491 1290 550 1356 qubd
562 1303 609 1340 uon
619 1290 648 1341 de
659 1291 762 1354 quolibet
771 1292 856 1344 ordine
867 1294 929 1344 ceci·

124 1361 206 1413 derunt
213 1399 221 1426 ,
230 1363 269 1412 sed
279 1363 307 1412 de
319 1361 397 1412 inimo
407 1361 496 1412 tantdm
506 1377 512 1425 3
522 1361 645 1412 secundini
657 1361 711 1413 verb
723 1361 775 1413 illos
785 1364 828 1428 qui
838 1370 929 1428 ponunt

124 1433 233 1498 majorem
243 1433 356 1484 diabolum
365 1433 392 1483 de
403 1447 509 1497 supremo
517 1432 586 1484 luisse
593 1434 681 1497 ordine,
687 1435 807 1498 probabile
816 1442 853 1487 est
865 1437 926 1500 quod

124 1504 152 1556 de
160 1504 262 1568 quolibet
272 1505 350 1556 ordine
361 1503 429 1568 aliqui
438 1504 575 1568 oeciderunt,
584 1504 644 1556 sicut
652 1505 677 1554 in
685 1506 811 1569 quemlibet
822 1509 929 1558 ordinem

124 1576 229 1627 bomines
237 1581 383 1628 assumuntur
394 1577 417 1625 in
427 1575 608 1640 supplementum
615 1576 687 1628 ruine
703 1577 816 1639 angelieas
828 1594 834 1627 ;
846 1579 873 1628 in
882 1593 927 1642 quo

124 1646 193 1697 etiam
206 1649 278 1711 magis
298 1648 455 1714 comprobatur
468 1647 559 1699 libertas
575 1647 641 1698 liberi
659 1647 760 1711 arbitrii,
778 1663 831 1712 qum
845 1664 928 1701 secun-

126 1716 180 1769 dbnr
196 1717 319 1781 quemlibet
332 1719 424 1780 gradum
438 1722 546 1768 creatura
565 1718 588 1768 in
605 1718 689 1768 malum
709 1718 774 1768 flecti
790 1725 881 1783 potest.
903 1724 928 1772 lrr

126 1801 190 1840 sacra
200 1789 314 1854 Scriptura
331 1795 408 1840 tamen
421 1791 514 1841 nomina
530 1791 676 1854 quorumdam
693 1789 813 1854 ordinum,
825 1796 851 1841 ut
861 1807 927 1842 aeru-

126 1859 198 1924 pbim
211 1864 235 1910 et
249 1859 404 1918 thronorum,
418 1858 559 1912 damonibus
572 1875 618 1911 non
629 1861 793 1924 attribuuntur,
808 1863 864 1925 quia
878 1865 927 1915 beo

128 1930 220 1981 uomina
231 1935 351 1980 sumuntur
361 1931 389 1981 ab
400 1931 479 1983 urdore
490 1933 608 1983 eharitatis
620 1937 644 1982 et
656 1932 685 1982 ab
694 1931 864 1984 inhabitatione
878 1935 924 1998 liei,

128 2015 179 2068 qua
189 2006 335 2066 nonposaunt
345 2015 394 2054 esse
404 2015 455 2053 oum
463 2009 558 2068 peceato
567 2003 665 2054 mortali.
679 2002 838 2054 attribuuntur
849 2009 925 2055 aulem

127 2073 162 2124 eis
175 2073 269 2124 nomina*
278 2073 420 2128 cherubim,
434 2078 589 2140 potestatum
608 2080 631 2126 et
649 2077 858 2140 principatuum,
874 2076 925 2140 quia

128 2146 178 2194 bac
193 2143 285 2194 nomina
297 2149 416 2196 sumuntur
429 2145 442 2196 l
457 2145 554 2198 scientia
565 2149 590 2198 et
601 2145 702 2210 potentia
708 2183 717 2210 ,
731 2160 782 2211 quae
795 2147 865 2199 bonis
877 2161 924 2198 ma·

128 2216 199 2282 lisque
212 2227 307 2282 possum
322 2229 372 2268 esse
389 2215 525 2268 communia.
