1992 3342
312 219 345 254 ns
360 218 593 257 rmnsruunrrono.
808 209 854 256 ³77

56 295 145 358 tinal'n,
159 293 240 345 actiui
252 296 330 343 antem
340 297 376 343 est
386 294 412 343 in
422 296 478 344 deo.
494 296 533 346 Est
544 296 620 344 autem
635 292 741 344 executio
756 293 855 357 praedes-

56 366 169 417 tinationis
184 366 286 414 voratio
298 368 323 414 et
338 365 530 430 moqnifieatio;
544 365 667 416 secundum
681 363 737 415 illud
752 363 856 428 Apostoli

55 439 81 486 ad
95 439 163 487 lom.
177 437 233 485 Vlll
244 451 251 484 :
262 452 278 483 o
289 437 349 494 Quos
362 435 544 499 predestinavit,
557 437 631 486 hosat
642 436 751 500 vocavit3
765 440 789 486 ct
798 449 856 500 quos

54 510 151 572 vomuit,
165 511 211 558 hos
230 510 255 557 et
266 507 429 570 magnificavit.
444 523 459 554 n

82 580 115 628 sd
126 580 228 643 primum
250 591 305 641 ergo
323 579 446 628 dicendum
455 615 464 642 ,
479 577 540 642 qudd
558 579 659 629 actiones
675 579 700 628 in
719 579 855 629 exteriorem

53 652 170 703 materiam
184 654 333 701 transeuntes
346 651 451 701 inierunt
463 666 493 702 ex
501 665 525 702 se
535 652 681 715 passionem3
696 656 722 702 ut
736 652 857 702 calefactio

52 728 75 771 et
84 723 187 785 secatio;
201 735 251 772 non
260 725 336 772 autem
355 721 459 773 actiones
471 722 497 772 in
515 727 597 786 agente
611 726 747 785 manentes3
762 728 788 773 ut
802 727 855 773 sunt

53 794 193 856 intellipere
212 796 238 844 et
255 793 331 857 velle,
351 797 378 842 ut
396 794 465 858 sopra
481 794 566 844 dictum
583 796 618 845 est
631 794 684 859 (qu.
701 797 729 843 lt
737 831 746 857 ‚
760 798 803 844 art.
826 798 855 858 t,

52 870 74 913 et
87 879 125 928 qu.
136 869 167 914 18
174 902 183 928 ,
193 869 238 914 art.
251 862 291 928 t).
303 866 332 914 Et
341 865 394 915 tulis
406 865 467 916 actio
476 869 512 915 est
522 864 690 929 predestinatio
702 881 707 916 :
721 865 782 915 unde
795 880 855 930 pree-

52 936 173 986 destinatio
191 949 240 986 non
257 935 324 998 ponit
342 935 427 999 aliquid
442 936 468 985 in
484 937 645 1000 predestinata
664 952 670 985 :
693 937 734 986 sed
751 935 857 987 menotio

51 1007 116 1068 ejus,
127 1020 180 1070 qum
197 1005 282 1057 transit
294 1005 320 1055 in
337 1005 461 1056 exteriores
474 1020 527 1070 res,
541 1005 642 1070 punitio
656 1006 689 1056 eis
704 1007 802 1071 aliquem
823 1007 858 1057 el·

51 1077 144 1127 lectum.

79 1149 115 1198 sd
125 1148 254 1198 meandum
270 1147 407 1211 dicendum,
418 1145 480 1211 qodd
490 1147 612 1198 destinatio
629 1147 749 1210 aliquando
762 1149 859 1198 semitm

49 1233 90 1279 pru
104 1219 162 1269 reali
175 1219 287 1268 missione
305 1218 404 1282 alicujus
417 1219 445 1268 ad
459 1219 558 1282 aliquem
571 1219 710 1284 terminum
725 1222 749 1268 et
762 1219 795 1270 sic
808 1221 859 1270 dee
887 1249 890 1255 ·

50 1289 133 1340 linatio
150 1292 250 1340 nonest
263 1288 309 1338 nisi
326 1289 379 1353 eins
395 1291 455 1354 quod
472 1294 507 1339 est
523 1305 528 1338 :
545 1289 589 1339 alio
602 1290 669 1339 modo
682 1290 777 1340 sumitur
790 1289 859 1340 desti·

50 1360 113 1410 natio
123 1359 287 1423 promissione
302 1357 337 1424 (t)
346 1367 415 1423 quam
428 1360 509 1424 aliquis
520 1363 596 1410 mente
609 1359 721 1423 concipit,
736 1359 859 1410 secundum

49 1431 109 1491 «pudd
124 1429 224 1480 dicimur
238 1430 354 1482 destinare
370 1431 433 1493 quod
449 1433 526 1480 mente
542 1429 636 1480 tirmiter
649 1430 797 1496 proponimus
815 1447 820 1482 ι
836 1433 860 1482 ot

49 1501 91 1550 hoc
101 1502 209 1552 seeundo
219 1501 289 1553 modo
297 1501 380 1551 dicitur
389 1500 420 1562 ll,
430 1500 543 1550 Mortuo.
554 1502 593 1564 Vl,
604 1513 655 1564 cap.
669 1500 729 1564 qudd
741 1502 860 1551 Eleazarus

51 1573 206 1622 «destinarit
217 1585 267 1622 non
283 1571 403 1621 admittere
417 1571 498 1620 illicita
509 1575 602 1634 propter
614 1572 667 1620 rite
680 1585 794 1622 amorem:
808 1588 822 1617 u
837 1576 861 1621 et

48 1643 79 1692 sie
94 1643 225 1694 destinatio
237 1645 314 1707 potest
327 1655 378 1692 esse
396 1641 448 1704 ejus
461 1641 522 1704 quod
535 1653 581 1691 non
594 1646 629 1691 est
642 1657 648 1690 :
662 1645 740 1692 minen
760 1643 860 1706 predes-

49 1713 132 1766 linatio
146 1714 242 1764 ‘ratione
258 1711 421 1763 antecessionis
441 1725 509 1776 quam
520 1712 645 1775 importat,
660 1715 736 1777 potest
749 1727 798 1764 esse
811 1712 861 1778 ejus

48 1788 110 1847 quod
122 1799 175 1835 non
188 1788 241 1847 est;
254 1784 442 1848 qualitercunque
458 1783 509 1846 ejus
522 1783 642 1833 destinatio
656 1788 764 1834 sumatur.

79 1857 113 1906 sd
124 1855 226 1906 tertium
238 1854 371 1917 dicendum,
383 1853 443 1917 qudd
457 1853 542 1916 duplex
552 1858 586 1904 est
597 1855 731 1919 praeparatio
742 1871 747 1902 :
759 1855 862 1918 quadam

47 1927 164 1988 patientis
181 1930 210 1976 ut
233 1925 349 1988 patiatur3
369 1926 392 1974 et
411 1925 461 1974 hac
475 1924 612 1988 preparatio
630 1928 664 1974 est
677 1925 699 1974 in
714 1929 859 1988 praeparatu:

48 2001 157 2060 quadam
177 1997 228 2047 alia
248 2001 283 2047 est
300 1995 390 2057 agentis
408 1999 434 2044 ut
452 2000 520 2059 agat3
534 1999 557 2046 et
569 1996 618 2044 hac
632 1999 667 2044 est
681 1995 705 2042 in
723 1998 823 2056 agente:
838 1999 862 2044 et

48 2071 99 2119 ralis
113 2067 260 2134 praeparatio
281 2074 315 2118 est
336 2066 525 2131 praedestinati03
546 2069 613 2129 prout
634 2065 724 2128 aliquod
738 2077 809 2126 agens
820 2078 863 2129 per

48 2140 210 2202 retonsarum,
227 2139 311 2188 dicitur
329 2152 354 2188 se
368 2151 495 2202 praeparare
507 2138 536 2187 ad
553 2137 684 2200 agendum,
704 2135 729 2184 in
750 2139 862 2200 quantum

48 2211 201 2276 praeooncipit
211 2210 327 2261 moenem
340 2209 417 2272 operis
427 2208 506 2258 llendi.
517 2207 546 2258 Et
558 2207 591 2258 sic
600 2209 660 2258 Deus
668 2208 696 2257 ab
707 2211 792 2258 aterno
803 2221 863 2272 prae·

48 2283 148 2345 pararit,
161 2281 367 2346 praedestinando,
376 2277 508 2344 concipiens
517 2279 630 2330 rationem
641 2278 726 2329 ordinis
734 2278 861 2343 aliquorum

48 2353 72 2400 in
86 2354 197 2404 sautem.
425 2365 432 2371 '

82 2488 117 2550 (1)
131 2492 224 2536 Annum
237 2489 329 2546 planior
342 2501 424 2534 sensus
437 2488 508 2534 videri
521 2493 599 2545 posset
611 2489 630 2533 si
642 2499 690 2545 pro
699 2489 863 2546 praeclusione

48 2551 190 2598 diceretur?
206 2552 315 2609 quamuis
334 2552 439 2609 gothica,
454 2551 627 2609 manuscripta,
645 2551 757 2606 impressa
777 2551 862 2608 passim

46 2617 83 2658 sic
99 2615 207 2661 habeant
226 2631 233 2658 ι
252 2626 307 2659 nam
324 2625 367 2670 per
382 2614 559 2670 promissionem
573 2611 704 2658 interiorem
719 2613 767 2658 slve
785 2619 863 2658 mente

46 2684 193 2734 conceptam
210 2676 357 2734 propositum
376 2676 512 2733 intelligitur
528 2677 600 2732 juxta¹
616 2674 803 2731 significationem
825 2671 863 2719 lule

48 2741 205 2796 subiturum
214 2745 241 2784 et
247 2739 297 2794 laur
308 2743 377 2783 antea
385 2736 518 2800 indicatam.
530 2736 573 2790 scd
581 2737 635 2793 quid
648 2738 676 2782 nd
689 2730 865 2795 Augustinnm?

47 2803 95 2854 uui
115 2803 194 2858 pocius
213 2801 266 2847 vult
282 2801 509 2858 praedestinationem
531 2802 582 2856 eius
602 2812 653 2845 esse
673 2800 734 2856 quod
757 2811 804 2842 non
828 2803 864 2842 ecl

48 2865 134 2908 adhuc
147 2865 189 2910 ced
204 2864 310 2910 luterum
326 2868 380 2916 ect;
395 2863 457 2908 unde
470 2875 540 2908 serm.
555 2863 592 2919 ll,
612 2863 640 2908 tle
653 2862 730 2908 vorbis
743 2859 862 2920 Apostoli,

48 2926 197 2984 Elimas·
207 2927 256 2985 qui
268 2938 319 2971 acon
331 2929 402 2976 net,
417 2925 506 2985 inquit,
526 2930 551 2970 ut
564 2923 633 2971 inira.
