1992 3342
310 264 342 303 ou
358 263 591 304 romestruomouu.
806 256 851 305 38³

86 343 108 390 δι
119 341 246 403 Praeterca,
257 358 271 388 u
286 354 333 391 nou
351 346 386 391 cst
396 342 507 405 iniquitas
526 343 586 407 opud
600 344 680 405 licum,
700 358 713 389 u
729 347 754 392 ut
770 342 853 394 dicitur

54 413 122 461 Rom.
137 412 176 461 lll.
192 411 381 475 lniquumautcm
390 426 440 463 esse
453 413 543 465 uidetur
556 416 582 461 ut
598 412 719 476 equalibus
732 414 852 478 inaequalia

54 482 141 531 deutur.
160 484 246 533 Omucs
264 488 341 533 autem
360 485 466 533 homiues
482 486 536 533 suut
559 486 656 547 aequules
678 488 702 535 ct
725 486 851 535 secuudum

54 557 155 603 suturam
166 557 191 603 ct
200 554 326 603 secundum
337 560 455 618 peccatum
465 554 589 617 origiua103
605 556 729 605 attenditur
739 566 814 607 autem
827 558 853 606 in

53 619 86 675 eis
110 624 251 687 inequalitas
273 626 398 675 secundum
420 627 502 676 merita
522 626 559 675 vel
584 626 694 677 demerita
710 629 852 692 propriorum

53 700 150 745 actuum.
165 698 216 745 Nou
228 695 298 758 igitur
311 697 431 761 iuaequulia
447 701 560 761 preparat
573 698 632 747 [teus
648 699 780 751 homiuibus
794 714 852 764 pru·

52 766 184 827 dcstiusudo
197 771 221 816 et
228 768 379 831 reprobando,
393 768 438 817 nisi
450 771 545 831 propter
557 768 709 818 differentium
719 771 852 823 meritorum

51 837 223 900 praescientiam.

82 909 128 959 Sed
145 913 222 959 contra
240 913 289 972 est,
306 912 367 973 quod
380 909 435 959 dicit
445 910 567 973 Apostolus
578 911 605 960 ad
623 910 710 961 sttlss
721 926 726 959 :
738 913 809 961 «Non
822 925 851 962 cx

50 979 157 1041 operibus
166 980 261 1043 justitie
279 995 329 1043 quc
340 980 438 1031 fecimus
449 994 500 1044 nos,
514 982 553 1031 sed
568 980 692 1031 sccundlrm
703 995 768 1031 suum
784 983 853 1033 mise-

49 1050 170 1100 ricordium
181 1052 256 1102 saluos
269 1064 310 1101 uos
322 1052 385 1101 lecit.
398 1068 413 1098 u
427 1051 491 1100 Sicut
504 1056 581 1101 autern
595 1052 668 1102 salvos
681 1066 722 1102 nos
736 1053 790 1102 lecit
797 1091 806 1116 ‚
819 1054 852 1104 itu

49 1124 73 1169 et
94 1122 263 1184 predestinavit
286 1137 327 1173 uos
352 1124 426 1174 saluos
451 1122 528 1172 lieri:
553 1136 599 1173 uon
625 1136 679 1182 ergo
707 1124 851 1185 prescientia

49 1192 182 1243 meritorum
196 1198 231 1243 est
244 1206 312 1244 cause
320 1196 358 1244 vcl
367 1194 426 1244 ratio
435 1193 650 1257 praedestiuatiouis.

83 1266 237 1327 (Coumusro.
249 1294 280 1303 -
293 1266 464 1316 Prodestiuatio
483 1265 536 1315 oum
550 1266 580 1315 sit
595 1269 679 1315 aeteruo
687 1302 694 1327 ‚
718 1266 803 1315 nullam
823 1280 851 1317 cx

49 1341 113 1397 parte
127 1337 193 1387 actus
207 1338 389 1401 praedcstiuautis
402 1350 493 1387 causam
507 1337 577 1385 habet
584 1373 592 1398 ,
611 1337 651 1385 sed
665 1339 768 1399 exparte
781 1337 851 1386 clloc-

49 1408 87 1457 tus
100 1424 106 1456 z
121 1407 154 1457 itu
177 1410 239 1458 euim
259 1409 317 1457 nihil
333 1408 438 1471 prohibet
457 1407 556 1469 aliquem
576 1406 684 1456 ellectum
704 1407 852 1469 predestina-

49 1478 117 1529 tionis
128 1492 177 1530 esse
194 1494 286 1530 causam
303 1479 396 1529 alterius
416 1479 490 1543 (sicut
505 1482 539 1527 cst
554 1478 661 1527 meritum
677 1482 701 1528 et
717 1478 850 1540 praemium,

49 1549 121 1610 gratia
131 1554 155 1599 ct
165 1551 236 1613 gloria
243 1552 262 1613 ).
270 1552 340 1601 Totus
350 1554 427 1599 tumen
440 1548 644 1613 predestinationis
659 1550 754 1599 effectus
767 1549 851 1597 nullam

48 1633 140 1671 causam
153 1623 223 1671 halet
233 1625 316 1685 proter
329 1620 428 1671 divinum
440 1619 589 1683 bonitatem.)

78 1694 215 1756 Respondco
239 1690 376 1754 dicendum,
397 1690 458 1755 quod
483 1690 535 1740 cium
557 1690 726 1755 praedestinatio
749 1691 853 1742 includat

47 1764 199 1825 voluntatem,
215 1767 241 1813 ut
252 1763 321 1826 suprl
333 1763 419 1812 dictum
435 1765 471 1811 est
484 1763 541 1824 (art.
561 1761 605 1824 t),
617 1761 650 1811 sic
666 1762 800 1825 inquirenda
817 1767 852 1813 est

47 1833 106 1883 ratio
123 1834 329 1896 praedestinationis
336 1870 344 1896 ,
355 1833 414 1882 sicut
421 1832 544 1895 inquiritur
554 1832 612 1882 ratio
621 1832 704 1882 divium
718 1833 851 1883 voluntatis.

46 1902 138 1953 Dictum
151 1908 187 1954 est
200 1908 278 1954 autem
291 1903 360 1967 suprl
374 1904 421 1966 (qu.
437 1907 477 1965 19,
489 1906 533 1952 art.
550 1902 590 1966 ὃ),
602 1900 662 1965 quod
675 1915 720 1951 uon
732 1906 767 1951 est
779 1903 852 1965 assig-

1 1984 6 1992 ·
46 1988 102 2025 nare
124 1988 216 2025 causam
231 1975 315 2025 (livium
331 1973 455 2024 voluntatis
473 1986 503 2023 er
519 1976 582 2035 parto
602 1975 667 2023 actus
684 1972 790 2035 volendi3
812 1973 852 2022 sed

46 2050 122 2109 potest
138 2047 249 2110 assignari
267 2046 325 2096 ratio
342 2059 371 2095 ex
380 2049 445 2109 parte
458 2044 594 2106 volitorum,
608 2043 754 2105 inquantum
767 2042 853 2092 scilicet

47 2119 106 2169 lleus
124 2119 176 2167 vult
198 2131 248 2168 esse
271 2116 356 2181 aliquid
376 2119 470 2180 propter
488 2115 557 2164 uliud.
580 2114 659 2163 Nullus
679 2126 733 2175 ergo
756 2112 799 2163 luit
820 2112 853 2163 ita

45 2187 134 2239 iusanae
155 2189 258 2250 mentis,
272 2188 315 2251 qui
326 2187 412 2237 diecret
427 2186 509 2236 merita
522 2198 571 2235 esse
586 2196 676 2233 causam
690 2182 774 2233 divium
793 2197 852 2248 prer-

46 2260 209 2311 destinatiouis
221 2273 249 2309 ex
262 2262 327 2323 purte
340 2259 404 2309 actis
414 2255 614 2321 praedcstmautis3
627 2255 667 2304 sed
678 2255 721 2305 hoc
729 2255 770 2303 sub
778 2268 852 2318 quaes-

45 2331 107 2382 tione
125 2330 226 2381 vertitur
234 2368 242 2393 ,
260 2330 337 2379 utrum
351 2344 380 2379 cr
394 2333 458 2393 parte
474 2327 570 2379 effectus
585 2324 755 2389 praedestiuotio
769 2326 852 2375 haheat

44 2403 148 2466 aliquam
166 2415 274 2463 causam3
294 2405 318 2450 ct
336 2402 380 2451 hoc
393 2406 428 2450 est
440 2412 542 2464 quaercrc
550 2435 559 2461 ,
576 2396 653 2447 utrium
668 2398 734 2467 Deus
742 2396 851 2459 praeorcli·

43 2473 138 2523 noverit
158 2486 182 2521 se
203 2472 309 2521 daturum
324 2472 431 2521 ellectum
451 2467 658 2533 predestinationis
678 2466 745 2516 alicui
758 2470 851 2531 propter

43 2546 127 2594 merita
143 2544 226 2606 aliqua.

72 2617 181 2665 Fuerunt
194 2613 266 2675 igitur
280 2613 373 2676 quidam
393 2614 432 2675 qui
441 2612 552 2663 'dixerunt
565 2609 626 2675 qutd
643 2610 738 2659 effectus
752 2609 852 2671 praedes·

40 2685 168 2737 tinctionis
181 2684 347 2747 praeordmatm
359 2684 429 2733 alicui
440 2686 533 2747 propter
546 2681 627 2731 merita
642 2679 812 2743 praeexisteutia
825 2678 851 2728 iu

40 2759 86 2810 otia
99 2757 176 2819 «νῆας
193 2760 216 2805 ct
226 2757 276 2805 haec
288 2756 333 2804 luit
345 2754 428 2818 positio
441 2754 546 2818 Origeuis
564 2752 603 2816 qui
616 2751 693 2815 posuit
705 2750 792 2800 unimus
808 2752 852 2798 hu-

40 2842 126 2879 monas
144 2828 173 2877 ab
188 2826 254 2877 initio
271 2830 372 2887 creatus,
393 2829 416 2875 ct
434 2824 558 2875 secuudum
580 2822 736 2873 diversitatem
759 2832 851 2870 suorum

39 2913 145 2964 operum
165 2898 267 2948 diversos
287 2901 359 2947 status
380 2910 419 2946 css
436 2895 513 2945 sortiri
525 2896 550 2944 in
564 2896 608 2944 hoc
621 2894 705 2943 muodo
720 2890 853 2954 corporibus

39 2972 132 3024 unitas.
157 2969 204 3020 Sed
220 2970 280 3021 hunc
298 2966 429 3034 opiuioucm
443 2966 543 3020 excudit
561 2966 698 3029 Apostolus,
718 2966 787 3012 Rom.
805 2960 854 3019 lll„
