1992 3342
659 63 692 152 tt
725 10 959 173 pfflii'm‘*

117 195 147 240 ee
336 205 396 242 eins
413 205 434 253 1,
452 203 543 248 onem.
562 205 596 253 ιι,
612 203 665 242 nnn.
683 205 699 239 1.
730 205 749 235 x.

114 278 243 342 figurative.
254 280 345 330 Necest
360 278 463 330 litteratis
478 293 559 330 sensns
568 279 619 344 ipsa
629 279 715 342 imm,
729 278 804 347 sedit
815 280 877 343 qnod
888 286 926 330 est
990 280 991 287 ’

114 351 235 414 figuratum
251 367 256 401 :
276 365 322 402 non
339 351 400 402 eninr
418 349 470 401 oiim
483 352 599 416 Scriptura
617 352 719 403 nominet
732 351 773 402 liei
786 352 924 472 pappum,

59 421 71 438 ²
115 426 150 472 est
161 421 266 474 litteralis
277 435 366 486 sensus,
378 422 438 487 quod
453 423 576 474 initeosit
588 425 715 474 membrum
726 423 832 486 hujusmo
902 439 926 474 r·
991 467 993 476 .

113 494 204 556 ponam,
218 494 258 544 sed
275 493 313 557 id„
332 495 400 558 quod*
408 508 449 558 per
459 496 504 546 hoe
521 496 647 546 membrum
663 494 816 559 significetur,
836 494 925 546 son'iieet
991 514 993 561 ς

113 563 185 614 virtus
195 565 321 629 operativa.
333 567 366 616 Ex
377 579 421 630 qno
429 571 493 630 petet
503 568 564 630 quon
575 567 654 619 sensui
666 565 758 618 litterati
768 579 837 617 seerae
847 567 926 631 Serip-

114 639 170 684 tnrae
183 647 300 698 nunqnam
315 639 390 699 potest
408 636 500 687 subesse
517 637 608 687 tetsnnn.

421 835 567 906 QUAESTIO
585 836 618 901 ll.

361 969 395 1015 De
413 969 480 1020 Deo,
499 983 533 1014 on
552 968 617 1014 Deus
637 969 678 1014 eit.

147 1119 205 1179 Ouia
220 1118 351 1183 principalis
361 1119 457 1169 intentio
474 1119 544 1184 thns
555 1132 623 1169 saone
641 1117 748 1170 doctrine
761 1121 812 1180 est,
825 1118 867 1168 liei
885 1133 928 1171 oo-

117 1189 242 1252 gnitionem
261 1190 365 1253 tradere,
385 1193 409 1240 et
428 1203 474 1241 non
489 1189 563 1240 solim
582 1190 706 1241 secundum
724 1188 785 1252 qnod
801 1188 863 1238 inse
874 1195 926 1254 est,

116 1262 156 1312 sed
170 1262 238 1312 etiam
247 1261 371 1317 secundini
384 1261 445 1326 qnod
454 1263 490 1311 est
501 1261 638 1326 principium
648 1274 724 1312 rernm
735 1264 760 1310 et
769 1261 821 1310 inis
828 1274 925 1326 earnm,

116 1336 139 1382 et
152 1333 281 1398 specialiter
292 1333 408 1386 rationalis
421 1337 539 1397 creatnrae,
551 1338 576 1384 nt
588 1333 692 1384 exiistis
708 1336 743 1384 est
759 1333 926 1397 manifestum,

116 1406 145 1456 ad
157 1407 226 1471 hnjns
245 1407 352 1458 doctrinae
368 1405 535 1470 expositionem
547 1405 702 1456 intendentes.

148 1480 173 1525 tn
186 1477 340 1528 Tneombimns
356 1477 383 1527 de
402 1477 464 1540 θοις
478 1480 505 1525 2⁰
519 1476 547 1526 de
563 1479 628 1526 motu
640 1474 758 1526 rationalis
774 1478 884 1526 ereatnrae
901 1475 929 1527 in

117 1549 204 1611 Denm3
218 1553 244 1596 30
256 1548 283 1598 de
295 1547 396 1611 Christo,
407 1548 447 1612 qui
463 1547 588 1598 seeundum
599 1545 659 1611 qnod
670 1549 738 1598 homo
744 1583 752 1610 ,
763 1546 802 1596 nin
815 1550 850 1597 est
860 1546 931 1598 nobis

117 1619 227 1669 tendendi
239 1619 264 1669 in
278 1620 358 1669 Deum.

149 1689 302 1742 consideratio
315 1695 392 1741 entem
410 1690 438 1742 de
449 1693 496 1742 [teo
514 1690 628 1755 tripertita
643 1690 687 1740 erit
702 1710 708 1738 ι
721 1693 747 1740 10
761 1701 858 1754 namque
871 1703 931 1742 eon-

118 1760 266 1812 sidemtnimus
277 1775 302 1812 ea
316 1775 366 1826 quae
378 1762 406 1812 ad
416 1761 538 1813 essentiam
548 1762 648 1813 divinam
660 1762 788 1827 pertinent3
801 1767 828 1812 2⁰
837 1775 863 1812 ee
875 1778 930 1827 quae

119 1833 235 1895 pertinent
252 1834 280 1883 ad
296 1832 464 1884 distinctionem
480 1848 645 1898 personarum
660 1839 687 1883 3⁰
700 1847 728 1885 ea
745 1847 796 1898 qne
809 1833 930 1898 pertinent

120 1903 150 1954 ad
162 1917 291 1967 processum
303 1909 458 1956 creaturarum
469 1907 497 1956 ab
509 1906 568 1970 ipso.

151 1975 215 2025 Circe
235 1976 356 2026 essentiam
373 1975 429 2027 vero
446 1976 547 2027 divinam
567 1993 572 2026 :
592 1981 619 2026 1⁰
636 1976 824 2027 considerandum
842 1981 878 2027 est
898 1992 931 2028 an

120 2048 180 2098 Deus
192 2047 233 2109 sit3
247 2051 274 2096 2⁰
285 2049 398 2111 quomodo
411 2049 454 2112 sit,
465 2049 504 2098 vel
513 2047 589 2112 petiis
601 2047 713 2111 quomodo
724 2061 770 2098 non
783 2049 825 2110 sit3
836 2052 861 2097 3⁰
873 2061 932 2098 oon-

119 2117 263 2168 siderenium
275 2119 318 2170 erit
331 2119 359 2170 de
373 2119 409 2170 inis
421 2134 472 2184 que
489 2121 519 2170 ad
536 2119 692 2184 operationem
699 2119 774 2184 ipsius
793 2119 930 2186 pertinent,

119 2188 206 2239 scilieet
226 2189 253 2239 de
275 2189 385 2255 scientie,
404 2192 432 2241 de
449 2191 566 2242 voluntate
584 2194 608 2241 et
626 2190 736 2254 potentin.
824 2248 828 2256 ‚

152 2259 216 2311 Cinea
229 2260 327 2324 primurn
340 2266 471 2326 queruntur
484 2262 528 2313 trin
542 2278 548 2311 ε
564 2264 590 2311 1⁰
603 2260 679 2312 utrinm
697 2262 768 2311 Deum
779 2274 828 2312 esse
842 2261 871 2311 sit
886 2275 931 2326 per

121 2343 145 2382 se
157 2336 248 2394 notum,
261 2336 286 2380 ι’
300 2331 376 2382 ntninr
387 2333 416 2384 sit
427 2334 617 2398 demonstrabile3
633 2337 658 2381 30
670 2345 700 2382 ιιι
712 2334 773 2384 [tens
785 2333 822 2385 sit.

428 2479 585 2529 ARTICULUS
601 2478 620 2526 1.

286 2593 371 2639 Utriern
383 2593 461 2638 Deum
470 2605 527 2649 esse,
540 2591 572 2635 sit
583 2603 625 2648 per
634 2603 658 2634 ne
671 2593 763 2634 troium.

152 2715 186 2766 Ad
203 2714 302 2779 primum
315 2713 347 2764 sic
363 2711 491 2776 prooediinr
505 2708 548 2775 (i).
562 2709 658 2760 Videtur
674 2707 734 2773 quod
747 2709 819 2758 [teum
831 2721 882 2758 esse
892 2695 935 2759 'sit

121 2800 163 2850 per
179 2801 203 2840 se
217 2790 305 2838 notum.
324 2785 366 2836 lile
379 2781 441 2834 enim
454 2782 520 2834 nohis
533 2782 638 2834 dicuntur
653 2795 695 2846 per
706 2794 731 2832 se
748 2783 815 2844 non,
831 2792 934 2844 qnorum

156 2927 198 2991 (1).
213 2932 245 2976 Ite
255 2928 290 2975 his
301 2927 372 2975 etism
382 2925 406 2972 1.
421 2927 499 2978 sent„
511 2926 564 2973 dist.
580 2925 610 2986 3,
623 2937 663 2982 qn.
677 2923 706 2984 t,
719 2930 762 2971 art.
778 2924 806 2979 ῦς
821 2929 845 2968 et
857 2921 934 2970 eone.
