1992 3342
146 236 193 281 tet
326 242 387 279 rens
403 241 429 290 1,
443 239 535 290 cussa.
551 239 627 284 xxm,
644 239 699 276 aar.
717 239 773 278 tur.

146 320 216 372 iacnt
224 319 262 368 vel
272 329 320 368 nun
330 316 398 367 iactis
411 313 567 380 predestinati
581 319 764 380 consequuntur,
780 314 894 381 reprobati
902 325 937 362 non

145 391 324 452 consequantur.
335 387 469 438 Sedcontra
479 389 525 438 troc
539 391 592 438 sunt
604 400 684 437 omnes
700 387 869 438 admonitiones
882 397 937 436 sacra

145 462 269 525 Scriptura
280 461 429 509 exhortantes
437 458 602 510 adorationem
612 462 635 508 et
645 459 674 508 ad
688 457 733 508 alia
742 459 806 508 hona
818 453 937 523 operandi

145 532 202 582 verd
224 531 332 580 dixerunt
347 530 409 593 quod
427 543 470 594 per
488 530 602 580 orationes
618 531 718 580 mutatur
739 529 819 580 divina
838 525 938 594 pradesti-

147 602 212 652 natio
223 616 230 650 t
245 604 270 650 et
282 603 333 650 ltaec
347 600 431 650 dutus
443 601 513 650 inisse
522 600 599 664 opinio
607 599 774 664 AEgpptiurum,
785 599 825 664 qui
838 599 936 666 ponebant

148 672 316 723 ordinationem
333 671 450 734 divinam,
468 685 536 734 mam
552 673 645 720 Fctum
666 669 822 734 appellabant,
842 668 939 733 aduitus

147 742 267 792 meritiuis
279 744 303 792 et
314 742 456 793 orationihus
470 743 577 806 impediri
588 755 663 806 posse.
676 741 720 791 Sed
735 745 872 792 contrahes
885 739 938 790 etiau

146 817 183 864 est
205 813 331 864 authoritas
347 827 418 864 saera
430 813 554 876 Scriptura
570 830 576 877 ;
597 813 681 863 dicitur
700 813 764 862 enim
784 811 937 878 l,1te9.lil:

148 902 163 933 ιι
180 885 251 934 Purrd
270 884 423 950 triumphator
441 886 514 935 lsrael
531 898 578 935 non
594 887 691 950 parcet,
714 897 792 948 neque
810 881 940 947 poenitudine

147 957 261 1006 lieetetnr.
274 973 288 1003 n
302 959 331 1006 Et
345 960 416 1008 ltom.
431 958 467 1020 tl,
482 956 576 1020 dicitur,
587 955 649 1020 quod
664 972 678 1003 a
691 955 740 1006 siue
752 955 891 1020 paenitentia
902 955 940 1002 suut

148 1027 209 1078 dona
222 1027 264 1077 liei
276 1031 300 1078 et
313 1027 412 1078 vocatio.
421 1044 436 1074 »

179 1098 208 1148 Et
220 1099 287 1162 ideo,
303 1099 371 1149 aliter
383 1098 505 1148 dicendum
518 1095 579 1162 qndd
591 1096 615 1146 in
628 1096 829 1162 praedestinatione
845 1099 940 1148 drusun

148 1169 330 1232 mnsideranda,
350 1169 438 1219 scilicet
455 1169 505 1232 ipsa
519 1168 682 1232 preordinatio
701 1168 779 1218 divina
789 1206 799 1232 ‚
818 1172 843 1218 et
862 1167 941 1218 effectus

148 1238 208 1302 ejus.
222 1242 336 1299 duantum
346 1240 417 1302 igitur
436 1239 465 1288 ad
483 1239 602 1303 primum,
621 1239 682 1290 nullo
698 1241 767 1289 modo
785 1235 943 1304 predestinata

145 1309 242 1372 juratur
260 1311 367 1375 precibus
386 1312 533 1374 sanctorum3
551 1323 598 1360 nun
617 1309 679 1360 enim
699 1309 810 1373 precibus
826 1311 942 1360 sanctorum

148 1380 175 1430 lit
188 1380 250 1445 qnod
264 1381 347 1445 aliquis
356 1380 533 1445 praedestinetur
544 1380 557 1430 d
570 1381 626 1430 Deo.
638 1381 755 1440 Quantum
767 1379 824 1430 verd
838 1381 867 1430 ad
876 1387 943 1428 secun·

147 1451 202 1501 dnm
212 1490 222 1515 ,
234 1451 318 1503 dicitnr
335 1451 506 1515 praedestinatio
515 1451 593 1514 juvari
606 1451 712 1515 precibus
722 1455 855 1501 sanctorum
870 1452 893 1499 et
905 1446 945 1496 alii<

152 1521 219 1572 hunis
238 1522 364 1586 operibus3
384 1521 438 1584 quia
456 1521 602 1584 prouidentia
623 1521 706 1586 (cujus
730 1520 899 1584 pradestluafio
919 1521 944 1564 est

148 1590 216 1654 pars)
227 1605 274 1641 non
287 1591 399 1658 subtrahit
409 1605 489 1642 causas
501 1593 622 1654 secundas,
635 1593 675 1642 sed
685 1590 718 1642 sic
731 1591 837 1654 providet
848 1591 943 1641 effeetus.

149 1665 176 1710 ut
193 1661 262 1710 etiam
283 1663 338 1711 urdo
354 1675 476 1713 causarum
493 1663 643 1712 secundarum
662 1661 783 1725 subjaceat
798 1659 945 1725 providentia.

149 1730 213 1783 sient
225 1731 295 1794 igitur
307 1731 321 1781 i
333 1734 380 1782 lieo
394 1733 427 1782 sic
437 1732 585 1795 prouidentur
598 1733 715 1782 naturales
732 1732 838 1794 edecus,
848 1735 873 1781 ut
885 1729 945 1780 etian

149 1815 223 1853 causae
246 1805 361 1854 naturales
378 1805 407 1854 ad
420 1805 472 1854 illos
488 1806 604 1854 naturales
622 1804 721 1854 edoctus
741 1804 889 1867 ordinentur,
904 1803 946 1852 siue

149 1873 234 1936 qubus
244 1873 278 1922 illi
293 1874 389 1925 elieetns
402 1888 449 1924 non
461 1874 628 1937 provenireut3
644 1874 676 1924 ita
697 1873 731 1923 sic
747 1875 920 1938 predestinatur
939 1872 948 1917 l

150 1945 198 1995 ltec
207 1946 268 1994 salus
278 1944 391 2008 adcttjus,
403 1948 430 1994 ut
443 1946 513 1994 etiam
525 1945 566 1995 sarh
576 1944 656 1994 ordine
667 1945 874 2008 predestinationis
888 1945 948 1992 cadut

150 2015 258 2081 quicquid
270 2016 387 2065 hominem
399 2018 520 2079 promovet
537 2015 563 2063 iu
581 2015 697 2078 salutem,
717 2016 755 2065 uel
775 2015 887 2080 predones
903 2027 951 2078 pro-

152 2087 222 2150 pria,
241 2087 279 2136 vel
294 2086 407 2149 aliorum,
425 2086 463 2135 vel
477 2085 522 2135 alia
532 2087 592 2136 hona
600 2122 608 2149 ,
629 2086 667 2136 rel
679 2085 791 2148 quicquid
808 2084 948 2150 hujusmodi.

152 2157 202 2207 sine
220 2157 303 2221 multam
321 2156 404 2219 aliquis
421 2157 519 2206 salntem
536 2169 583 2206 nun
596 2155 751 2218 consequitur.
765 2157 829 2206 Unde
839 2153 951 2220 predesti-

152 2228 213 2277 natis
222 2229 353 2279 conandum
367 2230 402 2278 est
413 2229 441 2276 ad
452 2227 513 2276 bene
524 2229 664 2290 operandum
677 2228 701 2276 et
717 2227 837 2290 orandum,
849 2226 902 2290 quia
914 2239 953 2286 per

152 2297 285 2360 hujusmodi
303 2297 509 2361 predestinationis
522 2297 617 2348 effectus
634 2296 826 2350 certitudiualiler
840 2297 951 2359 impletur.

152 2367 249 2430 Propter
262 2370 324 2432 quod
336 2369 418 2419 dicitur
431 2369 548 2431 11‚1²et.1
561 2385 567 2418 z
580 2368 705 2432 «satagite
718 2374 745 2418 ut
759 2383 802 2433 per
814 2369 871 2419 bona
883 2379 954 2430 opera

150 2441 238 2487 temni
250 2443 349 2489 vestram
362 2439 507 2491 vocationem
520 2442 543 2489 et
558 2439 693 2490 electionem
703 2437 804 2489 'laudm
817 2454 830 2486 n

185 2508 220 2558 nd
240 2508 338 2573 primum
351 2523 406 2573 ergo
424 2510 559 2573 dicendum,
574 2509 632 2575 qudd
648 2510 705 2566 ratio
722 2509 761 2560 illa
779 2508 874 2560 ostendit
891 2507 951 2570 quid

153 2579 322 2642 predestinatio
342 2595 389 2630 non
408 2581 502 2644 juvatur
522 2582 626 2646 precibus
648 2585 780 2632 sanctorum
800 2585 908 2646 quantum
929 2593 948 2628 a·

153 2649 227 2713 ipsam
240 2652 462 2714 praeordinationem.

169 2721 219 2788 ,nd
233 2723 359 2772 seeundum
370 2722 504 2786 dicendum,
517 2721 580 2786 quod
597 2723 679 2788 adqrus
696 2723 781 2776 dicitur
794 2720 894 2788 edmari
916 2735 953 2784 pe.

153 2792 225 2842 alium
239 2792 381 2856 dupliciter:
401 2807 448 2844 unu
467 2793 573 2844 mudossin
591 2800 702 2858 quamum
723 2797 753 2846 alt
769 2810 797 2847 eu
814 2793 892 2857 accipit
911 2793 947 2840 sir

154 2865 243 2929 tntem3
256 2867 280 2913 et
291 2865 326 2913 sic
339 2865 444 2927 adiuvari
455 2863 541 2915 intirim
558 2869 611 2929 est,
628 2868 688 2917 unde
705 2867 753 2917 lieo
773 2880 820 2918 non
832 2863 956 2926 competit-

154 2933 228 2982 etsie
244 2935 383 2996 intelligitur
395 2935 471 2985 illud:
492 2951 506 2983 o
526 2935 580 2994 Quis
595 2937 683 3000 adjuvit
703 2935 810 3001 spiritum
824 2932 931 2987 mutini?
947 2957 957 2970 «ι
