1992 3342
380 192 413 229 nn
427 193 510 230 uon
525 194 574 232 nni.
832 187 877 236 ete

83 267 262 331 iniquitatem.»
281 265 345 315 Nileil
363 270 440 317 antem
455 267 527 318 simul
544 267 597 320 odio
615 269 713 320 nitetur
726 275 751 320 et
768 275 876 322 amatur:

83 352 132 401 erge
144 340 207 388 lleus
221 349 268 386 nen
282 336 360 387 omnin
372 342 442 388 amat.

107 409 149 458 Sed
158 410 241 458 centra
249 411 301 469 est,
312 408 376 470 qnod
387 408 472 459 dieitur
480 411 542 473 Sap.
557 411 588 464 ltl
601 425 607 458 ι
619 428 633 458 (ι
643 411 724 474 Diligis
736 412 813 462 omnin
829 425 879 476 que

80 484 145 544 sint,
161 484 187 530 et
204 479 264 528 nihil
278 479 347 530 odisti
364 493 508 544 eorumquae
523 481 605 531 fecisti.
623 498 637 528 s

107 553 306 615 (coscnusio.-
316 550 373 602 Cim
389 552 469 602 onnia
482 553 604 604 existentia
617 553 663 604 sint
673 555 744 617 bena,
757 559 781 606 et
794 555 808 604 l
821 555 878 622 lieo,

78 622 105 670 si
116 623 157 674 ille
169 621 246 672 amari
257 622 396 672 eredendum
409 627 462 685 est3
478 638 544 674 secus
561 623 629 688 quim
649 638 707 690 nos,
719 625 759 689 qui
775 624 789 675 l
804 639 880 676 rerum

78 692 178 744 lenitate
201 693 232 744 ad
255 707 357 744 amorem
379 694 536 758 impellimur;
558 696 607 760 ipse
628 696 684 747 vend
704 701 788 747 cuneta
807 697 881 761 diligit

77 767 173 816 creando
187 769 211 814 et
223 764 368 816 infundendo
380 765 426 815 illis
438 767 590 831 honitatem.)

107 836 245 899 Respondes
267 835 404 900 dicendum,
421 836 482 901 quid
497 839 558 886 Ueus
576 837 653 888 omnia
668 837 791 888 existentia
810 843 879 890 amat.

82 904 136 955 llam
150 905 231 957 emnia
244 905 368 956 existentia
382 906 408 956 in
422 912 533 970 qnantum
547 910 611 970 sunt,
629 909 690 959 bena
707 912 761 962 sunt
780 925 786 957 :
806 908 886 971 ipsum·

82 975 140 1026 en'nn
149 992 203 1028 esee
212 976 337 1040 cujustibet
346 977 381 1026 rei
391 978 503 1041 quoddam
518 978 603 1029 bonnm
613 982 656 1042 est,
669 983 693 1030 el
705 977 882 1042 similiterque·

82 1044 135 1096 litet
144 1047 262 1110 persentio
270 1047 350 1110 ipsius.
360 1049 482 1099 Ostensnm
491 1052 527 1098 est
536 1051 612 1098 antem
620 1063 697 1112 snpra,
707 1050 768 1112 quod
778 1049 883 1100 voluntas

79 1115 118 1166 Ilei
133 1122 170 1168 est
182 1131 256 1168 causa
273 1117 376 1168 omnium
390 1132 481 1182 rernm3
496 1123 521 1169 et
534 1119 566 1170 sic
579 1123 669 1183 oportet
680 1119 741 1183 qudd
755 1119 780 1169 in
792 1123 882 1170 tantum

78 1187 162 1251 aliquid
174 1189 264 1239 habeat
274 1203 339 1245 esse,
355 1193 395 1238 ant
411 1190 563 1253 quodeunque
576 1191 670 1254 bonum,
684 1191 708 1239 in
724 1194 834 1253 qinntum
848 1193 883 1242 est

78 1258 171 1309 volitmn
186 1259 203 1308 i
218 1260 278 1310 ileo.
292 1259 391 1310 Cuilibet
400 1260 469 1322 igitur
482 1260 592 1310 existenti
602 1261 662 1310 Deus
674 1261 724 1310 nult
739 1260 830 1324 aliquod
842 1261 883 1312 lte

75 1340 138 1380 num.
164 1329 251 1392 Unde,
273 1329 328 1380 eim
350 1343 426 1380 amare
446 1330 480 1378 nit
501 1330 562 1380 aliud
581 1330 611 1381 sit
630 1329 699 1394 quim
717 1331 776 1381 velle
798 1332 883 1382 ionum

70 1400 158 1464 nimi,
169 1401 323 1451 manifestim
336 1404 372 1452 est
382 1400 443 1464 qudd
456 1402 517 1452 Dens
530 1401 607 1452 omnia
616 1415 667 1465 quae
679 1405 742 1463 sunt,
754 1405 823 1450 amat.
834 1403 884 1452 Non

76 1473 155 1523 tinen
165 1486 195 1524 ee
205 1473 277 1522 niodo
293 1472 354 1522 sient
365 1486 408 1522 nos
417 1471 452 1537 (1)
467 1486 473 1520 τ
491 1473 545 1536 qnia
558 1472 620 1523 enim
632 1472 739 1522 voluntas
750 1476 827 1522 nestra
837 1485 884 1522 non

76 1545 110 1590 est
122 1556 195 1593 causa
204 1542 317 1593 boniatis
325 1555 417 1604 rernm,
426 1542 466 1592 sed
475 1542 504 1591 ab
514 1556 543 1593 ea
553 1545 656 1592 movetur
668 1541 726 1592 sieut
738 1543 766 1592 ali
776 1542 883 1605 objecto,

79 1625 144 1664 amor
156 1617 247 1677 nester,
258 1628 305 1678 qne
318 1614 403 1665 bonnm
417 1613 485 1663 alind
497 1615 616 1676 volumus,
630 1627 676 1664 non
689 1616 724 1664 est
738 1626 806 1664 eausa
818 1613 884 1664 beni-

76 1684 131 1734 tatis
140 1684 217 1748 ipsius
227 1701 235 1747 3
245 1683 309 1735 sede
323 1697 434 1734 converse
449 1682 541 1734 benitas
551 1683 602 1746 ejus
616 1683 671 1748 (vel
689 1697 759 1746 vera,
773 1685 811 1734 vel
822 1683 885 1734 nsti-

76 1754 170 1818 mati),
190 1759 302 1818 provocat
317 1768 419 1804 amorem
437 1767 481 1816 qno
499 1753 523 1804 ei
542 1754 660 1816 volumus,
680 1757 704 1804 et
723 1754 808 1804 bonum
831 1769 884 1806 con·

73 1826 166 1874 servati
179 1825 241 1888 qnod
257 1825 342 1888 halet,
360 1828 385 1874 et
401 1825 454 1873 addi
469 1824 530 1887 qnod
548 1837 595 1874 nen
612 1825 696 1887 habet,
714 1828 738 1875 et
757 1829 782 1874 nt
800 1826 828 1875 ad
841 1827 885 1875 linc

76 1907 212 1956 operemur.
229 1895 275 1945 Sed
294 1907 358 1944 amor
375 1894 418 1944 Uei
435 1897 471 1944 est
483 1894 608 1945 infundens
623 1899 647 1944 et
663 1907 743 1944 ereans
759 1895 884 1946 bonitatem

73 1963 98 2012 in
112 1967 197 2016 rebus.

101 2037 140 2087 sd
150 2036 254 2100 primum
263 2035 335 2098 igitur
348 2034 485 2097 dicendum,
498 2033 559 2096 quid
570 2047 649 2084 amans
663 2033 696 2084 sic
708 2033 737 2083 sit
748 2036 812 2082 extra
825 2046 849 2082 se
860 2033 885 2084 in

70 2112 180 2156 amatum
197 2106 332 2168 indusiatus,
345 2104 371 2154 in
391 2108 503 2168 qnantum
517 2104 567 2154 vult
583 2108 658 2154 amato
674 2105 774 2165 bonum,
792 2107 815 2152 et
831 2117 886 2167 ope·

68 2180 136 2226 ratur
151 2190 200 2242 per
211 2189 277 2226 snam
295 2175 478 2238 providentiam,
490 2175 550 2224 sieut
565 2180 589 2225 et
608 2175 659 2225 sibi.
679 2173 743 2224 Unde
765 2173 819 2224 dicit
834 2175 886 2226 Uio-

67 2247 216 2311 nysius‚1tl
230 2260 281 2311 cap.
291 2246 422 2295 Dedistn.
434 2245 508 2294 Nom.
525 2260 530 2294 :
547 2262 561 2294 (ι
573 2245 707 2295 ludendum
721 2247 756 2294 est
769 2249 845 2295 autem
862 2250 886 2296 et

66 2318 113 2366 hoc
120 2331 169 2382 pro
181 2317 282 2367 veritate
292 2315 378 2377 didere,
388 2313 449 2377 qutd
458 2314 540 2378 etipse
552 2315 653 2365 oninium
667 2328 745 2378 causa,
758 2329 800 2379 per
814 2315 886 2364 abun-

65 2387 179 2439 dantiam
200 2387 308 2437 amative
319 2385 446 2448 bonitatis,
460 2389 526 2435 extra
538 2384 640 2449 seipsum
653 2385 678 2434 fit
691 2385 807 2438 adomnia
822 2385 885 2436 exis·

65 2460 145 2510 tenda
157 2457 319 2523 providentiis
333 2456 377 2522 (2).
392 2473 407 2504 n

98 2565 133 2631 (ί)
150 2569 246 2624 supple
257 2579 384 2624 emamus,
396 2573 423 2612 nt
435 2567 543 2623 adjuncta
555 2565 689 2621 explicant;
704 2565 748 2611 etsi
761 2567 807 2612 elie
816 2578 886 2612 sensu

64 2645 118 2676 uon
138 2633 217 2678 siout
236 2642 281 2674 snos
301 2641 379 2674 emere
392 2629 438 2674 diei
454 2634 533 2686 posset
555 2628 632 2672 omnis
646 2640 696 2684 quie
710 2634 774 2684 sunt,
789 2628 886 2685 speciali

66 2706 151 2740 amore
173 2703 224 2737 nos
237 2690 312 2747 diligit
326 2703 395 2746 snpra
413 2691 499 2736 omnia.
518 2689 583 2735 Unde
599 2701 652 2733 mox
667 2690 699 2734 ihi
717 2691 863 2747 subjungitur
879 2705 884 2732 :

66 2756 135 2812 Oisia
152 2759 210 2802 tua
222 2757 296 2802 snat,
316 2753 437 2802 Domine,
454 2755 498 2809 qni
518 2763 583 2796 emas
601 2753 764 2801 animemel
784 2752 888 2796 Domine

67 2832 170 2872 anuos·
181 2823 333 2868 animem
349 2812 475 2883 (φιλόψυιι
492 2808 612 2882 dissona)
627 2827 672 2868 etc.

93 2894 126 2958 (Ξ)
147 2898 185 2942 Ut
203 2903 236 2936 ex
254 2893 348 2950 undena
364 2893 470 2941 versione
487 2898 583 2949 usurpet
602 2895 624 2940 s.
644 2893 756 2950 Thomas,
769 2903 798 2937 ex
813 2897 887 2945 green
