1992 3342
153 221 200 266 1³2
365 227 427 263 raus
443 229 465 273 r,
482 227 574 271 ouasr.
593 228 632 275 rr,
651 226 706 263 rur.
724 226 742 261 1.

183 305 218 355 nd
236 302 333 368 primum
355 315 410 364 ergo
428 300 563 364 dicendum,
583 300 643 365 qndd
663 314 739 351 aeuum
757 300 881 364 aliquunde
900 298 960 350 eooi-

152 375 214 440 pitur
230 387 272 438 pro
286 373 385 435 seculo,
400 374 461 436 quod
481 375 516 423 est
532 372 639 437 periodus
653 370 779 422 durationis
793 371 891 435 alicujus
904 370 940 421 rei
955 386 960 417 :

154 451 178 495 et
194 445 228 495 sie
240 444 346 494 dicuntur
357 443 428 502 multa
440 457 504 506 eva,
519 442 579 495 mont
591 444 662 492 multa
674 443 769 494 saeoulu.

184 515 219 565 ld
241 516 364 565 secuudum
385 514 519 577 dicendum,
541 512 674 577 quodlicet
696 526 791 577 corpora
813 512 918 563 ecelestia
940 514 964 560 et

153 586 281 652 spiritualia
296 586 404 636 differant
421 586 446 635 in
464 599 548 649 genere
561 590 662 648 naturae,
683 582 761 634 tamen
783 584 927 635 eonveniunt
938 583 965 631 in

154 661 207 721 hoo,
218 660 278 722 quod
286 659 371 709 habeut
378 672 428 709 esse
438 658 644 708 intransmutabile.
655 658 683 707 Et
691 656 725 707 sio
733 660 896 706 mensurantur
903 668 962 707 aeuo.

186 731 328 781 tuoruum
347 730 486 794 dicendum,
508 729 569 793 qnod
590 742 633 779 neu
646 729 723 779 omnia
740 729 877 792 temporalia
898 729 968 779 simul

154 801 280 865 incipiunt,
293 804 317 851 et
336 804 414 851 omen
433 799 535 851 omnium
548 804 583 851 est
595 814 666 849 nuum
682 802 784 863 tempus,
805 804 901 863 propter
918 799 966 864 pri-

155 886 234 934 mum,
256 873 316 934 quod
339 875 481 922 mensuratur
503 874 615 935 tempore.
641 872 669 921 ut
691 870 725 920 sio
750 871 826 921 omnia
850 871 967 921 seviterua

156 944 242 993 habeut
253 957 323 993 unum
336 956 411 994 uuum
421 946 514 1008 propter
520 942 629 1006 primum,
640 941 709 993 etium
719 942 739 992 si
749 955 796 993 uon
805 941 885 992 omnia
898 940 969 993 simul

155 1012 275 1076 incipiant.

187 1085 221 1133 dd
234 1086 338 1147 quartum
358 1084 492 1147 dicendum,
511 1083 571 1148 qu'od
587 1084 615 1133 ud
632 1084 677 1133 hoe
698 1082 759 1147 quod
777 1082 853 1145 aliqua
871 1096 970 1133 mensu-

155 1158 235 1205 rentur
254 1168 296 1219 por
309 1154 400 1218 aliquod
414 1169 493 1219 unum,
506 1168 553 1207 uon
569 1154 691 1218 requiritur
703 1154 763 1217 quod
776 1153 832 1203 illud
845 1168 923 1204 nuum
940 1152 970 1203 sil

157 1236 224 1275 causa
236 1225 339 1275 omnium
351 1238 443 1289 eorum,
457 1227 497 1277 sed
510 1224 571 1291 quod
584 1226 614 1276 sit
627 1226 760 1291 simplicius.

351 1388 354 1392 ’
453 1426 599 1496 oumsuro
619 1427 667 1491 uu.

249 1578 285 1622 De
298 1579 393 1628 semitm
406 1577 466 1627 Dei,
479 1578 510 1622 io
523 1581 629 1635 quotuor
639 1576 760 1623 urtioolor
771 1576 863 1622 diuiso.

188 1744 243 1791 Post
253 1742 371 1807 promissa
383 1744 573 1795 considerandum
587 1746 622 1793 est
634 1742 662 1792 de
675 1741 754 1792 diuino
766 1740 863 1791 unitate.

189 1813 219 1861 lit
233 1812 293 1863 eirea
309 1814 354 1863 doe
370 1817 503 1877 queruntur
520 1817 637 1878 quotuor:
659 1816 685 1861 1ο
706 1812 787 1863 Uirium
806 1824 882 1862 uuum
903 1814 977 1865 addat

158 1883 244 1947 aliquid
260 1896 328 1947 supra
351 1896 401 1933 eus.
430 1888 458 1933 2⁰
483 1884 564 1935 Uirium
581 1886 725 1947 opponantur
746 1896 818 1933 unum
839 1886 865 1933 et
886 1887 976 1935 multa.

160 1959 187 2004 30
197 1954 277 2007 lltrdm
288 1954 348 2005 lieus
360 1955 390 2005 sit
398 1968 466 2005 unus.
483 1959 509 2004 t⁰
523 1954 602 2007 Utrum
615 1954 645 2005 sit
658 1952 756 2004 mummi
769 1968 838 2003 unus.

463 2097 621 2148 aumonius
640 2098 659 2146 l.

256 2204 258 2208 ’
310 2213 396 2257 Utrum
405 2224 482 2256 ouum
491 2211 568 2257 addat
577 2210 671 2269 aliquid
681 2220 755 2267 mtpra
764 2222 813 2255 eor.

191 2329 226 2378 dd
237 2328 336 2391 primum
356 2328 390 2378 sio
408 2326 539 2393 proceditur
552 2326 594 2393 (1).
610 2327 703 2377 Videtur
725 2326 786 2390 quod
803 2340 879 2377 unum
902 2331 986 2381 addat

160 2398 246 2463 aliquid
254 2410 321 2464 supra
329 2411 380 2449 eus,
388 2400 461 2449 Omne
470 2398 533 2448 enim
544 2398 606 2462 quod
617 2402 652 2451 est
666 2398 691 2447 iu
705 2397 781 2462 aliquo
795 2410 882 2459 genere
897 2400 989 2454 deter-

160 2470 261 2532 minato,
279 2470 428 2520 mimator
448 2468 563 2519 additione
584 2470 611 2519 ad
633 2482 688 2532 ens,
709 2468 769 2532 quod
790 2468 875 2521 diremi
896 2476 991 2523 omnia

161 2553 253 2605 genera.
268 2540 313 2589 Sed
326 2553 397 2589 unum
411 2543 446 2589 est
463 2540 488 2589 in
502 2552 586 2601 genere
600 2538 763 2601 determinato;
781 2543 816 2588 est
830 2540 898 2591 euim
910 2544 991 2607 prin-

160 2610 246 2674 cipium
258 2609 360 2672 numeri,
379 2610 466 2673 quiesi
482 2610 571 2674 speeies
584 2609 724 2672 quantitatis.
745 2608 804 2673 Ergo
823 2623 899 2661 unum
914 2615 984 2666 addi

161 2681 250 2745 aliquid
265 2692 334 2745 supra
347 2691 396 2731 eus.

190 2757 214 2801 2.
230 2752 429 2815 Protereufquud
442 2750 523 2801 diuidit
543 2750 635 2815 aliquod
653 2762 790 2813 commune,
810 2753 929 2805 sehabet
958 2771 976 2807 e

196 2876 266 2940 (filie
274 2879 384 2925 bisetium
396 2878 465 2937 inira,
476 2890 517 2934 qu.
528 2878 567 2938 30,
577 2885 621 2924 art.
632 2878 654 2933 83
668 2884 693 2924 nt
703 2884 726 2924 et
736 2880 756 2938 1,
768 2878 849 2931 Sunt..
860 2880 920 2929 dist.
946 2886 988 2930 24

163 2947 207 2986 art.
220 2941 243 2996 33
258 2948 283 2987 et
296 2943 320 2986 in
334 2942 377 2999 ΙΙΙ,
391 2940 508 2998 Hetoplt„
522 2942 576 2987 leot.
590 2938 621 2989 io
635 2948 658 2985 et
674 2940 711 2985 13.
