1992 3342
247 229 278 265 nn
293 227 359 266 nono
374 226 526 266 cocmnrours
541 227 673 266 unomen.
814 218 861 266 'lit

66 309 128 358 uras
143 317 189 356 non
199 303 298 356 uidonoo
312 304 424 368 Verbum,
437 303 614 356 essentialitas
628 305 760 354 matutina
770 305 868 357 rliuorsa¹

66 382 114 440 θεῖς
122 381 147 428 ut
157 379 234 428 autom
240 376 307 428 unani
317 377 498 434 adorentumsot
507 378 536 428 ad
545 378 643 428 Vcrbnrn
651 377 861 438 muronicam

67 453 101 500 ost
113 463 165 499 curn
175 449 226 513 illa,
239 449 347 500 distincta
360 447 449 500 tantirnr
462 463 491 500 ar
501 447 640 513 cognitorum
654 449 823 511 distinctione.)

97 522 232 586 licsponuleo
248 521 367 571 dicendum
374 555 382 584 ‚
394 519 454 584 quid
468 521 530 592 sicru
544 519 628 571 dictum
637 525 687 585 cst)
700 521 799 584 cognitio
812 533 864 570 uec·

66 595 168 658 pectino
181 593 262 644 dicitur
276 605 320 657 qua
334 592 409 656 angeli
421 596 560 656 cognoscunt
572 605 609 643 ros
623 593 648 642 in
664 592 754 657 propria
772 596 862 656 natura.

67 665 133 726 Quod
152 678 197 715 nou
211 668 285 728 potest
299 662 331 713 ita
349 663 445 728 intelligi
458 664 524 728 quasi
538 677 567 714 cx
581 664 672 728 propria
688 678 762 715 rerum
781 668 863 718 natura

66 735 219 800 cognitionum
239 734 363 802 accipiant,
377 740 402 786 ul
415 737 464 787 troc
478 736 616 801 propositio
625 738 653 785 in
669 727 754 788 iudicet
772 737 863 787 trabitu-

67 808 145 860 dinem
154 807 269 873 principii,
279 807 332 872 quia
342 807 418 870 angeli
426 821 471 858 non
481 807 596 873 accipiunt
606 808 863 870 cognitionem-aratus,

67 884 93 932 ut
110 879 178 946 sopri
194 879 296 931 habiturn
311 883 346 930 cst
362 879 406 944 (l).
421 879 565 943 Relinquitur
579 880 648 944 igilur
665 879 735 943 qnod·
746 882 790 937 hoc
803 881 865 944 quoti

8 989 9 992 ,
67 951 160 1014 dicitur,
176 953 204 1002 iu
221 952 329 1016 propria
349 949 737 1016 accinctumaccensum
754 952 865 1002 rationem

69 1025 153 1088 cogniti
170 1023 293 1076 secundnm
306 1022 366 1088 quid
378 1023 460 1074 subest
473 1022 612 1086 cognitioni,
625 1026 649 1071 ut
663 1021 749 1072 scilicot
765 1023 864 1086 cognitio

68 1099 211 1162 vespertino
219 1097 245 1146 iu
253 1095 342 1160 augelis
351 1094 437 1146 dicatur
450 1094 576 1146 secundinm
588 1094 648 1158 outrl
659 1099 800 1158 agnoscunt
814 1111 866 1146 ense

69 1183 146 1220 rorurn
151 1169 211 1232 quod
219 1168 288 1218 haltct
295 1165 463 1232 rosinpropria
469 1170 559 1219 natura·
569 1168 633 1229 Quod
638 1166 729 1230 quidem
736 1180 778 1231 per
783 1167 866 1231 duplex

69 1240 171 1290 medium
187 1243 342 1302 cognoscunt,
357 1237 444 1290 scilicet
460 1251 502 1302 pcc
518 1239 605 1304 graues
617 1239 724 1302 innatas,
736 1241 761 1288 ct
772 1252 814 1302 per
831 1253 867 1290 ra·

68 1313 145 1364 tiones
154 1324 229 1361 rorum
239 1311 263 1360 in
273 1309 346 1360 ilario
360 1309 482 1360 enatantes
491 1326 498 1358 ¹:
514 1323 562 1361 non
576 1310 639 1360 onim
649 1309 749 1360 ridendo
761 1311 866 1372 uerbum,

68 1386 210 1447 cognoscunt
221 1381 295 1432 solinu
304 1380 360 1432 illud
370 1395 420 1430 esse
433 1395 509 1432 runnu
525 1382 682 1446 quoi-habent
692 1380 718 1430 in
729 1381 812 1444 narbo,
827 1383 878 1448 sci¹

68 1455 126 1505 ilud
141 1455 264 1517 essequod
277 1453 361 1504 luant
374 1453 398 1504 in
411 1453 503 1518 propria
512 1457 610 1516 naturu3
626 1452 685 1504 sicut
696 1454 758 1504 lions
770 1467 812 1517 por
825 1455 870 1504 lroo

68 1525 130 1590 quinti
143 1525 206 1576 videt
220 1539 259 1586 sc,
274 1525 388 1589 cognoscit
407 1540 457 1574 esse
475 1539 548 1576 norum
561 1527 619 1589 quod
639 1526 726 1576 habent
740 1524 765 1574 in
779 1525 869 1590 propria

69 1600 160 1648 natura.
180 1596 204 1646 Si
225 1609 278 1660 crgo
293 1597 379 1648 dicatur
398 1597 497 1660 cognitio
513 1599 654 1662 vespertina
672 1595 796 1647 secundnm
809 1595 870 1660 quod

70 1670 211 1734 cognoscunt
221 1681 271 1718 esse
283 1681 359 1718 rorum
368 1669 427 1732 quod
439 1670 524 1719 habent
532 1669 557 1718 iu
566 1669 657 1734 propria
666 1672 759 1730 natunu,
772 1668 870 1719 videndo

70 1741 186 1803 llcrhunn,
200 1740 232 1790 sic
248 1753 294 1790 una
307 1745 331 1791 et
350 1741 428 1790 cadem
443 1740 564 1792 sccundiun
582 1741 706 1792 essentiam
719 1744 755 1791 ost
770 1741 870 1804 cognitio

69 1813 215 1876 vespertino
227 1815 251 1863 et
266 1814 412 1873 matutina,
426 1813 534 1863 ‹lillercns
547 1811 620 1863 solium
634 1812 758 1863 munuum
769 1812 870 1876 cognitu

70 1885 91 1936 si
107 1881 163 1934 uero
181 1883 280 1946 cognitio
290 1886 431 1950 vespertino
445 1883 531 1934 dicatur
541 1883 663 1934 socurndirm
678 1883 737 1948 quod
749 1884 871 1947 angelico-

71 1953 185 2020 gnoscunt
199 1969 249 2004 esse
262 1969 338 2006 rorum
348 1955 407 2019 quod
416 1955 501 2005 hubent
510 1954 534 2002 iu
546 1955 636 2019 propria
646 1958 726 2005 natura
735 1969 776 2019 par
784 1950 871 2005 lor'rnas

70 2028 179 2088 innatas,
197 2025 230 2076 sic
243 2026 333 2078 aliaest
346 2027 446 2090 cognitio
461 2027 602 2092 vespertino
614 2030 638 2076 ct
652 2026 872 2081 matutinalium

70 2097 164 2148 vitietur
177 2089 301 2159 intelligere
316 2097 455 2162 Augustinus
477 2095 529 2147 clun
546 2110 614 2148 unam
633 2097 698 2162 ponit
715 2096 871 2167 imperfectam

71 2172 180 2234 respectu
196 2169 296 2220 alterius.
586 2175 590 2181 '

106 2241 141 2292 ad
154 2241 316 2305 primumcrgo
327 2240 461 2306 dicendum,
473 2240 535 2305 quoi
544 2241 603 2292 sicut
612 2253 720 2291 numerus
730 2254 770 2291 sor
783 2240 872 2291 dicrum

72 2313 202 2366 secordiam
221 2313 358 2364 intellectum
378 2313 499 2377 Augustini
517 2313 627 2377 accipitur
640 2311 765 2363 secantium
781 2326 821 2364 scr
835 2327 875 2376 go·

72 2399 229 2448 necatorum,
242 2398 292 2450 quae
302 2390 467 2448 cognoscuntur
477 2385 505 2436 ab
519 2384 619 2449 augelis,
630 2384 661 2434 ita
674 2384 750 2434 unitus
759 2383 805 2436 dici
817 2385 875 2436 acci:

73 2457 139 2524 pitur
157 2456 280 2507 secundini
301 2456 412 2507 unitatem
436 2457 468 2507 nei
487 2458 599 2520 cognita,
615 2471 666 2522 quae
682 2459 759 2507 tamen
779 2457 876 2510 ulcenis

75 2527 247 2594 cognitionibus
261 2529 364 2593 cognosci
379 2531 464 2592 potest.

110 2601 145 2652 ld
155 2601 278 2651 secundum
288 2599 417 2664 dicendum,
425 2601 485 2664 quod
493 2600 544 2652 dia
553 2601 697 2665 opcratioucs
705 2605 800 2664 possum
808 2600 877 2651 simul

76 2687 131 2727 esso
143 2672 212 2722 unius
222 2673 341 2737 potentia,
351 2687 445 2736 quamn]
454 2686 501 2723 una
510 2672 610 2723 aulalium
617 2671 715 2724 retertur
722 2673 770 2737 ti);
780 2676 806 2722 nt
814 2676 877 2736 patet

113 2827 145 2892 (l)
161 2832 203 2884 Qu.
216 2827 262 2888 ot,
278 2834 321 2875 art.
336 2827 365 2888 t,
379 2829 404 2876 ct
415 2841 455 2886 qu.
468 2827 512 2888 55,
528 2835 572 2875 art.
583 2828 607 2874 2.

111 2900 143 2964 (2)
162 2902 222 2948 Hinc
241 2901 331 2946 axioma
347 2900 401 2944 illud
421 2901 578 2958 pervulgatum
594 2917 601 2947 τ
618 2899 664 2946 not
683 2913 762 2946 mat
778 2903 879 2958 uapor

76 2965 164 3016 ahud,
174 2963 211 3010 iti
225 2968 257 3009 cat
266 2973 346 3009 mcum
355 2963 457 3010 tuntum.
