1992 3342
117 224 165 272 tii
305 232 366 270 ιιιι
378 232 402 283 ι,
415 232 507 278 oum.
525 234 596 284 xum,
610 234 665 272 ιιι.
682 234 718 272 ιιι.

117 310 243 375 poterim
260 312 286 360 ot
303 308 463 373 praetutium,
476 308 535 359 aiom
551 322 620 359 eoum
636 310 662 359 in
678 309 800 362 effemmm
818 312 917 376 partiei-

117 382 224 448 putum
232 381 357 431 multatam
366 378 453 444 ipsium
465 393 534 444 nuper
545 380 614 429 istum
625 385 702 431 anum
710 385 805 432 mollum
813 397 918 435 eommu-

117 466 172 505 uem
182 456 218 504 oet
230 466 290 503 unna
301 451 421 517 upooinlie,
431 452 472 515 qui
482 451 591 502 convenit
600 456 685 503 natm-n
702 453 823 518 rationali,
837 455 864 505 in
872 470 917 519 apuu

117 526 178 576 lleue
186 524 267 575 dieitur
281 537 332 575 esee
345 523 404 573 ment
412 523 527 586 regulum
538 522 563 572 in
580 529 729 586 cognoscente
740 528 881 583 elimatum
893 527 916 577 in

120 598 261 647 mantelii
271 595 325 659 quia
333 596 488 658 cognoscendo
496 598 521 645 et
529 595 625 645 amando
633 598 736 645 ereatura
744 596 868 648 rationalis
877 598 917 649 sul

119 667 251 731 operatione
261 666 351 729 attingit
361 668 389 716 ad
399 666 568 730 ipsumlleuuu,
579 666 702 717 secunlum
710 666 780 717 istum
792 670 917 731 specialem
980 680 981 731 Τ

119 740 210 789 modum
226 739 285 787 Deua
303 750 350 789 non
366 737 439 788 sollum
460 736 543 787 dicitur
560 750 610 787 esse
627 736 653 787 in
671 742 774 788 ereatura
791 740 917 803 rationali,

120 808 161 859 aad
173 809 241 859 etiam
250 809 353 860 laniare
366 809 391 859 iu
399 822 428 859 ea
439 808 497 860 nont
510 809 536 858 in
548 809 633 873 templo
645 822 696 861 suo·
707 810 744 859 Sic
754 810 835 873 igitur,
845 812 919 861 nullus

120 880 284 931 alimelleetus
296 884 372 945 potent
387 893 440 931 esee
453 881 512 931 ratio
526 880 586 945 quid
599 881 676 931 meina
693 894 792 945 persona
814 882 846 933 sit
859 896 918 933 nouo
980 882 981 887 ’

120 953 188 1004 ruodo
198 953 224 1003 iu
238 952 345 1004 rationali
356 957 472 1016 ereatura,
483 952 529 1003 uisi
541 952 613 1016 gratia
626 956 715 1017 gratum
731 953 822 1003 faciens
835 970 841 1003 :
858 954 918 1003 uuio

120 1024 245 1075 secuudum
263 1026 333 1075 solam
349 1026 445 1087 gratiam
463 1028 554 1087 gratum
566 1024 686 1081 facientem
703 1024 802 1074 mittitur
821 1028 846 1075 et
862 1039 919 1089 pro-

121 1095 181 1146 oedil
193 1096 347 1161 temporaliter
357 1109 456 1160 persona
463 1096 551 1145 diuina
563 1094 672 1145 similiter
681 1095 738 1146 illud
746 1097 820 1147 solum
830 1098 917 1147 habore

123 1167 219 1218 dicimur
232 1182 277 1233 quo
292 1166 362 1218 libert
372 1182 493 1231 possumne
506 1168 541 1218 uti
553 1168 590 1218 uel
604 1167 648 1217 lrui
665 1184 670 1216 :
685 1168 770 1217 habere
784 1172 863 1219 autem
878 1182 918 1233 po·

120 1242 226 1290 teutatem
243 1240 332 1291 irnendi
345 1237 422 1289 diuini
431 1238 539 1303 pennoni,
553 1244 588 1291 eal
601 1238 673 1291 solun
685 1239 809 1290 secunlum
824 1242 919 1304 gratiam

122 1315 210 1375 gratum
225 1311 355 1363 facientem.
369 1312 414 1362 Sel
427 1312 537 1362 tamenin
550 1312 600 1377 ipeo
613 1312 673 1362 dono
686 1311 765 1375 gretia
782 1318 873 1376 gratum
886 1314 919 1364 ia·

122 1382 204 1435 cientis
220 1384 318 1448 Spiritus
328 1386 420 1435 moetus
431 1383 531 1434 iubetur
544 1387 567 1434 et
578 1382 691 1433 inhabitat
702 1382 821 1434 nominem
837 1399 844 1433 :
859 1386 919 1435 unde

122 1454 220 1518 ipsemet
233 1454 330 1519 Spiritus
339 1458 431 1507 munim
440 1455 507 1504 detur
520 1458 544 1505 ot
551 1454 657 1505 mittitur.
723 1452 726 1461 '

155 1526 295 1593 ltprimum
309 1540 363 1591 ergo
374 1525 508 1589 ditandum,
519 1526 579 1590 quod
587 1539 629 1590 per
639 1527 722 1577 donum
736 1528 816 1589 gratiae
829 1532 918 1591 gratum

123 1598 228 1650 facientia
239 1598 354 1663 perficitur
364 1601 465 1648 ereatura
476 1598 607 1657 rationaii,
623 1598 653 1647 ad
666 1598 709 1647 hoe
717 1594 777 1660 quoe
789 1597 862 1650 liberi
876 1613 920 1650 nou

124 1669 197 1722 nolum
214 1672 266 1735 ipae
288 1671 348 1721 douo
366 1674 440 1721 creato
456 1672 548 1730 utatur,
564 1671 603 1721 sed
620 1674 646 1719 ut
659 1666 710 1735 ipsi
728 1668 807 1721 diuini
825 1672 922 1736 pomoni

124 1741 217 1792 unitur.
231 1742 261 1791 lit
274 1743 324 1792 ileo
336 1741 415 1791 missio
425 1741 548 1791 inuisibilis
565 1741 591 1790 iit
608 1740 732 1792 secunlum
746 1740 831 1791 donum
845 1743 921 1807 gratim

123 1817 211 1877 murm
225 1812 342 1873 lamentim
356 1815 380 1861 et
392 1814 471 1861 tumen
482 1811 533 1875 ipsa
549 1824 647 1875 persona
660 1811 738 1862 dimna
750 1812 827 1861 datur.

155 1886 189 1935 il
201 1884 325 1935 meandum
335 1881 463 1941 ditandum,
472 1880 531 1945 quod
541 1883 613 1945 pratia
624 1885 711 1945 pratum
722 1882 809 1933 iaciens
822 1882 922 1948 disponit

124 1956 223 2007 animam
238 1957 267 2006 ad
280 1955 406 2005 hahendam
418 1953 519 2004 oinium
536 1964 668 2017 persenam,
683 1956 707 2003 et
724 1952 869 2016 significetur
881 1956 922 2005 hoo

125 2028 178 2079 oium
186 2029 267 2079 dieitur
279 2026 339 2091 qnod
347 2025 444 2089 Spiritue
457 2030 549 2076 sanetur
562 2026 628 2075 datur
639 2022 763 2075 seeundlm
775 2024 863 2076 donum
874 2040 923 2091 gra-

125 2099 173 2151 tiu.
188 2100 232 2150 Sei
245 2103 323 2150 nmen
334 2098 411 2161 ipsum
423 2098 507 2148 donum
523 2096 599 2160 gratie
615 2100 652 2147 est
665 2094 678 2144 l
691 2094 778 2158 Spiritu
792 2101 889 2161 saneim
902 2102 924 2149 el

125 2169 400 2235 hoomguilioatur,ei1m
419 2169 500 2220 dieitur
513 2167 572 2231 quod
590 2185 603 2215 u
617 2166 712 2239 charitas
731 2166 773 2217 uei
791 2168 925 2220 diffunditur

126 2243 152 2291 in
166 2244 273 2293 eominus
285 2242 371 2293 nmine
384 2256 426 2307 per
438 2240 548 2305 Spiritum
561 2243 696 2290 sanetum»

159 2314 194 2364 iel
209 2315 301 2364 tortium
316 2314 451 2373 dicendum,
464 2310 524 2375 quod
536 2312 582 2362 etsi
594 2324 636 2375 per
651 2311 738 2375 aliquos
751 2310 810 2361 alios
829 2313 925 2363 elleotus

126 2384 200 2435 Filius
216 2386 321 2449 cognose
337 2390 412 2451 potest
428 2385 442 2435 l
458 2383 539 2447 uobis,
554 2397 601 2434 non
612 2387 687 2433 umen
703 2394 745 2447 per
757 2384 817 2435 alios
828 2384 925 2436 allectus

127 2469 169 2506 noe
179 2456 303 2521 inhabitet,
318 2458 355 2508 uel
371 2455 488 2506 haloturl
499 2456 573 2505 uobis.
980 2518 981 2525 ἵ

159 2527 456 2592 nemorumnemorum,
470 2526 532 2590 quod
546 2526 647 2590 operatio
656 2525 814 2577 mirienlorum
828 2532 867 2579 est
879 2542 927 2579 ma-

127 2598 258 2662 niiestatiua
271 2599 348 2663 pratia
362 2603 451 2663 gratum
464 2598 584 2662 inolentis,
595 2598 687 2650 titulat
700 2598 784 2649 donum
797 2601 926 2665 prophetia

127 2672 151 2719 et
164 2669 271 2732 qnaeibet
283 2671 354 2733 gratia
363 2668 433 2734 gratia
442 2671 493 2720 (lule
508 2689 514 2717 :
530 2670 591 2721 unde
604 2670 623 2719 L
640 2670 699 2720 Cor.
709 2668 762 2732 llll,
771 2669 846 2733 gratia
856 2670 927 2735 gratis

127 2740 181 2789 data
192 2740 320 2790 nominatur
334 2742 508 2805 manifestatio
527 2742 651 2807 spirituli.
669 2742 708 2791 Sic
725 2741 796 2805 igitur
810 2742 927 2809 Apostolis

127 2810 208 2860 dieitur
216 2809 384 2874 ‹latusspirituo
392 2814 521 2864 aanotuearl
530 2812 684 2878 operationem
691 2814 864 2877 miraculorum,
874 2814 928 2879 quia

126 2880 180 2929 «latu
192 2882 229 2929 eet
241 2878 276 2927 eia
290 2882 361 2941 gratia
372 2887 460 2946 gratum
472 2883 562 2935 iaciens
572 2898 624 2935 curn
635 2886 700 2949 riguo
712 2884 887 2938 manifestante.
903 2886 927 2937 Si

127 2953 202 2999 antem
217 2949 305 3000 oaretn
313 2952 386 3003 solnm
399 2953 489 3018 mgnum
499 2955 575 3019 gratia
587 2958 675 3020 gratnm
689 2954 794 3008 lenientis
806 2956 861 3009 sina
874 2957 926 3023 ipsa
