1992 3342
82 223 129 270 tta
275 232 335 271 nans
349 234 373 281 l,
390 232 481 277 ponsa.
501 208 588 281 xxxiv,
602 232 657 270 aad.
675 232 692 267 1.

82 309 187 372 totum,
200 307 293 375 collidet
308 319 411 374 persona
428 307 535 362 convenit
550 306 605 359 dici
620 310 708 359 :Pater
722 308 784 359 enim
796 308 887 359 intelli-

82 383 200 445 pennoso,
212 385 236 431 ct
244 380 326 443 litium
336 382 360 431 et
369 380 480 445 Spidtum
488 384 592 431 sanctum
603 384 626 432 at
635 381 711 447 omnia
720 380 766 431 alia
775 396 825 447 quae
835 381 888 445 ejus

81 452 178 506 omnm
198 450 356 515 continentur,
371 452 471 517 concipit
488 454 600 517 Verbum3
619 457 644 503 ut
662 452 694 503 sic
713 457 762 503 tota
781 452 888 519 Trinitas

83 521 156 576 nardo
167 526 285 592 dicotur,
298 526 322 575 ct
332 524 400 574 ctiam
414 524 489 576 omnis
502 528 620 589 creatura,
635 525 693 576 siem
706 525 837 579 intellectus
848 528 891 583 lao-

83 595 155 649 minio
166 598 238 647 verbo
258 596 318 661 qood
336 595 437 660 concipit
450 596 599 661 intelligendo
612 597 730 661 lapidem,
750 598 828 647 dicit.
844 601 892 649 An·

83 670 168 721 aelmon
188 667 243 719 vert
260 666 384 733 improprie
400 667 489 732 aceepit
506 668 592 718 dicere
611 680 652 733 pro
668 668 825 735 inteltiparm
839 684 891 733 qum

83 744 162 791 umen
172 740 290 791 differam.
300 740 358 789 Nam
368 739 514 805 intettipere
529 740 637 805 importat
648 742 720 791 solam
731 739 893 799 habitudinem

84 806 233 878 intelligentia
252 812 344 862 adrem
358 809 512 874 intellectam
532 810 557 861 in
577 826 621 877 qna
641 811 778 863 millenatio
795 812 894 876 originis

86 883 232 947 imponatur,
242 884 284 934 sed
296 882 370 934 soldm
380 883 511 934 informatio
523 884 627 947 quadam
638 884 791 934 inintellecta
802 889 892 949 nostro,

86 959 154 1018 prom
165 955 296 1007 intellectus
309 958 386 1005 noster
397 955 422 1003 dc
431 955 456 1004 in
470 959 523 1005 actu
536 970 578 1022 per
590 956 686 1006 formam
702 956 735 1005 mi
751 956 893 1019 intellectae;

87 1026 113 1076 in
125 1029 172 1080 ltco
186 1029 263 1077 antem
274 1026 383 1095 importat
396 1027 549 1077 omnimodam
564 1026 722 1090 identitatem,
736 1026 791 1091 quia
804 1028 830 1077 in
846 1030 895 1079 Deo

88 1102 125 1149 est
137 1098 761 1164 omninoioomtntedeemscomtelloocum,11tsupra
775 1102 895 1151 ostensum

88 1173 125 1220 est
134 1171 188 1236 (qo.
202 1170 248 1235 lt)
259 1171 301 1237 (l).
318 1172 363 1221 Sed
376 1171 461 1221 dicere
475 1170 584 1235 importat
601 1170 758 1235 principaliter
773 1170 895 1221 habitudi-

89 1256 143 1294 nem
156 1244 187 1295 ad
197 1245 293 1295 vertum
306 1242 523 1307 conceptnm3nil1il
533 1242 718 1293 enim'est'aliud
729 1242 896 1307 diacoconem

87 1317 334 1380 proflammatum
351 1316 392 1367 scd
403 1314 517 1367 mediante
529 1316 599 1367 verbo
611 1315 720 1381 importat
735 1308 897 1379 habitudinem

91 1389 120 1439 acl
130 1402 180 1441 rem
193 1389 334 1455 intellectam
344 1402 395 1454 quac
410 1388 435 1437 in
448 1388 519 1439 verbo
531 1389 619 1453 prolato
636 1386 796 1438 manifestatur
809 1387 899 1439 intelli·

91 1459 163 1521 good.
179 1463 207 1511 Et
220 1461 266 1525 sic,
277 1460 325 1511 sola
337 1470 436 1524 persona
449 1473 501 1523 qoae
513 1458 600 1524 profert
608 1459 712 1523 veebum,
722 1462 757 1509 est
768 1460 856 1511 dicens
871 1461 898 1511 in

92 1531 188 1593 damis,
199 1532 252 1583 cdm
265 1535 341 1582 tamen
355 1532 446 1595 singola
459 1544 607 1596 personarum
618 1530 647 1581 sit
658 1528 802 1595 iotetlipeoo
820 1534 844 1581 et
860 1534 900 1581 io-

93 1603 205 1660 tctletto,
217 1608 241 1655 et
251 1617 293 1667 per
304 1617 447 1667 consequens
459 1602 533 1653 vardo
547 1604 627 1653 dicto.

125 1676 160 1725 ad
171 1680 277 1739 martum
288 1675 420 1739 dicendum,
428 1674 490 1739 qudd
500 1675 603 1731 verdum
615 1674 710 1745 sumitur
720 1673 753 1725 ihi
766 1675 901 1740 figurative,

93 1750 160 1810 propt
177 1745 386 1808 agamemnon
405 1746 502 1798 edoctos
521 1746 600 1811 verbi,
614 1746 697 1797 dicitnr
717 1746 822 1795 verbum
839 1763 847 1797 :
865 1748 901 1799 sic

94 1818 157 1868 onim
167 1821 276 1867 creatora
287 1816 394 1867 dicantur
404 1820 488 1881 facere
498 1817 602 1868 vectum
617 1820 675 1874 Dei,
687 1818 833 1881 inquantum
843 1832 902 1871 exc-

95 1893 195 1954 qunntor
210 1889 316 1939 ellectum
329 1889 428 1953 aliquem
441 1892 470 1941 ad
481 1900 549 1956 mem
563 1890 697 1941 ordinantur
711 1902 739 1939 cx
755 1891 827 1941 verbo
845 1906 902 1945 oon-

94 1964 162 2027 eepto
178 1960 261 2012 divina
275 1960 410 2026 sapientic3
423 1961 483 2013 sicut
501 1960 583 2027 aliquis
595 1961 676 2011 dicitnr
693 1962 776 2025 socero
794 1962 901 2015 verbnm

97 2034 184 2099 Rapio,
195 2034 250 2084 dnm
262 2032 318 2083 lacit
329 2046 387 2098 opus
396 2034 425 2083 ad
437 2033 497 2097 qood
511 2034 623 2085 en'vcrbo
636 2033 705 2095 Regis
717 2032 850 2103 instigatur.

131 2160 163 2223 (l)
178 2164 263 2209 Partim
277 2168 320 2209 orta
335 2164 363 2221 2,
376 2162 418 2209 nbi
433 2162 530 2220 proinde
545 2163 689 2209 oonomdimr
702 2162 765 2219 qued
781 2174 824 2219 per
840 2164 904 2221 selp-

97 2236 149 2270 eum
163 2228 224 2277 Deua
238 2226 401 2285 intelligam,
417 2227 472 2283 qnia
485 2232 511 2271 ct
528 2226 659 2271 intellectus
678 2232 702 2271 ot
718 2226 864 2274 intellectum
879 2233 905 2272 et

98 2287 189 2344 species
203 2288 357 2350 intelligibilis¹
366 2302 437 2341 unum
451 2294 476 2333 ct
488 2288 550 2337 idem
562 2302 614 2340 esso
627 2294 802 2345 seaaonumm
816 2290 904 2345 partlm

98 2349 170 2410 ctiam
180 2356 225 2396 art.
240 2350 269 2406 t.
284 2351 324 2396 ubi
338 2364 367 2405 ox
380 2351 482 2408 eoquod
495 2351 596 2409 ipsamet
611 2350 736 2403 intellectio
756 2352 798 2397 Ilei
813 2357 851 2396 ast
861 2364 905 2398 cs-

100 2410 174 2456 sentta
185 2412 236 2469 ejus
247 2418 272 2459 ct
286 2413 411 2462 intrinseca
424 2413 551 2474 perfectio,
564 2413 662 2473 infertur
675 2414 737 2471 quod
748 2414 810 2464 idem
821 2420 859 2462 est
868 2415 905 2461 in·

99 2474 208 2534 tellectum
217 2480 241 2520 et
254 2476 396 2522 intellectum
408 2509 414 2538 ‚
426 2481 473 2522 etc.
