1992 3342
332 211 367 249 ou
381 212 495 251 ansonis
509 214 609 253 niumm.
827 206 873 257 sss·

69 293 119 341 tres
127 288 283 355 hypostases.
295 287 341 339 Sed
353 288 407 353 quia
420 302 504 340 nomen
517 290 664 355 substantie,
674 293 735 357 quod
746 294 872 345 secundum

13 413 14 418 χ
68 362 231 427 proprietatem
250 359 423 423 sigmioationis
438 362 561 426 respondet
575 362 704 429 hypostasi,
719 364 873 429 equivocatus

13 436 14 453 ¹
69 436 131 498 npurl
146 447 188 483 nos
205 431 277 498 (aim
296 431 431 497 manusque
452 432 565 498 significet
583 434 718 499 essentiam,
737 436 873 501 quaudbque

69 504 241 570 hypostasim),
259 515 288 552 ne
303 502 375 566 possit
393 518 443 555 esse
464 505 547 556 errans
570 506 678 571 occasio,
690 508 819 559 maluerunt
831 522 873 572 pro
941 546 946 554 ,

13 571 14 580 ’
70 576 187 641 hypostasi
200 575 324 626 transferre
337 575 536 640 samosateum,
548 576 615 641 mmm
629 578 807 630 substantiam.

102 648 137 699 td
151 648 241 698 urium
258 646 394 711 dicendum,
407 646 468 711 qubd
483 648 584 699 ouantia
605 650 696 713 proprie
718 654 752 702 est
772 652 795 703 id
812 654 874 717 quod
900 684 924 700 ν

68 719 209 784 significatur
231 732 273 782 per
293 718 462 771 diffinitionem.
481 720 590 772 llitllnitio
614 726 691 773 autem
715 723 874 788 complectitur

68 790 182 856 principia
196 789 299 853 speciei,
313 803 359 840 uon
372 794 451 840 autem
463 791 576 855 principia
588 792 738 845 individualis
753 811 759 843 ε
775 797 835 846 uude
848 794 873 845 in

67 864 137 914 mbas
153 859 286 926 compositis
298 874 328 911 ex
342 861 439 911 materia
451 866 475 912 et
487 862 575 927 torma,
585 865 684 915 essentia
705 864 817 929 siguificat
826 880 874 918 non

67 935 142 986 sallum
154 934 266 996 formam,
278 946 322 983 uec
333 931 407 983 solum
421 934 558 998 maurum,
572 937 612 987 soll
625 936 775 1001 compositum
786 952 816 989 ex
825 952 875 990 nsa-

68 1006 131 1057 teria
145 1010 168 1056 et
186 1006 259 1055 torma
273 1004 406 1068 communi,
426 1010 494 1069 prout
515 1010 569 1059 suut
582 1006 693 1072 principia
714 1008 809 1071 speciei.
829 1012 875 1062 Sed

13 1091 14 1096 ¹
68 1076 220 1141 compositum
233 1090 263 1126 ex
281 1077 324 1125 hac
337 1075 433 1125 materia
443 1081 467 1126 et
480 1090 510 1127 ex
521 1078 565 1127 bac
576 1078 666 1141 forna,
680 1079 748 1129 habet
760 1078 881 1133 rabonem·

13 1151 14 1156 ’
68 1149 199 1215 appuimus
209 1151 343 1212 etpersnun
355 1160 361 1194 ι
372 1147 449 1198 anima
459 1148 520 1199 enim
530 1152 615 1201 etcnsa
624 1152 742 1201 etossuut
750 1150 873 1203 damtione

67 1221 180 1283 homiuis3
196 1220 237 1271 sed
249 1220 299 1272 lma
314 1218 400 1282 anima,
407 1223 432 1269 et
439 1220 490 1271 bea
496 1232 550 1271 caro
562 1224 586 1273 et
594 1222 638 1271 boa
647 1234 673 1273 os
681 1225 734 1275 sunt
743 1222 772 1272 de
784 1222 874 1277 ratione

13 1299 14 1344 ζ
63 1295 134 1359 bajus
145 1291 255 1345 bominis.
274 1292 303 1341 lit
317 1290 369 1341 ideo
387 1294 532 1355 typostasts
545 1296 569 1343 ct
582 1306 690 1357 pasena
703 1294 790 1343 addunt
805 1308 874 1359 supra

67 1366 182 1417 rationem
199 1362 306 1413 essentia
329 1362 444 1426 principia
465 1362 627 1427 individualis,
649 1376 724 1427 neque
742 1367 795 1415 sunt
812 1364 874 1416 idem

67 1451 122 1488 auur
133 1434 264 1487 melmin
277 1432 406 1499 compositis
414 1446 444 1485 ex
451 1434 548 1483 maesia
557 1437 580 1485 et
589 1434 671 1497 torma,
679 1433 779 1499 utsuprb
787 1434 874 1487 dictum

68 1512 120 1572 est,
134 1506 187 1557 oiim
202 1507 231 1557 de
243 1504 388 1568 simplicitate
400 1503 479 1555 divina
489 1508 595 1567 egeratur
605 1504 650 1569 (l).

99 1580 135 1630 ld
149 1581 256 1643 qurum
269 1575 404 1638 dicendum,
419 1574 481 1639 quta
491 1576 584 1627 Boetius
597 1575 653 1627 dicit
666 1592 681 1625 a
692 1589 776 1639 genera
786 1580 811 1627 et
821 1590 875 1642 spo·

67 1652 115 1703 cies
135 1648 274 1711 subsistere,
292 1664 306 1694 s
319 1646 344 1697 in
362 1651 473 1710 quautam
488 1646 615 1697 indiuiduis
633 1647 746 1713 aliquibus
765 1650 874 1714 competit

67 1725 191 1777 subsistere
204 1736 234 1773 ex
246 1736 274 1771 eo
285 1719 344 1784 qubd
357 1724 411 1771 sunt
421 1721 463 1771 sub
475 1720 597 1783 genembus
608 1724 632 1771 et
640 1722 760 1785 speciebus
777 1722 801 1773 in
814 1736 875 1787 pru-

65 1796 197 1847 dicamento
215 1791 347 1844 substantie
363 1791 550 1855 comprehensis3
569 1804 616 1843 non
637 1791 697 1855 qubd
709 1792 765 1857 ipsa
785 1794 874 1858 species

66 1869 106 1921 sel
119 1880 207 1929 genera
219 1861 408 1927 subsistentiis
420 1862 545 1913 secundum
564 1862 694 1927 opinionem
707 1864 822 1927 Platonis,
833 1864 874 1929 qni

64 1940 143 2007 posuit
155 1938 334 2003 speciosiorum
344 1933 598 1998 separatimsubsistese
614 1934 798 1996 torcularibus.
810 1936 873 1985 Sab-

65 2017 137 2064 stase
149 2009 205 2061 verb
218 2006 329 2072 competit
336 2006 424 2057 eisdem
433 2005 559 2057 mdisiduis
569 2005 595 2055 in
607 2006 687 2057 ordine
697 2005 872 2069 ariminensis,

66 2098 120 2150 qua
128 2086 184 2135 sunt
193 2084 277 2145 prater
287 2078 400 2129 rationem
413 2090 523 2140 generum
534 2082 558 2128 et
567 2077 702 2141 specierum.

99 2157 135 2206 Aa
148 2153 254 2217 quintum
271 2150 390 2204 dicendum
412 2152 448 2199 est
453 2186 463 2212 ,
481 2147 543 2212 qubd
561 2147 705 2199 iuffiuduum
721 2146 872 2211 compositum

64 2241 96 2279 ox
111 2223 210 2276 materia
226 2224 250 2274 e'c
265 2222 338 2274 farma
355 2220 426 2269 babet
440 2218 502 2283 qubd
519 2220 607 2270 substet
628 2217 756 2281 candenti,
775 2230 804 2268 ex
819 2232 873 2283 pro-

63 2298 166 2363 prietate
179 2294 282 2348 matese
297 2292 414 2344 :undeet
428 2289 522 2341 Betim
540 2289 597 2341 dicit
610 2288 636 2339 in
652 2288 693 2339 lib.
711 2288 744 2339 de
758 2288 871 2341 trinit:

65 2388 80 2418 a
93 2370 178 2421 Forma
188 2366 287 2429 simplex
298 2362 427 2426 subjectum
440 2374 490 2422 esse
504 2374 551 2411 non
562 2363 646 2425 potest.
660 2359 707 2410 Sed
720 2358 780 2422 qubel
791 2372 834 2425 per
846 2374 872 2412 se

63 2440 191 2501 subsistat,
204 2438 275 2487 babet
286 2450 315 2487 ax
329 2432 468 2498 proprietate
484 2446 532 2483 sua
546 2433 638 2495 torma,
652 2444 703 2495 que
720 2444 767 2481 nan
779 2432 872 2483 advenit

63 2512 103 2565 rai
115 2508 264 2570 subsistenti,
278 2507 321 2557 sod
333 2508 372 2555 dat
392 2517 447 2554 csse
460 2504 549 2554 actuale
566 2502 667 2553 materia
674 2539 682 2565 ,
695 2505 721 2552 ut
735 2501 769 2552 sic
787 2502 872 2553 inbui-

65 2587 139 2636 duum
155 2581 279 2632 subsistere
299 2578 378 2642 possit.
392 2576 494 2641 Propter
506 2576 550 2625 hoc
566 2588 621 2639 ergo
638 2574 795 2639 hypostasim
806 2574 872 2625 attri-

63 2657 115 2707 buit
128 2652 244 2716 matcriae‚
258 2655 282 2701 et
295 2643 405 2701 astoslm'
416 2648 479 2713 (sive
491 2645 698 2711 subsistentiam)
712 2646 803 2710 larua,
817 2646 871 2710 quia

63 2724 162 2778 unauna
172 2728 208 2775 est
217 2721 358 2789 principium
367 2718 486 2772 substanti
490 2722 534 2783 ,et
545 2720 618 2772 forma
626 2723 661 2771 est
669 2716 808 2783 principium
819 2718 872 2769 sub-

63 2796 169 2849 εἰειειιᾱί.

13 2979 14 3028 p
98 2943 131 3007 (1)
146 2944 261 2992 Nimirum
271 2946 357 3000 quaest.
367 2939 397 2998 ³,
409 2945 454 2986 nrt.
466 2938 491 2985 3.
