1992 3342
90 217 137 270 tas
289 231 350 269 nnus
365 232 389 281 1,
406 230 497 277 onnsn.
516 230 588 280 xxm,
606 230 659 267 nun.
678 230 694 268 1.

90 310 194 373 quicum
203 308 261 372 petit
271 307 435 371 singularibus,
446 312 471 357 ut
480 307 567 358 seilicet
581 308 611 357 sit
620 320 661 371 per
675 321 699 357 se
712 308 838 359 subsistens
851 308 896 358 ‹lis-

90 381 188 431 tinetum
197 380 225 429 ab
237 379 295 429 aliis.
310 380 356 429 Sed
367 379 391 428 in
402 379 494 432 nomine
503 380 623 443 singularis
633 378 746 441 designati
755 380 896 442 signitloatur

92 453 267 503 determinatum
280 450 437 515 distinguens,
450 450 510 501 siout
520 452 546 501 in
557 452 649 501 nomine
663 450 762 501 Soet-atis
772 450 822 500 liceo
837 466 898 501 eom

93 527 117 573 el
129 524 173 572 boo
190 538 225 573 oo.
240 523 287 573 Hoc
297 527 374 573 tamen
389 522 485 572 interest
503 522 564 587 qubd
582 522 678 587 nla'qm's
694 522 767 571 bonno
784 522 900 584 signifieat

93 598 198 643 naturam
207 594 244 642 uel
254 592 400 643 individuum
412 608 442 643 ex
455 597 519 657 parte
533 598 634 656 nature,
642 606 697 643 oum
706 594 776 643 modo
786 590 903 643 existendi

94 665 134 729 qui
147 664 257 728 competit
272 665 438 729 singularibus3
451 667 495 715 boc
510 670 586 715 nutem
603 676 702 734 nomen,
716 678 835 728 persona,
853 678 903 715 non
991 718 992 721 ,

95 740 131 787 est
143 734 277 799 impositum
290 736 503 799 adsignificanoum
518 736 660 787 individuum
679 747 708 786 ex
721 739 785 799 parte
800 741 903 800 natnrae,

95 808 135 858 sed
148 808 177 867 nd
188 807 361 870 significandum
375 823 423 859 rem
436 808 598 859 subsistentem
611 808 636 857 in
647 808 688 857 tali
701 812 789 857 nutura.
800 809 849 858 lloo
863 823 904 859 an·

95 883 143 929 tem
156 883 191 930 est
204 895 324 942 commune
338 880 462 932 secundnm
478 881 592 931 rationem
607 880 714 931 omnibns
727 880 831 944 personis
845 878 907 931 divi-

98 950 150 1013 nis,
164 955 189 1002 ot
200 966 342 1017 unaquoque
353 966 432 1002 earum
443 952 552 1002 subsistat
562 950 587 1001 in
599 956 680 1003 nutum
693 951 779 1014 divina,
795 950 905 1003 distincto

100 1023 128 1073 ab
142 1023 203 1073 aliis.
213 1026 241 1073 Et
250 1024 284 1074 sio
299 1026 342 1075 boo
356 1037 456 1089 nonien,
470 1038 589 1088 persono,
604 1023 728 1073 seeundbm
739 1022 854 1073 rationem
869 1030 907 1075 est

100 1107 220 1145 commune
234 1094 307 1145 tribus
320 1096 424 1159 personis
437 1094 530 1145 diuinis.
694 1092 695 1095 ’

131 1167 165 1215 Ad
176 1166 277 1229 primum
287 1166 490 1231 argolicensis,
503 1166 565 1231 quod
573 1167 631 1217 ratio
642 1166 681 1217 illa
691 1166 795 1232 procedit
804 1170 832 1219 de
842 1176 909 1219 eom·
991 1192 992 1231 l

100 1236 212 1288 munitate
222 1239 265 1289 rei.
991 1232 992 1259 ³

131 1310 167 1358 llo
177 1311 302 1361 seeundum
311 1311 432 1361 dicendum
438 1348 447 1374 ,
461 1310 523 1375 quod
535 1310 590 1361 licet
602 1322 700 1375 persona
714 1310 744 1360 sit
755 1311 911 1363 incommuni-

102 1378 195 1444 cabilis
208 1385 285 1432 tamen
296 1382 345 1445 ipse
356 1383 438 1433 modus
448 1382 563 1433 existendi
574 1380 824 1432 incommunicabiliter
834 1387 913 1446 potest
991 1408 992 1411 ¹

102 1462 151 1501 esse
171 1453 274 1515 pluribus
289 1454 428 1505 eommunis.

135 1524 168 1573 Ad
178 1524 271 1575 tertium
282 1524 421 1589 dicendum,
431 1524 492 1589 qubl
499 1524 554 1575 licit
562 1524 605 1573 ista
617 1522 645 1573 sit
656 1524 809 1575 communitas
817 1527 916 1579 rationis

103 1597 129 1642 et
141 1607 188 1643 non
199 1595 250 1657 rei,
263 1600 343 1646 tamen
352 1610 401 1647 non
410 1597 514 1660 sequitur
525 1594 586 1660 quod
600 1594 626 1643 in
639 1594 722 1645 diuinis
732 1596 762 1645 sit
771 1597 915 1663 uniuersale,
991 1648 992 1657 ,

104 1665 142 1713 uel
152 1666 307 1730 particularo3
323 1670 361 1718 uel
373 1682 462 1732 genus,
481 1670 520 1717 vel
539 1666 630 1733 speeies
644 1683 650 1715 :
666 1671 714 1718 tum
730 1668 784 1730 quia
801 1682 878 1733 neque
890 1671 916 1721 in

105 1737 173 1789 rebus
189 1738 296 1789 bumaois
313 1742 464 1791 communitas
481 1744 639 1805 personaoest
655 1741 806 1791 communitas
824 1742 919 1807 generis

106 1812 144 1857 uel
154 1810 256 1874 speciei3
268 1815 316 1861 lum
325 1812 379 1875 quia
388 1826 494 1877 persono
505 1812 587 1863 divine
596 1812 682 1862 habent
691 1826 763 1863 onum
771 1828 832 1878 esse,
843 1828 919 1878 genus
991 1824 992 1875 ξ

107 1885 184 1931 antem
193 1882 315 1946 etspeuies
323 1888 347 1934 et
358 1884 475 1949 quodlibet
487 1884 618 1935 uniuersale
629 1883 764 1948 predicator
775 1882 804 1935 de
812 1887 920 1950 pluribus
991 1892 992 1921 ³

108 1954 233 2004 seeundlnm
246 1970 296 2004 esse
311 1954 478 2007 differentibus.
991 1950 992 1965 ¹

463 2132 568 2150 *ιιι-

277 2349 279 2352 ,
377 2287 524 2359 QUAESTIO
542 2282 646 2353 XXXI.

145 2456 181 2505 De
193 2459 233 2505 bis
245 2471 299 2517 quo
311 2458 343 2503 nd
355 2460 476 2503 motuum
487 2458 526 2503 eet
535 2456 707 2515 pluralitatem
715 2458 844 2515 pertinent
859 2460 889 2521 {n

271 2534 377 2583 divinit,
385 2534 416 2578 io
424 2535 532 2590 mentm
543 2532 662 2579 articulet
671 2529 761 2576 diuiso.

148 2686 202 2735 Post
219 2684 271 2734 bno
289 2682 478 2734 considerandum
495 2684 531 2731 est
546 2681 574 2731 de
589 2680 625 2731 bis
641 2694 691 2746 qoae
707 2680 736 2731 ad
755 2680 870 2733 unitatem
886 2687 924 2737 uel
991 2718 992 2729 ,

117 2756 271 2819 pluralitatem
284 2755 402 2819 pertinent
414 2754 440 2805 io
451 2752 544 2804 divinis.
991 2752 992 2761 ’

149 2828 177 2878 lit
190 2828 250 2877 eirca
260 2828 306 2876 boo
315 2830 450 2891 qnaenuntor
460 2828 557 2890 quatuor
569 2840 574 2873 :
586 2828 612 2873 1⁰
626 2826 658 2875 lle
667 2825 718 2889 ipso
729 2824 821 2876 nomine
839 2829 925 2878 Tubul-
991 2838 992 2865 ³

120 2898 316 2952 saissonis
324 2897 924 2962 posonenmomestanusonotro.sootmm
991 2892 992 2967 j

120 2971 189 3023 dictio
203 2970 332 3035 exclusiva,
347 2984 398 3036 qum
413 2970 504 3021 uidetur
520 2968 636 3022 alietatem
649 2970 783 3034 excludere,
797 2972 870 3034 possit
885 2974 925 3025 ad·
991 2970 992 3015 l
