1992 3342
252 198 286 233 na
300 197 442 233 anismam
456 198 498 235 nm
513 198 537 235 rs
554 198 638 235 mos.
805 186 852 233 let

38 274 101 324 mors
108 287 154 339 per
160 271 290 323 mendam
299 275 324 322 et
330 272 487 337 praesentiam.
496 273 640 339 Seperdnnm
648 286 704 337 ergo
713 272 756 323 luit
766 272 852 337 dicere,

37 344 95 407 qndd
100 346 167 395 Deae
176 343 208 394 sit
217 344 244 394 in
254 344 325 394 rebam
332 356 375 407 per
382 343 518 407 essentiam,
527 344 673 407 praesentiam
683 348 708 394 et
714 344 850 408 potentiam.

68 422 90 465 3.
102 418 241 479 Praeterea,
256 414 316 465 sient
327 416 389 465 Dens
402 420 438 464 esl
449 414 586 479 principium
604 414 708 466 omnium
719 428 796 467 rerum
810 429 852 479 per

38 501 102 537 snam
120 486 323 551 potentiamne
341 499 384 550 per
401 485 522 536 scientiam
536 488 560 537 el
577 486 725 537 volunlatem.
746 488 792 538 Sed
805 502 852 539 non

39 558 122 607 dicitnr
136 560 200 609 llens
213 571 267 609 esse
286 557 313 607 in
325 558 396 608 rebus
404 570 446 621 per
460 555 579 609 scientiam
595 561 619 608 et
629 558 779 609 voluntatem.
793 561 853 622 Ergo

43 633 319 765 neipeplaeplewfflcnt
333 701 410 765 gratia
419 704 455 751 est
468 702 572 765 quedam
585 701 695 765 perfectio
708 702 852 765 superaddita

40 770 177 823 substantia
190 773 241 836 rei,
254 773 287 823 ita
300 774 381 823 madtae
394 775 449 824 sunt
462 771 512 821 alie
528 772 679 837 perfectiones
692 774 851 837 superaddita.

41 841 66 891 Si
84 857 139 906 ergo
160 845 223 895 Deus
241 844 328 895 dicitur
345 857 396 895 esse
414 842 508 907 speciali
525 844 592 894 modo
614 844 639 895 in
660 844 793 908 qrribusdam
812 858 854 907 per

41 915 148 978 gretiam,
158 916 253 966 ridetur
260 915 321 981 qndd
329 916 456 966 secundum
463 916 587 980 quamlibet
595 916 760 981 perfectionem
771 917 854 969 debeat

43 985 118 1049 accipi
130 987 239 1051 specialis
247 987 331 1038 modus
339 986 433 1037 essendi
447 989 519 1037 Deum
528 989 553 1038 in
563 989 639 1039 rebus.

75 1058 124 1107 Sed
132 1057 328 1121 contraeslqudd
334 1058 459 1120 Gregorius
465 1058 519 1109 dicit
526 1072 594 1123 super
603 1062 674 1109 cant.
684 1059 804 1109 Coatc'cor
811 1058 852 1124 (1).

44 1125 107 1189 quod
122 1145 138 1174 a
147 1129 207 1178 lleus
217 1129 336 1179 communi
350 1129 420 1179 modo
434 1134 470 1179 est
481 1130 506 1179 in
516 1130 623 1185 ,omnibus
634 1131 702 1180 rebus
719 1131 853 1193 prasentia,

44 1198 149 1260 potentia
160 1203 184 1249 el
193 1200 338 1264 serbstantia3
348 1203 429 1250 tanmn
439 1199 544 1251 familiari
553 1202 620 1251 modo
631 1201 767 1252 dicitnresse
778 1201 803 1251 in
814 1202 856 1252 ali·

44 1269 129 1333 qnibns
142 1284 185 1335 per
199 1272 307 1334 gratiam.
321 1288 336 1318 n

76 1342 239 1406 (Coamnsro.
252 1370 284 1380 -
296 1344 338 1393 Est
347 1344 410 1393 Deus
420 1343 445 1392 in
454 1344 559 1394 omnihus
570 1356 611 1407 per
625 1342 760 1405 potentiam,
769 1344 821 1407 quia
834 1346 856 1397 ei

45 1414 233 1477 omniasnbjecla
240 1418 303 1464 sunt.
312 1416 354 1464 Est
364 1412 390 1463 in
398 1413 504 1463 omnibns
514 1428 556 1478 per
569 1412 705 1476 essentiam,
715 1414 767 1477 qrria
781 1415 856 1465 omnia

46 1483 177 1535 imnndlace
183 1486 280 1535 crearit,
289 1488 317 1535 nt
325 1486 352 1535 in
362 1484 451 1535 carnotis
460 1489 497 1535 est
504 1498 547 1549 per
555 1484 710 1548 praesentiam,
718 1485 770 1549 quia
780 1486 856 1536 omnia

50 1556 173 1616 cognoscit.

80 1626 216 1690 llespondeo
236 1628 373 1689 dicendum,
390 1626 452 1690 quod
468 1628 528 1677 Dens
543 1627 626 1679 dicitnr
639 1640 690 1679 csse
703 1628 727 1677 in
739 1642 765 1679 rc
781 1628 856 1693 aliqua

48 1696 178 1761 dupliciter.
194 1702 247 1750 Uno
263 1700 330 1752 modo
344 1713 388 1762 per
400 1698 493 1749 modum
507 1712 580 1749 cause
594 1699 682 1761 agentis
693 1715 699 1748 ι
711 1700 776 1750 etsie
787 1705 822 1751 est
832 1698 887 1751 ine'

47 1770 153 1820 omnibns
163 1772 233 1822 rebam
241 1770 340 1821 mesatis
348 1771 379 1820 alr
391 1769 451 1832 ipso.
463 1768 516 1823 Alio,
524 1770 590 1820 modo
601 1770 659 1821 sient
673 1772 788 1834 objectum
802 1785 858 1837 ope-

47 1840 144 1893 rationis
160 1847 197 1893 est
213 1842 239 1891 in
255 1846 385 1906 operante:
401 1840 462 1903 quod
472 1840 588 1903 proprium
601 1846 636 1893 est
650 1842 675 1891 in
688 1842 858 1906 operationibus

46 1910 143 1976 anima,
155 1913 284 1962 secundnm
296 1912 357 1975 quod
371 1910 490 1974 cognitum
503 1915 538 1961 est
548 1912 573 1961 in
586 1916 752 1975 cognoscente,
764 1916 787 1961 el
798 1912 858 1963 desi·

45 1983 151 2034 deratnm
164 1984 191 2035 in
206 1984 360 2034 desiderante.
374 1984 423 2033 Hoc
437 1982 505 2042 igilur
516 1984 613 2033 secundo
623 1984 690 2033 modo
700 1989 761 2031 Deus
771 1982 859 2045 specia-

45 2055 98 2107 liter
108 2062 145 2109 est
156 2057 182 2106 in
191 2054 298 2107 rationali
307 2058 423 2116 creatura,
432 2067 482 2117 qne
491 2054 607 2117 cognoscit
617 2060 640 2105 et
651 2054 725 2117 diligit
735 2054 798 2103 illum
805 2058 858 2105 ectu

46 2129 82 2176 sel
92 2129 186 2178 hanun
209 2127 302 2189 Etonia
315 2128 360 2177 hoe
372 2124 445 2175 habet
454 2124 571 2175 rationalis
584 2129 687 2176 creatura
697 2138 739 2187 per
752 2125 858 2189 gratiam,

46 2204 69 2247 nl
78 2198 141 2249 infra
154 2198 261 2263 patebit,
273 2197 356 2247 dicitur
372 2209 425 2247 esse
438 2197 482 2246 hec
493 2196 560 2249 modo
570 2197 595 2246 in
608 2196 693 2247 sanctis
701 2209 743 2259 per
752 2196 856 2259 gratiana.

77 2271 105 2320 ln
120 2272 192 2323 rebns
206 2268 264 2319 rerd
276 2267 328 2318 aliis
341 2269 371 2318 ab
383 2268 435 2331 ipso
446 2268 528 2317 creatis
540 2268 651 2331 quomodo
660 2268 702 2330 sit,
714 2267 859 2319 consideran·

80 2397 113 2460 (1)
128 2402 222 2455 Nempe
230 2398 257 2442 in
270 2397 328 2443 illud
342 2396 415 2441 Gonu.
427 2398 462 2441 V:
472 2396 525 2451 Qud
538 2395 599 2441 adlit
613 2395 715 2442 dilector
726 2399 794 2445 dcco,
802 2402 858 2454 etc,

47 2464 87 2507 nbi
105 2475 136 2507 ex
150 2460 266 2518 Gregorio
278 2459 337 2508 citat
351 2460 435 2503 dlossa
448 2474 455 2500 ι
466 2458 512 2502 etsi
521 2468 568 2501 nen
578 2470 607 2501 er
616 2456 677 2502 illins
689 2459 860 2503 commentario

48 2526 72 2567 in
92 2524 176 2575 cm„
197 2524 241 2568 sed
254 2522 279 2566 in
292 2520 442 2567 Ezechielem
456 2519 541 2565 demit.
554 2519 570 2563 ⁸
585 2520 731 2575 desumptum
742 2525 786 2565 est.
808 2522 861 2565 Non

49 2599 103 2643 ergo
122 2586 264 2643 simpliciter
283 2584 423 2641 Grepora'ace
440 2593 516 2639 sepes·
537 2581 645 2639 Cantica,
665 2586 691 2626 orl
710 2582 734 2625 ln
754 2582 806 2626 eliis
821 2593 861 2626 er·

50 2650 192 2705 emplaribns
206 2647 306 2705 passim,
318 2653 343 2691 et
357 2646 381 2689 in
393 2643 490 2701 Magnis.
502 2650 566 2689 textu
580 2644 622 2689 lib.
632 2646 652 2701 1,
664 2644 741 2691 Sene,
752 2644 805 2689 dist.
820 2642 859 2702 ed,

51 2706 69 2768 ᾖ
81 2709 103 2756 1.
118 2713 167 2759 Nec
180 2710 324 2767 simpliciter
336 2708 422 2754 Gtoua
433 2718 511 2763 super
528 2706 634 2763 Cantica,
647 2713 673 2750 nt
686 2706 804 2761 exemplar
821 2716 861 2749 co·

52 2772 152 2819 loniense
173 2771 320 2819 immutarit.
342 2770 388 2815 Sed
404 2775 431 2813 nt
449 2768 591 2823 conjunctim
615 2767 747 2823 reponimus
766 2767 795 2810 ad
812 2766 861 2819 ple·

55 2835 136 2881 πίθηαι
151 2835 333 2895 exprimendum
353 2829 469 2890 indicem,
490 2830 624 2887 Greporioo
643 2832 671 2874 ln
693 2829 776 2873 Glosro
789 2825 863 2883 sapor

53 2896 149 2943 flantia.
400 2896 404 2901 '
