1992 3342
154 221 198 266 ιιι
345 228 405 264 rans
422 229 445 276 l,
464 227 555 271 onnon.
573 227 630 274 xlx,
648 225 701 262 anr.
721 226 755 260 ιιι.

152 303 204 354 cium
223 303 320 353 ellectus
342 303 497 353 conformetur
515 301 593 364 agenti
610 300 734 355 secundnm
752 313 817 350 snam
838 301 939 360 formant.

152 376 233 424 eadem
244 374 303 423 ratio
320 378 355 424 est
374 374 400 422 in
416 374 491 423 causis
508 374 641 437 agentibus,
656 387 706 436 qne
722 377 757 422 est
775 371 802 421 in
821 373 894 422 causis
907 373 940 420 lor·

151 445 257 494 malibus.
274 445 300 493 ln
317 444 396 494 formis
413 450 490 494 autem
504 445 537 494 sic
555 449 603 508 est,
621 443 682 507 qudd
701 443 756 494 licdt
775 443 862 506 aliquid
880 443 940 506 posit

152 516 248 565 delicere
263 516 291 566 ab
305 516 383 580 aliqua
394 515 467 566 torma
486 515 634 579 particulari,
652 518 730 564 tamen
745 514 758 563 i
775 515 848 564 torma
860 516 943 563 unirer-

151 587 193 636 sali
208 587 266 636 nihil
280 588 376 638 delicere
389 591 481 652 potest:
501 591 576 651 potest
590 587 651 637 enim
664 599 713 636 esse
726 585 822 650 ahquid,
834 587 895 649 quod
907 598 940 633 non

151 662 187 707 est
200 659 269 709 homo
281 659 319 708 vel
330 660 418 722 uirum,
431 673 478 709 non
490 664 567 709 autem
578 663 652 723 potest
667 672 716 708 esse
730 657 816 720 aliquid
832 659 894 721 quod
908 669 940 705 non

152 732 183 779 sit
191 742 242 778 ens.
253 730 317 779 Unde
328 731 372 780 lucc
384 729 446 779 idem
458 730 483 778 in
493 730 568 780 carnis
578 729 696 792 agentibus
707 727 840 790 contingere
853 731 941 791 oportet.

153 801 231 850 Potest
241 799 304 850 enim
315 800 400 864 utquid
411 800 461 850 lteri
469 805 534 850 extra
544 801 646 850 ordinem
656 800 760 863 alicujus·
765 811 840 848 causa
852 799 943 862 partim-

152 870 206 920 laris
225 872 329 934 agentis,
345 886 392 922 non
411 876 487 922 antem
505 875 571 921 entra
583 872 686 922 ordinem
706 884 780 920 causa
801 869 943 920 unversal'u.

153 943 194 992 suh
205 956 250 1006 qua
265 957 345 993 omnes
357 957 430 993 cause
444 942 594 1006 particulares
607 942 831 1007 comprehenduntur
844 958 850 988 :
865 942 917 1004 qnia
930 941 944 987 si

153 1012 229 1075 aliqua
237 1027 306 1064 eausa
315 1014 457 1078 particularis
470 1015 561 1064 deficiat
575 1014 588 1064 d
600 1029 641 1064 suo
652 1013 745 1076 ellectu,
757 1015 802 1062 hoc
813 1017 848 1062 est
861 1017 944 1076 propter

154 1083 252 1146 aliquam
265 1085 332 1135 aliam
343 1099 435 1135 causam
447 1085 606 1148 particularem
621 1085 801 1148 impedientem,
815 1097 866 1147 que
881 1082 946 1131 conli-

154 1158 222 1204 netnr
241 1157 283 1205 sub
300 1156 380 1206 ordine
393 1169 466 1205 causae
484 1156 631 1218 uniuersalis3
652 1156 712 1205 unde
731 1155 830 1204 effectus
852 1155 945 1203 ordinem

154 1239 228 1276 cansa
241 1227 375 1277 universalis
384 1227 445 1277 nullo
455 1227 522 1277 modo
536 1231 610 1291 potest
624 1227 694 1277 exire.
708 1227 736 1276 lit
750 1227 795 1275 lroc
808 1225 877 1274 etiam
891 1229 945 1287 palat

153 1297 179 1346 in
192 1299 361 1361 corporalibus,
376 1302 451 1362 potest
470 1298 532 1348 enim
551 1298 657 1363 impediri
670 1296 731 1360 qutd
743 1296 820 1360 aliqua
830 1296 896 1346 stella
908 1307 946 1342 uon

153 1369 248 1419 inducat
256 1383 322 1419 suum
334 1370 456 1432 ellectnm3
469 1371 508 1419 sed
517 1372 594 1420 tauma
603 1370 733 1434 quicunque
743 1369 839 1418 effectus
848 1379 947 1416 excausa
963 1341 964 1428 i

137 1478 141 1485 .
154 1453 263 1504 corporea
272 1441 420 1504 impediente,
427 1440 453 1489 in
458 1441 526 1490 rebus
533 1441 687 1504 corporalibus
694 1442 855 1500 consequatur,
862 1443 947 1502 oportet

155 1511 216 1574 qudd
229 1513 349 1561 reducatur
362 1525 403 1575 per
416 1512 503 1575 adquas
516 1525 596 1562 causas
605 1511 692 1563 medias
704 1511 729 1560 in
741 1511 894 1560 universalem
908 1509 948 1555 rir-

155 1586 228 1632 tutem
240 1583 308 1646 primi
322 1583 382 1632 coeli.
397 1583 453 1634 Cim
463 1583 533 1646 igitur
541 1585 647 1634 uoluntas
656 1582 699 1632 Dei
706 1583 736 1632 sit
744 1581 878 1632 universalis
885 1592 946 1629 causa

156 1653 256 1702 omnium
273 1666 365 1715 rerum,
383 1653 521 1717 impossihile
541 1658 575 1704 est
598 1654 658 1719 qudd
676 1654 752 1704 diuina
768 1653 872 1704 uoluntas
886 1653 964 1701 suurn

156 1723 263 1772 eliectum
272 1737 319 1772 non
327 1729 487 1788 consequatur.
497 1727 562 1776 Unde
571 1727 629 1790 quod
639 1727 745 1776 recedere
755 1723 864 1775 uideturl
874 1723 947 1772 diuina

155 1794 272 1843 voluntate
283 1795 407 1845 secundini
418 1811 489 1846 uuum
499 1797 611 1860 ordinem,
626 1797 735 1847 relabitur
749 1797 775 1845 in
787 1795 860 1860 ipsam
872 1807 948 1843 semn-

157 1864 210 1913 dtm
224 1865 294 1914 alium
307 1881 312 1913 :
325 1865 383 1915 sicut
395 1872 512 1931 peccator,
525 1869 573 1931 qui,
587 1872 697 1932 quantum
709 1872 744 1917 est
756 1868 782 1916 in
794 1880 828 1930 se,
841 1865 950 1916 recedita

157 1935 234 1986 diuina
246 1937 363 1987 uoluntate
378 1939 511 2002 peccando,
525 1939 605 1989 incidit
621 1939 645 1988 in
660 1939 762 1989 ordinem
779 1938 861 1988 dimne
874 1937 950 1985 volun·

158 2007 220 2070 tatis,
234 2008 286 2056 dum
296 2022 337 2072 per
351 2009 402 2073 ejus
413 2009 525 2072 justitiam
538 2010 640 2074 punitur.

189 2080 222 2128 lid
238 2077 337 2142 primum
350 2093 404 2142 ergo
422 2080 557 2143 dicendum,
574 2079 634 2144 qudd
654 2081 710 2130 illud
728 2081 824 2131 verbnm
839 2076 951 2142 nposmli.

158 2148 219 2212 qudd
233 2168 247 2198 ιι
260 2151 318 2200 lleus
332 2152 382 2200 vult
395 2165 474 2201 omnes
488 2151 594 2202 homines
610 2153 685 2202 saluos
703 2151 761 2215 lieri,
780 2155 836 2213 etc,
849 2167 863 2196 ιι
880 2153 952 2212 potest

156 2220 277 2283 tripliciter
285 2221 391 2284 intelligi.
405 2224 456 2273 Uno
468 2223 536 2272 modo
544 2261 553 2286 ,
567 2227 593 2272 ut
605 2223 635 2273 sit
651 2223 797 2273 accommoda
812 2219 955 2272 distributim

157 2295 280 2343 secundum
293 2297 356 2345 hrrnc
369 2309 461 2346 sensum
475 2311 481 2344 z
497 2314 512 2343 c
522 2297 583 2346 Deus
597 2297 646 2345 uult
664 2296 738 2346 saluos
755 2295 805 2344 fieri
823 2306 901 2346 omnes
915 2294 955 2340 to

159 2363 232 2414 mines
243 2366 282 2428 qui
297 2366 425 2430 salvantur,
441 2381 486 2417 non
505 2366 558 2430 qrria
574 2368 648 2418 nullus
663 2369 731 2418 homo
746 2367 776 2416 sit
789 2380 857 2430 quem
869 2364 955 2414 salvum

158 2434 208 2483 lieri
220 2449 267 2484 non
276 2437 345 2500 velit,
357 2439 396 2486 sed
411 2438 465 2500 quia
479 2438 554 2488 nullus
566 2439 643 2488 saluus
655 2438 681 2486 lit
693 2451 762 2501 quem
778 2451 825 2487 non
839 2436 895 2484 uelit
913 2436 958 2482 sal-

158 2519 212 2553 vum
222 2505 281 2569 lieri,
293 2524 307 2552 ι)
319 2513 344 2556 ιιι
361 2507 415 2558 dicit
431 2508 570 2570 Augustinus
582 2508 624 2572 (l).
643 2508 747 2560 Secumd
758 2513 834 2574 potest
847 2505 958 2564 intelligi.

193 2622 224 2684 (ι)
239 2627 355 2682 colligitur
367 2639 395 2672 ex
407 2628 449 2672 lib.
462 2626 491 2671 de
506 2627 674 2674 praedestinat.
689 2629 843 2684 Sanctorum,
858 2638 910 2680 cap.
927 2624 944 2664 8

160 2694 227 2732 etex
239 2689 402 2738 Enetiridto,
419 2703 471 2747 cap.
487 2688 546 2742 103;
566 2697 589 2734 et
602 2691 643 2736 lib.
658 2691 688 2747 d,
703 2695 790 2737 contra
810 2690 945 2736 tullensem

160 2762 213 2805 cap.
229 2751 253 2794 8.
273 2751 336 2802 Quod
351 2758 426 2796 autem
442 2753 588 2808 subjungitur
605 2766 633 2797 er
647 2756 805 2809 Damascene,
821 2750 882 2809 apud
894 2737 964 2806 illuni

160 2813 305 2858 habeturlib.
317 2814 340 2869 2,
351 2813 379 2858 dc
392 2814 455 2858 Fide
466 2814 574 2862 orthod„
589 2827 641 2873 cap.
654 2815 693 2874 il),
706 2822 729 2862 et
741 2829 769 2861 ex
778 2817 860 2861 eodem
871 2807 964 2870 passio*

160 2873 233 2917 relert
246 2879 269 2920 S.
285 2876 401 2932 Thomas,
417 2888 443 2920 ac
455 2877 600 2932 potissimum
612 2877 635 2922 in
647 2878 710 2923 illum
723 2879 796 2934 ipsum
808 2881 884 2923 locum
896 2873 953 2928 Apo

160 2936 223 2993 stoli,
236 2937 274 2981 nti
285 2938 354 2980 aliam
363 2949 455 2992 quoque
464 2939 677 2994 interpretationem
688 2941 758 2998 addit,
769 2943 834 2985 nteit
846 2941 957 2994 loquuti·
