1992 3342
144 209 191 254 dot
312 249 316 255 .
335 216 397 254 raras
413 217 437 264 r,
453 216 546 261 pomer.
564 217 620 264 ιιι,
644 215 699 254 tar.
717 218 755 256 ιιι.

142 307 194 351 ¹nou
207 297 283 358 potest
291 291 466 355 pretermittere
474 291 498 341 id
514 291 574 356 quod
586 291 739 356 adjustitiam
753 296 932 358 snampcrtinet:

145 365 227 416 dicitm
239 363 351 425 enimn,
362 361 399 412 od
414 363 477 411 Tim.
490 363 510 411 ll
525 378 531 411 :
548 362 599 412 «Si
613 376 660 413 non
675 363 803 428 credimus,
813 365 852 416 illc
868 368 934 418 fidelis

146 438 278 499 pormanet,
291 433 393 497 seipsum
403 446 488 495 negare
503 447 549 484 uon
562 437 645 497 potest.
661 449 675 479 u
689 435 789 496 Negarct
799 439 873 488 summ
879 440 934 502 seip-

89 517 95 522 ·
146 519 206 567 sum
220 508 245 554 ut
258 504 314 554 dicit
325 505 404 554 Gloasa
413 503 516 567 ibidem,
529 505 549 554 si
560 505 620 554 dicta
633 518 674 554 sua
685 510 796 568 negaret:
810 521 863 570 ergo
875 511 936 560 miae

146 575 300 625 ricordialleo
316 588 363 624 non
379 574 498 638 competit.
662 609 665 616 .

178 646 224 695 Sed
237 648 317 696 contm
332 649 381 708 est,
398 647 459 708 quod
473 644 556 696 dicitur
572 644 597 694 iu
609 645 680 696 Prot.
696 647 752 698 Cll:
766 664 781 695 u
794 648 908 702 ldisenator
918 656 936 700 el

146 715 275 766 misericors
287 716 405 766 Dominus.
418 733 433 762 n

178 791 373 854 (Goucnusro.-
382 790 439 842 edm
447 791 476 840 de
485 791 583 841 eliorum
596 791 688 842 miseria
698 791 784 842 tristari
796 792 887 854 minime
899 797 938 845 lleo

147 861 283 922 conveniat,
294 861 336 911 sed
349 861 423 924 magis
437 875 489 912 eam
503 862 631 924 repellere,
644 861 797 913 misericordia
809 877 855 914 non
867 878 939 916 secun

147 932 202 982 ddm
216 931 329 995 passionis
341 932 465 996 adactum,
480 933 522 983 sed
534 931 659 994 edoctum,
675 931 773 983 maxime
788 932 809 984 ci
824 937 939 986 conuenire

148 1002 253 1066 dicitnr.)

178 1075 314 1137 Respondco
327 1073 464 1136 dicendum,
484 1073 546 1137 qudd
564 1073 719 1124 misericordia
736 1077 772 1124 est
788 1075 832 1124 lleo
849 1076 942 1125 maximi

148 1143 307 1207 admouenda,
322 1148 400 1194 umen
412 1143 538 1195 secundum
551 1145 676 1207 ellectum,
690 1158 736 1196 non
758 1146 881 1194 secundum
898 1159 942 1210 pas

149 1215 219 1265 sionis
229 1215 345 1266 adetum.
358 1216 392 1265 lld
406 1215 471 1278 cujus
482 1215 621 1266 evidentiam
637 1215 825 1266 considerandum
841 1219 876 1266 est
887 1216 943 1279 qnod

149 1284 278 1337 misericors
292 1285 374 1336 dicitur
391 1285 474 1348 aliquis
489 1285 555 1348 quasi
569 1303 583 1334 u
594 1286 681 1337 hahens
698 1284 806 1336 miserum
818 1299 857 1336 cor
870 1286 919 1350 (l),
933 1303 943 1332 a

148 1354 202 1419 quia
215 1356 302 1407 scilicet
318 1353 416 1405 afficitur
429 1368 459 1405 ex
468 1354 560 1405 miseria
575 1356 669 1406 alterium
682 1369 723 1418 per
739 1355 857 1406 tristitiam
863 1392 873 1419 ,
888 1369 916 1406 ac
928 1355 944 1404 si

150 1431 211 1477 esset
226 1427 277 1491 ejus
291 1426 383 1491 propria
398 1425 490 1476 miseria
497 1463 506 1489 ‚
518 1429 543 1476 et
556 1440 586 1477 er
598 1428 642 1478 hoc
655 1425 758 1490 sequitur
768 1425 830 1490 qudd
842 1429 943 1491 operetur

149 1498 179 1548 ad
191 1499 348 1561 depellendam
361 1495 477 1548 miseriam
490 1495 596 1560 alterius,
616 1497 673 1547 sicut
691 1495 807 1547 miseriam
821 1495 944 1560 propium,

149 1570 174 1616 et
182 1568 220 1617 bic
229 1572 264 1618 est
272 1567 432 1619 misericordie
440 1567 544 1624 effectus.
555 1567 709 1629 Trmtariergo
719 1569 747 1616 de
756 1566 850 1617 miseria
859 1565 945 1616 alterius

150 1650 197 1688 non
207 1637 316 1700 competit
326 1639 387 1701 Deo;
397 1637 438 1688 sed
448 1638 559 1702 repellere
568 1637 683 1688 miseriam
694 1637 788 1687 alterius
801 1639 846 1688 hoc
855 1633 947 1686 manne

149 1706 172 1756 ei
185 1708 306 1770 competit,
320 1711 346 1756 ut
356 1720 398 1770 per
411 1708 526 1758 miseriam
537 1720 695 1771 quemcunque
710 1706 827 1758 delectum
839 1707 948 1768 intellige·

150 1790 209 1826 mus.
219 1777 326 1827 Deiectus
336 1781 413 1827 autem
429 1791 477 1828 non
492 1777 602 1828 tolluntur
616 1777 660 1828 uisi
675 1791 717 1840 per
730 1777 832 1842 alicujus
847 1775 949 1830 bonitalis

150 1846 323 1909 perfectionem.
336 1847 413 1898 Prima
425 1852 504 1898 autem
518 1848 582 1910 origo
592 1846 702 1898 bonitatis
712 1850 773 1898 Deus
786 1854 823 1900 est
830 1887 839 1913 ,
850 1853 877 1898 nt
887 1845 951 1910 snpri

151 1920 268 1968 ostemmn
281 1921 317 1968 est
333 1917 386 1983 (qu.
405 1917 442 1982 6).
463 1919 509 1969 Sed
528 1918 718 1968 considerandum
732 1921 768 1968 est
787 1919 851 1982 quod
865 1915 951 1978 elargiri

151 1989 304 2052 perfectiones
316 1989 384 2040 rebius
397 1989 497 2052 pertinet
511 1989 604 2052 qrridem
614 1992 639 2038 et
652 1988 680 2038 ad
693 1988 823 2039 honitatem
836 1989 950 2045 divinam,

152 2063 176 2109 et
191 2061 221 2111 ad
235 2060 363 2124 justitiam,
378 2062 402 2110 et
415 2061 445 2109 ad
455 2059 616 2109 liberalitatem
629 2062 653 2109 et
669 2057 867 2122 misericordiam,
880 2062 954 2108 tamen

187 2175 218 2237 (i)
234 2179 271 2224 Sic
284 2177 426 2235 Augustinus
439 2189 546 2235 quoqne,
563 2177 605 2222 lib.
621 2176 650 2220 de
662 2176 772 2221 moritur
783 2177 900 2222 Eeelerioe
914 2172 956 2216 Ca-

153 2239 258 2288 idolico,
269 2252 321 2297 cap.
333 2239 381 2284 27:
398 2241 458 2296 Quota
470 2240 567 2297 iocorel
578 2252 609 2284 ea·
622 2247 648 2284 co
665 2239 816 2297 appellatam
829 2252 879 2284 erse
891 2237 959 2280 aniss-

152 2301 302 2357 rs'cordtom‚
322 2303 386 2359 codd
408 2303 525 2346 miserum
546 2313 588 2345 cor
605 2301 682 2360 {ociot
707 2301 863 2346 condolentis
882 2299 959 2364 alieno

153 2363 234 2407 molo?
241 2365 392 2408 doulormiter
399 2363 427 2407 ad
435 2363 491 2408 illud
499 2363 616 2408 Ciceronis
625 2363 811 2408 misericordiam
818 2361 957 2408 definientis.

157 2423 266 2474 Tcacol„
277 2426 301 2484 t,
315 2425 377 2482 quod
387 2425 418 2468 sit
433 2425 554 2483 aptitudo
576 2437 606 2470 coo
621 2419 723 2470 miseric
738 2425 849 2470 alterius
863 2419 961 2479 iniuria

153 2486 287 2532 lodorontr'c
298 2485 376 2547 (quasi
387 2487 461 2546 dicat,
482 2487 576 2544 iaciente
590 2483 751 2546 loborantis).
762 2490 794 2533 Et
806 2487 854 2531 laun
866 2483 962 2542 pertine*

154 2548 225 2606 qnod,
235 2561 305 2594 serm.
316 2548 355 2606 lo,
368 2549 382 2593 l
394 2549 535 2606 dhrrsolcgo
549 2559 618 2604 super
631 2548 688 2592 illud
701 2565 707 2592 ι
720 2549 817 2594 Beatus
831 2550 879 2605 occi
896 2543 964 2589 intol-

153 2611 212 2667 lc'ott
225 2623 300 2668 rupea·
318 2623 419 2669 euenum
433 2615 455 2656 et
470 2623 618 2668 puerperam,
640 2611 743 2655 dicitnr:
766 2611 840 2668 Quod
862 2621 889 2654 oe
903 2607 964 2652 peu,

155 2684 237 2717 umore
251 2675 371 2730 pauperis
388 2674 424 2718 cic
440 2673 558 2730 depono,
569 2675 596 2716 ot
609 2685 660 2716 non
676 2673 741 2718 adsit
755 2673 874 2731 paupert
891 2667 929 2712 aad
950 2680 962 2706 r

155 2735 207 2790 ipae
217 2735 250 2779 ait
257 2748 364 2792 pauper,
374 2736 491 2792 quamdo
505 2747 555 2778 aon
565 2747 681 2791 mopocm
693 2738 748 2780 cat?
760 2739 791 2780 llt
801 2734 876 2792 paulo
890 2728 950 2773 rutra

158 2797 252 2841 Porcus
269 2798 356 2857 [straet
370 2810 439 2842 amor
452 2797 573 2854 pauperia
583 2796 647 2853 codd
658 2809 795 2854 properem
806 2791 956 2851 suscepisset

157 2859 207 2901 uici
223 2864 244 2903 et
255 2861 379 2916 passiones
390 2861 510 2916 pauperie
528 2860 678 2915 succeptccet.
696 2859 773 2906 Verus
791 2869 867 2905 amor
885 2857 918 2900 est
938 2852 952 2903 ί

145 2920 216 2964 cisse
228 2925 282 2966 tuos
293 2923 429 2978 oapoutioli
442 2920 569 2978 oppositos
577 2953 587 2971 ,
600 2927 646 2966 cto.

959 2864 962 2872 r
