1992 3342
127 241 170 282 illi
335 250 393 283 rins
406 250 427 296 r,
441 249 532 291 ortana.
550 250 605 292 narr,
621 248 674 285 aar.
691 250 713 283 x.

126 338 198 385 nequo
215 321 343 385 roquirere,
365 324 403 371 secl
427 323 550 384 analogice.
573 324 636 381 Quod
658 336 688 372 er
708 325 752 371 boc
771 328 842 386 patet.
870 326 927 382 Quin

126 393 273 442 univocorum
283 397 317 439 ost
328 392 421 441 omuino
431 394 510 441 euclem
521 393 588 453 ratio,
602 392 769 455 aequivocorum
782 397 817 441 est
831 392 928 441 rrrnnino

126 462 296 521 1·ut.iorlire1·sa;
311 462 335 509 iu
345 461 470 523 analogicis
481 462 550 524 venir,
567 467 655 525 oportet
668 462 728 525 pubal
745 476 829 513 numen
846 476 928 512 secun-

126 536 177 581 lum
197 546 266 581 unam
284 531 475 592 significationem
496 538 616 596 acceptum
634 538 731 596 ponatur
747 534 771 583 iu
792 532 929 583 diffinitione

126 604 229 664 ‹prrslem
249 602 347 652 nominis
356 605 481 653 secuudum
495 604 552 653 alias
563 603 740 666 significationes
751 604 856 666 accepti:
873 604 932 654 sicul

127 689 169 721 rus
184 674 211 722 de
224 674 350 723 sirletantia
362 675 463 735 lictum,
480 674 572 737 ponitur
584 674 608 723 in
623 673 758 725 diffinitione
772 675 831 725 entis
847 688 931 725 secun-

127 745 179 791 lum
191 746 250 806 qarod
263 746 291 793 dc
305 745 423 795 accidente
437 745 530 794 dicitur:
544 749 568 795 et
576 756 669 794 sonum
680 744 764 795 dictum
776 747 803 795 de
818 745 930 808 animali,

128 815 217 877 ponitur
227 818 253 864 in
266 816 402 867 diffinitione
414 816 464 865 sani
477 818 603 865 secundum
613 818 673 879 quod
687 817 768 866 dicitnr
781 818 809 866 de
823 817 892 867 urina
907 824 931 867 et

128 886 155 933 ilc
173 885 297 948 melitina,
312 888 381 949 hujus
392 886 454 937 enim
466 886 530 948 sani,
542 888 602 949 quod
617 891 651 937 est
662 888 687 937 in
701 888 803 950 animali,
813 888 880 937 urina
894 894 932 937 est

128 956 292 1018 significativa,
300 961 323 1007 et
333 956 545 1007 medicinalactiva.
556 958 594 1006 Sic
606 958 688 1008 accidit
698 959 722 1007 in
735 959 860 1022 proposito.
871 960 932 1008 Nam

130 1028 172 1075 boc
183 1041 280 1089 nomen,
294 1031 377 1085 Deus,
390 1029 515 1078 secundum
529 1030 588 1091 quod
606 1043 648 1091 pro
664 1031 711 1079 lieo
724 1043 779 1079 uero
791 1028 889 1079 sumitur
908 1030 932 1079 in

130 1098 217 1148 ratione
233 1100 289 1162 bei,
305 1101 400 1151 sumitur
417 1101 541 1153 secundum
557 1100 617 1161 quod
631 1099 712 1151 dicitur
724 1102 792 1151 Dens
804 1102 934 1151 secuudum
986 1120 987 1137 2

131 1169 261 1231 opinionem
274 1173 312 1220 vel
325 1170 529 1235 participationem.

162 1240 218 1290 Cim
231 1241 292 1291 enim
308 1242 407 1305 aliquem
424 1242 569 1292 nominamus
582 1244 661 1291 [lenm
673 1243 795 1291 secunlum
809 1243 935 1307 participa·
986 1258 987 1287 ι

131 1312 394 1377 tionem,'iutelligimus
410 1315 501 1363 nomine
515 1313 556 1363 bei
566 1312 651 1376 aliquid
661 1315 746 1364 babens
756 1312 935 1365 similitudinem
986 1326 987 1375 t

132 1384 181 1433 veri
194 1386 234 1435 liei
251 1386 299 1450 (l);
316 1385 420 1436 similiter
436 1386 487 1435 cirm
505 1385 590 1435 idolum
610 1384 753 1433 nominamus
774 1386 870 1447 mem,
892 1387 936 1436 boc

133 1457 238 1520 nomine,
249 1466 326 1513 bens,
336 1457 485 1518 intelligimus
492 1454 616 1517 significari
627 1455 720 1517 aliquid,
731 1456 758 1505 de
769 1467 814 1517 quo
829 1455 937 1506 homines
986 1448 987 1459 ¹

133 1528 254 1590 opinantur
266 1528 328 1592 quiid
343 1528 461 1590 silbans,
475 1531 499 1576 et
511 1528 544 1577 sic
556 1526 703 1576 manifestum
717 1529 764 1587 est,
777 1526 837 1587 quod
850 1527 898 1576 alia
911 1534 937 1578 et

134 1598 178 1647 alia
188 1603 224 1648 est
233 1598 367 1659 significatio
381 1598 481 1647 nominis
499 1614 505 1646 :
526 1593 566 1649 sed
576 1610 622 1647 aaa
635 1597 725 1645 illarum
741 1594 937 1658 significationum

134 1668 244 1717 clauditm
255 1669 279 1716 in
294 1667 498 1729 significationibus
508 1668 566 1719 aliis.
577 1667 641 1717 Unde
653 1666 798 1717 manifestum
811 1670 859 1730 est,
874 1668 939 1731 qubd

135 1738 251 1800 analogice
261 1738 350 1787 dicitur.

166 1808 199 1856 ml
218 1808 316 1869 primum
339 1822 394 1870 ergo
412 1809 548 1871 dicendum,
566 1808 626 1873 quid
644 1807 760 1857 nominum
779 1808 941 1872 multiplicitas
986 1846 987 1863 r

137 1892 184 1926 non
194 1879 320 1927 attenditur
326 1881 451 1930 secunlum
460 1880 557 1931 nominis
563 1878 754 1944 praedicationem,
765 1878 805 1927 scd
811 1880 940 1929 secundnm
986 1888 987 1941 ζ

986 1948 987 1983 ι

171 2005 200 2067 (ι)
217 2010 303 2065 Nempe
314 2010 390 2064 quoad
404 2009 566 2053 authoritatem
575 2008 678 2063 dominii,
690 2007 726 2051 vel
737 2006 813 2062 quoad
827 2008 942 2053 bonitatis
986 2002 987 2063 ι

137 2071 302 2123 imitationem
316 2078 342 2115 ut
356 2072 451 2120 Gener„
461 2074 549 2127 ceplll
563 2087 568 2115 :
582 2070 647 2115 Filii
659 2069 705 2113 Dei
720 2066 759 2113 filii
775 2069 830 2116 seth
844 2077 944 2130 propter

135 2132 196 2176 illius
214 2134 366 2192 probitatem,
385 2134 504 2190 virtutem,
528 2134 652 2189 pietatem
676 2137 699 2175 et
717 2131 768 2187 pilii
786 2130 889 2176 cicorum
908 2137 942 2179 ab

136 2202 221 2257 Aquila
244 2204 368 2248 redduntur
381 2195 437 2258 (incr
454 2197 524 2258 θεῶν)
540 2210 634 2261 propter
654 2200 787 2246 hebraicum
808 2202 892 2247 Eioim
917 2206 943 2247 in

136 2265 233 2318 plurali;
256 2267 297 2310 sed
318 2266 331 2310 ir
348 2266 484 2322 Symmacho
501 2267 552 2323 filii
566 2265 747 2310 dominantium
762 2263 800 2307 vel
812 2268 943 2321 potentum

138 2322 191 2387 (tici
204 2323 411 2391 tormentum),
420 2339 612 2393 utheronpmus
620 2332 813 2379 intruditionibus
821 2334 945 2381 hebraicis

138 2397 229 2441 adeum
240 2399 315 2442 locum
329 2403 406 2451 notat;
420 2405 443 2443 et
454 2399 584 2455 expressius
593 2398 751 2442 Theodoretus
761 2403 846 2451 quest.
859 2396 900 2457 ll,
912 2402 944 2444 in

140 2459 266 2508 Genesim,
281 2461 321 2503 ubi
335 2460 412 2515 potius
426 2462 490 2505 Enoc
502 2460 578 2504 'filiurn
593 2462 646 2504 Seth
666 2460 704 2515 qui
718 2458 819 2515 primns
841 2472 947 2507 evocare

140 2523 210 2577 erupit
226 2534 314 2565 nornen
328 2523 430 2566 Donnini
448 2524 506 2581 Dei,
521 2530 547 2567 ut
560 2522 646 2567 ibidem
664 2522 760 2577 dicitnr,
774 2522 851 2565 Deum
866 2524 879 2567 al
895 2526 947 2567 suis

139 2589 234 2638 propter
244 2584 354 2638 pietatem
366 2592 472 2629 vocatum
483 2598 535 2630 esse
547 2584 630 2641 refert,
646 2596 673 2629 ac
686 2595 714 2627 ex
725 2582 816 2636 Aquila
831 2585 946 2629 versione

139 2644 270 2700 confirmat,
287 2648 358 2703 erepit
371 2650 456 2691 necari
468 2648 568 2691 nomine
586 2648 706 2691 Domini:
721 2645 753 2687 sic
767 2644 863 2693 Emori„
883 2649 947 2696 Vll,

140 2720 199 2752 vers.
211 2707 234 2760 1,
244 2708 317 2764 Mopsi
324 2709 409 2753 dictum
420 2726 425 2753 ε
438 2710 559 2753 Constitui
570 2713 591 2753 te
601 2710 678 2753 Deum
688 2706 842 2757 Pnoraontr‚·
853 2708 948 2762 quiunt

140 2782 191 2825 cap.
207 2770 230 2826 Ξ,
243 2771 285 2814 lib.
295 2773 314 2826 Ι,
327 2771 356 2815 ele
370 2770 427 2814 lter
438 2775 459 2815 et
475 2770 538 2815 Cain
552 2771 687 2815 Ambrosius
702 2767 811 2824 loquitur,
829 2768 952 2814 bnnwncr

139 2831 284 2887 niquitatem
305 2834 454 2877 conditionis
475 2834 589 2881 enecesit,
614 2836 656 2876 etr.
685 2831 720 2875 Sic
747 2828 841 2877 Emori„
864 2834 953 2879 ΧΧΗ,

141 2905 200 2937 vers.
210 2894 255 2937 28·
270 2896 325 2939 Diis
338 2908 388 2939 non
401 2894 522 2944 tatrones,
532 2894 552 2938 id
567 2900 602 2939 est
615 2892 776 2949 Principibus
787 2893 884 2947 popuii
902 2914 909 2937 .·
924 2904 952 2939 ur

140 2962 163 2999 ct
178 2958 242 3001 Psoi.
259 2960 345 3002 LXXXI
361 2974 366 2999 ε
385 2958 448 3002 Dens
462 2958 525 3002 stelit
538 2959 567 3001 in
580 2968 702 3013 cpnopopc
715 2954 832 3001 deornm,
849 2958 898 3001 etc.
