1992 3342
105 238 152 287 tot
302 247 400 296 nusi,
416 246 509 291 ouasr.
525 244 597 293 xxxi,
616 238 670 280 Αιιτ.
688 242 706 280 ι.

136 326 146 390 (
152 328 294 377 Quanam.
304 348 335 360 -
344 324 371 373 ln
380 322 466 373 divinis
475 321 607 370 trinitatis
618 332 702 371 nomeu
712 318 823 371 utendum
834 322 870 373 est
880 321 910 372 ad

104 396 275 460 significandum
287 396 331 445 lios
344 395 406 445 idem
420 396 459 445 det
459 392 587 457 ermiuatt',
599 393 660 457 quood
672 393 790 457 pluralitas
807 392 910 446 indean-

104 468 190 524 minan
209 465 347 530 omittunt.)

136 538 271 605 Respondes
284 538 406 589 dicendum
411 536 493 603 ,quod
507 550 591 587 nomen
602 536 749 586 trinitatis
742 550 767 587 ιι
781 535 898 587 divinis
880 551 912 587 su·
982 584 983 589 ,

104 610 196 675 gnificat
213 611 390 662 determinatum
401 623 523 661 numerum
535 620 691 673 personam
709 608 776 660 Siout
789 608 861 671 igitur
871 623 913 674 po-

104 684 166 734 nitur
176 684 295 747 pluralitas
308 697 457 749 persouarum
467 682 492 732 iu
504 680 595 745 diuum,
607 680 639 730 ita
648 681 759 731 utendum
771 684 806 732 est
818 681 913 733 nomine

104 756 249 816 trinitatis;
258 755 313 819 quia
323 756 367 808 hoe
377 754 438 805 idem
446 754 507 817 quod
519 752 633 815 siguificat
645 752 763 817 pluralitas
774 752 914 807 indetermi-

104 826 174 889 untt,
188 826 302 889 siguificat
314 828 359 877 hoo
371 838 472 889 nomen,
485 826 603 889 trinitas,
616 824 774 876 dunimiuatt.

135 898 340 964 oldprimumergo
351 899 486 960 (licendum,
497 895 612 961 quidhoc
625 910 723 961 nomeu,
737 896 862 957 trinitas,
878 912 915 951 se·

104 968 205 1020 ounlim
217 971 380 1035 etymologiam
393 968 498 1021 vocabuli
511 968 602 1019 videtur
613 968 740 1032 siguificare
752 984 825 1021 uuam
836 984 916 1021 essen-

104 1040 161 1091 tiam
172 1042 242 1091 trium
253 1056 416 1107 personarum,
428 1039 555 1091 ιιοιιιιιιιιιιι
565 1037 625 1104 qutd
637 1038 718 1090 dieitur
731 1042 840 1093 trinitas
850 1043 915 1107 quan

107 1116 189 1163 triam
206 1117 308 1179 nnitas;
317 1114 358 1165 sed
372 1113 497 1165 seeundiun
510 1112 674 1179 proprietatem
683 1112 789 1163 vocabuli
799 1113 916 1177 siguificat

106 1186 180 1250 magis
196 1199 316 1238 numerum
333 1199 481 1252 personarum
498 1184 700 1251 tmiusesseutia3
716 1187 739 1237 et
755 1190 853 1251 propter
871 1188 915 1241 hoc

105 1272 152 1309 uon
168 1273 290 1323 possumus
302 1258 378 1309 disere
391 1257 453 1322 quid
470 1257 538 1308 Pater
559 1255 589 1331 sit
606 1258 726 1321 trinitas,
742 1257 799 1323 quia
815 1272 865 1309 uon
881 1260 915 1311 est
982 1302 983 1309 ,

106 1333 153 1381 tres
162 1341 275 1395 pomona.
287 1332 338 1381 Nou
345 1333 422 1380 annm
428 1329 542 1392 significat
551 1328 613 1393 ipsas
621 1328 744 1379 relationes
752 1341 914 1396 personarum,

106 1404 148 1453 tei
160 1403 361 1467 magianumerum
370 1409 520 1466 personarum
530 1403 556 1452 ad
568 1399 817 1467 irritamentorum
830 1406 854 1454 et
862 1402 914 1454 iude

107 1477 142 1524 est
154 1473 215 1539 qutd
228 1474 354 1525 aeonium
365 1487 450 1524 nomen
460 1473 496 1523 ad
506 1472 584 1522 aliod
593 1486 640 1523 uon
651 1472 757 1523 refertur.

138 1547 173 1597 ld
189 1547 314 1596 meandum
330 1546 464 1609 dimotum,
475 1543 537 1609 quid
550 1558 633 1595 nomeu
650 1544 797 1596 collectivum
814 1547 860 1597 duo
873 1546 915 1595 iru-
982 1602 983 1605 Ἴ

107 1620 195 1683 portat,
210 1618 298 1667 sailioet
310 1618 463 1680 pluralitatem
478 1610 647 1681 suppositorum
667 1619 690 1667 et
703 1616 817 1667 unitatem
837 1628 914 1685 quam·
982 1610 983 1637 ³

107 1690 175 1749 dam,
189 1688 276 1739 scilieet
286 1688 372 1739 ordinis
382 1689 480 1753 alicujus
495 1689 608 1755 :populus
622 1688 684 1739 emm
694 1692 729 1739 est
742 1689 866 1741 multitudo
876 1690 916 1739 luo·

107 1758 204 1821 minum,
218 1759 260 1809 sut
271 1760 348 1823 aliquo
359 1759 438 1811 ordine
451 1762 677 1825 comprehensorum.
694 1762 810 1819 Quantum
821 1776 875 1824 ergo
889 1760 916 1811 ai

108 1831 220 1895 primum,
231 1831 276 1880 hoo
286 1844 370 1881 nomen
382 1832 486 1881 trinitas
504 1832 611 1883 convenit
624 1846 675 1882 oum
687 1832 820 1885 nominibus
833 1834 916 1885 colea-
982 1868 983 1905 p

107 1901 176 1965 tivis;
190 1902 231 1952 sed
248 1906 358 1966 mantum
371 1904 400 1953 ad
413 1905 538 1954 secundum
554 1904 644 1967 differt3
660 1902 748 1967 quirin
760 1902 840 1956 diviua
853 1902 917 1955 trini-
982 1912 983 1941 l

108 1979 155 2026 tote
166 1990 212 2026 nou
221 1974 294 2026 solium
306 1978 341 2026 est
350 1975 426 2027 unitas
436 1976 531 2041 ordinis,
542 1976 582 2028 sed
591 1990 641 2027 cum
654 1978 698 2037 lupo
710 1979 745 2027 est
756 1975 827 2043 etam
840 1976 917 2027 unitas

109 2047 224 2099 meantia

141 2120 175 2169 llil
185 2119 280 2169 tertium
290 2117 413 2169 dicendum
420 2118 497 2185 ,poti
514 2120 592 2169 trinit
582 2123 623 2171 tas
632 2118 721 2170 absolut
711 2117 837 2185 tttlioitur‚
848 2118 917 2183 sigui-

109 2190 165 2241 tioat
181 2190 242 2241 euim
256 2204 377 2244 uumemm
393 2191 519 2241 ternarium
536 2204 711 2257 personarum:
723 2191 764 2241 sed
776 2190 916 2256 triplicitas
982 2248 983 2251 Ἰ

110 2262 225 2325 siguificat
241 2263 411 2327 proportionem
430 2262 548 2327 inaqualit
549 2264 606 2327 atis3
628 2268 662 2314 est
680 2262 741 2313 enim
757 2264 849 2332 species
865 2278 915 2328 pru·

110 2333 221 2398 portionis
234 2334 368 2398 manualia,
379 2334 438 2384 siem
456 2338 519 2398 patet
533 2348 575 2398 per
588 2331 712 2385 Bottium'
706 2348 730 2383 uu
744 2335 914 2387 Arittmetica

110 2405 167 2469 (lit.
180 2405 190 2455 l
196 2418 266 2469 ,.oap
279 2404 336 2469 tt).
348 2406 377 2455 Et
387 2405 440 2456 ideo
450 2408 498 2455 ton
510 2405 561 2456 est
555 2418 580 2455 ιιι
591 2406 637 2457 lieo
651 2406 804 2471 triplicitas,
815 2407 855 2457 sed
868 2406 915 2455 tri-

110 2478 187 2527 nitas.

142 2550 177 2599 ld
192 2553 296 2613 quartum
310 2549 445 2613 dicendum,
459 2548 541 2614 quid
535 2562 560 2599 un
575 2549 676 2601 trinitate
691 2550 769 2600 dimna
778 2549 888 2613 iutelligit
888 2536 917 2599 ur'

110 2622 134 2671 et
148 2632 257 2671 numerus
270 2625 294 2671 et
310 2634 414 2685 persona
423 2626 561 2676 numerata.
583 2620 640 2672 eum
655 2635 709 2686 ergo
727 2620 824 2673 dicimus
839 2620 913 2672 trint-

112 2695 192 2743 tatrnt
203 2694 230 2741 in
242 2695 349 2757 unitate,
359 2706 406 2745 nou
418 2693 527 2758 ponimus
535 2706 656 2743 numerum
665 2693 690 2743 iu
701 2692 789 2744 unitate
798 2692 913 2753 essentia,

111 2764 176 2829 quasi
189 2763 219 2814 sit
234 2768 273 2813 ter
285 2779 334 2813 nno
342 2780 351 2827 ,·
359 2766 398 2815 sed
410 2778 519 2831 personas
533 2769 664 2816 numeratas
672 2764 779 2829 ponimus
792 2764 913 2815 inanitate

112 2841 199 2887 naturae
205 2875 214 2901 ,
222 2836 280 2887 sicut
288 2838 405 2900 supposita
416 2837 514 2901 alicujus
523 2842 611 2889 naturae
621 2837 726 2891 (licuntur
736 2850 786 2889 essu
798 2837 824 2887 iu
833 2838 912 2887 muru

111 2905 190 2964 illati
200 2922 310 2960 seuuemo
323 2913 399 2960 autem
413 2909 509 2959 mamus
526 2912 653 2961 unitatem
667 2912 694 2960 in
708 2906 911 2973 trinitatatem

112 2982 193 3029 natura
204 2980 285 3030 dieitur
296 2994 345 3030 esse
357 2980 383 3029 in
393 2980 441 3030 suis
453 2980 585 3045 suppositis.
