1992 3342
353 213 387 253 ou
401 212 509 253 meone
524 212 616 253 etms.
840 204 884 253 5⁰1

82 290 179 342 emitas
187 290 197 355 l
206 303 251 355 per
261 290 326 355 prius
338 288 369 341 nt
377 290 404 341 iu
416 293 464 344 teo
475 289 545 355 quim
556 291 580 341 in
590 292 707 343 creaturis.
723 290 786 343 Unde
797 293 841 343 troo
850 292 886 357 ip-

82 376 147 425 aem,
158 362 220 427 quoti
229 363 254 412 in
263 362 349 415 divinia
355 364 391 413 est
400 362 516 415 distinctio
523 362 595 425 geniti
604 361 617 413 l
627 366 749 427 generante
760 360 885 414 seeundum

83 434 219 483 reletiomm
229 432 335 499 testim
347 435 376 485 erl
386 434 508 484 uerimtem
521 434 604 485 dimne
613 434 768 498 generationis
777 436 801 485 et
810 438 886 499 pater-

84 503 164 555 nitatis
175 503 286 570 pertinet.

380 611 539 666 ensiculus
553 614 593 671 111.

114 730 202 776 Utritm
219 730 263 775 uae
275 719 564 786 imprimeretur
582 730 609 776 itt
623 730 710 775 divinia
724 742 767 788 per
779 730 858 788 ptius,

232 794 361 838 semodium
374 794 438 851 pared
451 794 610 851 perammliter
623 794 736 839 sumetur.

113 913 149 963 ld
163 912 259 964 tertium
273 911 307 963 sie
325 912 455 976 proceditur
470 910 514 978 (l).
535 912 631 967 litetur
649 912 710 977 quod
726 915 771 965 hoe
785 928 886 979 nomen,

80 989 171 1049 poter,
188 998 235 1033 uon
247 983 335 1042 dimne
343 984 366 1034 ln
379 984 463 1035 timuis
478 996 520 1049 prr
533 984 609 1049 prius,
624 984 750 1038 seeundum
762 986 822 1049 quod
835 1001 887 1051 per·

82 1056 192 1107 sonaliter
208 1055 312 1107 sumitur.
328 1058 452 1114 commum
470 1056 532 1107 enim
550 1057 677 1109 seeundum
692 1057 835 1111 intellectum
852 1064 887 1111 est

82 1127 146 1192 prius
158 1127 260 1193 proprio.
276 1128 322 1182 seu
335 1129 381 1179 hoo
390 1141 489 1192 nomeu,
499 1132 581 1193 poter,
597 1127 723 1181 seruandum
735 1128 797 1193 quot
808 1144 886 1194 perso-

82 1200 167 1250 naliter
180 1199 294 1262 sumitur,
305 1202 341 1249 eat
355 1198 471 1263 proprium
481 1213 585 1264 persone
597 1199 684 1263 renim
696 1200 821 1263 meantium
830 1201 885 1253 sert

82 1270 144 1335 quod
156 1273 256 1323 sumitur
269 1270 438 1336 essentialiter,
455 1276 490 1324 est
499 1284 622 1329 commune
637 1272 680 1323 toti
695 1268 800 1323 trinitati
812 1286 818 1323 ε
834 1288 887 1324 nam

81 1342 124 1394 toti
143 1342 252 1396 Triuituti
270 1342 383 1393 dteimusa
400 1345 478 1393 Peter
490 1346 584 1393 noster.
598 1345 657 1408 Ergo
670 1357 712 1409 per
727 1343 791 1408 prius
807 1344 888 1395 dirltur

81 1415 191 1479 (poter)
201 1411 353 1465 essent'aliter
363 1418 489 1479 sumptum,
504 1414 573 1479 quim
582 1415 740 1481 personaliter.

115 1492 139 1537 t.
151 1488 281 1550 Preterea,
291 1486 316 1537 iu
327 1486 364 1538 nis
372 1502 424 1551 que
433 1488 701 1551 suutejuutemretionis
710 1526 718 1552 ,
727 1500 774 1539 nou
784 1490 820 1538 est
829 1500 888 1551 pre·

83 1559 168 1610 dicatio
182 1569 224 1623 per
237 1559 303 1623 prius
314 1562 339 1609 et
348 1560 470 1623 posterius.
484 1560 530 1611 Sed
542 1560 669 1625 paternitas
682 1564 705 1611 et
716 1559 796 1610 filiatio
807 1570 888 1609 seeun-

83 1630 138 1681 dum
149 1644 222 1680 mam
231 1631 346 1684 rationem
355 1630 463 1683 sidentur
471 1631 517 1683 dici
533 1630 659 1683 seeunnom
672 1630 733 1695 quod
743 1642 842 1696 persone
852 1629 887 1681 di·

83 1702 137 1753 uiua
150 1705 190 1753 est
204 1706 271 1766 pater
286 1702 340 1766 tilii,
350 1705 375 1754 et
389 1702 514 1754 secunlum
525 1702 585 1767 qu'od
594 1706 643 1755 tota
655 1703 754 1755 trimtas
768 1706 804 1755 est
814 1706 889 1767 poter

84 1777 171 1824 noster
185 1775 224 1827 uel
235 1779 376 1837 creatorem
386 1774 439 1826 eum
450 1774 576 1829 emonem
587 1774 714 1839 Basiliam,
730 1776 843 1839 accipere
860 1774 890 1827 st

84 1859 208 1897 mmmune
215 1850 328 1905 creature
337 1849 361 1896 et
367 1846 425 1897 Filio
431 1846 474 1912 (t).
483 1847 544 1910 Ergo
550 1860 596 1899 son
605 1860 647 1911 per
654 1846 719 1911 prius
727 1846 809 1903 dieitur
815 1850 890 1911 poter

80 1916 108 1972 in
124 1916 212 1967 meinis
222 1917 347 1969 secundini
364 1917 425 1981 quod
435 1917 532 1969 sumitur
547 1918 705 1983 personaliter,
721 1917 791 1981 quem
809 1930 890 1968 mouu-

82 1988 138 2041 num
148 1989 212 2055 quor
221 1990 319 2045 sumitur
332 1989 495 2042 essentialiter.

117 2068 140 2113 s.
152 2064 282 2124 Preteree,
296 2061 395 2112 interea
406 2075 457 2125 que
468 2076 516 2113 noar
526 2063 632 2113 dieuntur
642 2062 768 2113 seeundum
777 2060 889 2113 rationem

85 2148 155 2185 uuam
160 2172 169 2198 ‚
181 2147 230 2184 uon
238 2136 315 2197 potest
324 2146 376 2185 esse
386 2134 535 2197 temperatio.
543 2134 588 2185 Sed
596 2131 666 2183 Filius
675 2137 818 2197 eomparatur
826 2147 890 2184 urea-

85 2211 142 2257 turae
160 2206 188 2255 iu
206 2204 296 2264 ratione
315 2204 431 2255 filiationis
448 2206 486 2257 rel
503 2204 673 2268 generationis,
692 2203 815 2255 seeuudlrm
833 2203 889 2257 illud

86 2278 182 2331 Colore.
193 2278 204 2327 l
216 2292 222 2325 ε
235 2276 305 2340 «Qui
314 2279 350 2327 est
360 2276 439 2339 imeae
445 2275 487 2327 liei
494 2276 625 2339 inuisibilis,
636 2276 803 2340 primogenitus
816 2277 891 2329 omnis

83 2354 203 2404 creaturae.
224 2366 238 2397 u
255 2350 315 2412 Ergo
335 2363 382 2400 non
397 2363 439 2414 per
452 2350 516 2413 prius
529 2349 613 2399 dieitur
630 2348 655 2398 in
669 2348 753 2399 diuinis
764 2348 890 2413 paternitas

84 2422 238 2492 personaliter
253 2425 362 2487 sumptu„
372 2421 441 2487 quim
454 2420 621 2483 essentialiter,
635 2422 675 2473 sed
686 2420 811 2479 seeundim
821 2422 891 2473 ratio·

85 2508 140 2547 nem
151 2495 268 2546 eamdem.
295 2521 298 2524 -

119 2612 151 2677 tt)
165 2617 199 2661 lte
213 2614 250 2659 luis
262 2613 333 2661 etiam
346 2610 451 2672 l,Seot.,
462 2612 516 2659 dist.
531 2612 555 2669 2,
571 2610 744 2673 querat.1,art.
758 2612 772 2657 ἓ
786 2618 809 2659 et
823 2612 850 2670 33
867 2620 892 2660 ut

85 2678 193 2724 distinet.
206 2678 248 2734 22,
260 2687 302 2733 qu.
315 2675 338 2731 l,
348 2681 391 2727 ert.
407 2675 432 2735 3,
443 2676 472 2721 ael
485 2674 509 2720 3.

119 2746 150 2809 (t)
166 2748 279 2795 Humilia
297 2749 348 2806 XV,
366 2748 402 2792 De
413 2748 477 2806 fide,
487 2746 528 2792 ubi
543 2746 611 2804 paulo
628 2746 678 2793 eliis
689 2747 767 2793 uerbis
782 2744 814 2791 alt
830 2746 891 2803 quod

15 2827 16 2848 u
86 2814 199 2871 urimo
216 2820 344 2857 nonme
358 2810 488 2869 (νίψω
507 2812 541 2857 ert
553 2810 585 2855 aet
608 2814 746 2856 creatorum
759 2805 833 2879 (προς
849 2808 891 2863 τὴν

87 2882 173 2949 κνίσω)
185 2882 211 2928 ut
225 2888 262 2927 est
270 2894 325 2927 oum
341 2887 447 2928 ereum
462 2879 516 2943 (pro
529 2892 575 2939 quo
587 2880 647 2926 malt
659 2882 805 2927 creationem
818 2888 892 2925 nouus

86 2955 207 3012 interpres
213 2950 291 3015 uertit)
299 2952 385 3001 tatere
391 2957 512 3001 womero
521 2956 613 2999 nmero
618 2954 753 3011 proprium
761 2954 793 2998 eet
802 2950 889 3008 pertiti.
