1992 3342
240 238 271 280 un
285 243 395 281 moerores
409 243 543 281 orvmsnmr
559 242 724 282 rnnsonmuu.
829 236 875 283 esc

113 321 138 369 2.
156 318 284 382 Praeterea
294 320 344 373 hec
359 320 502 384 prepositis,
516 321 665 381 scendum,
682 322 774 371 denotat
786 321 878 371 habin-

83 388 162 441 dinem
182 390 279 455 alicujus
295 399 379 441 conso:
400 392 445 441 Sed
467 405 564 455 persona
582 392 660 441 dirim
676 396 712 441 est
729 404 797 442 causa
816 392 877 457 quod

82 461 291 513 triemitonium
301 463 378 525 gratio
390 466 479 524 gratnm
493 462 611 525 incientis,
623 466 647 513 ct
665 476 712 513 non
726 462 740 512 e
753 476 877 528 converso;

83 533 209 585 soeundum
220 534 276 584 iliud
291 537 371 590 itum„
386 536 404 583 V
416 551 422 583 ε
439 552 454 583 c
468 536 569 586 Charitas
588 536 629 585 Dei
644 536 728 587 diffusa
743 536 815 587 estin
829 550 879 587 eor-

84 604 152 655 dibus
160 606 243 655 nostris
253 619 295 668 per
306 606 417 669 Spiritum
424 609 529 656 sanctum
540 606 580 669 qui
590 608 656 657 datus
665 612 701 658 est
709 607 783 657 nohis.
792 624 805 653 n
819 608 878 670 Ergo

82 674 272 726 inconvenienter
288 677 370 727 dicitur
390 677 449 741 quod
465 690 562 742 persone
584 678 662 729 diuina
681 679 802 729 secundum
820 680 879 731 douu

83 747 163 809 gratio
174 752 264 810 gratnm
277 748 380 799 ferientis
393 750 502 799 mittetur.

38 842 42 847 ·
116 822 140 867 3.
152 820 272 877 Praetereu,
281 820 418 883 Augustinus
429 820 497 884 dicit,
511 822 548 871 tt.
560 821 591 870 de
606 822 683 877 Trin„
700 836 750 889 cup.
763 827 807 885 2⁰,
819 822 878 886 quod

84 905 99 934 «
109 889 184 939 Filius
193 889 244 939 cum
255 904 284 940 ex
296 895 397 954 tempore
406 896 482 942 mente
494 892 628 955 percipitur,
637 892 698 942 mitti
706 893 795 943 dicitur.
805 910 819 940 »
833 894 878 944 Sed
981 944 982 953 ,

82 959 154 1009 iilius
166 960 321 1023 cognoscitur,
336 975 382 1011 non
396 962 467 1011 solum
481 976 522 1026 per
536 962 629 1025 gratiam
643 967 730 1025 gratum
742 963 876 1027 facientem,

82 1030 207 1081 sedetiam
219 1033 368 1097 pergratiam
386 1034 457 1096 gratis
470 1036 558 1095 datam,
573 1034 632 1084 sieut
652 1048 693 1097 per
708 1034 775 1084 fldem
793 1039 816 1084 et
836 1048 878 1099 per

81 1102 212 1152 scientium.
228 1105 278 1154 Non
290 1118 344 1167 ergo
357 1118 454 1168 persona
469 1104 546 1155 diruta
560 1104 655 1154 mittitur
668 1104 740 1154 solium
754 1104 877 1155 secundum

81 1174 179 1235 gratiam
192 1178 282 1235 gratum
297 1175 429 1225 facientem.

112 1248 136 1294 t.
154 1246 279 1307 Praeterea,
292 1246 399 1296 Roianus
411 1246 466 1296 dicit
480 1245 541 1309 quot
556 1263 569 1293 u
586 1245 682 1309 Spiritus
700 1248 791 1295 moetus
812 1247 878 1297 dotus

80 1320 117 1365 est
134 1314 250 1379 Apostolis
265 1317 294 1365 ud
310 1316 465 1379 operationem
482 1316 641 1367 miraculorum
659 1315 701 1381 (1).
714 1332 728 1362 n
743 1316 789 1365 Huc
801 1320 877 1367 autem

79 1400 127 1438 nou
140 1391 178 1436 est
187 1385 271 1437 donum
279 1386 356 1451 gratie
366 1391 456 1449 gratum
464 1386 577 1449 facientis,
589 1388 628 1437 sed
639 1387 715 1450 grette
725 1385 794 1449 grets
805 1387 873 1439 (tete.

80 1460 139 1520 Ergo
152 1470 249 1521 persona
262 1456 339 1508 divina
353 1472 399 1509 uon
415 1458 488 1509 sotirm
502 1458 567 1508 untur
581 1456 704 1509 mcundim
718 1457 813 1521 gretiam
827 1472 878 1521 grc-

79 1533 129 1578 tum
143 1528 276 1579 taciemem.
319 1567 321 1573 ,

17 1623 18 1666 3
109 1600 156 1651 Sed
169 1604 249 1651 contra
263 1604 307 1661 est,
319 1601 379 1663 quod
390 1600 529 1663 Augustinus
538 1600 602 1663 dicit,
614 1601 643 1649 11.
655 1601 687 1651 de
698 1601 778 1656 Trio„
789 1613 840 1665 usp.
853 1602 876 1665 i,

17 1671 18 1702 ³
78 1670 140 1734 quod
153 1688 167 1718 «
177 1670 273 1734 Spiritus
281 1674 372 1722 sancitu
382 1670 646 1735 procedittempomliter
657 1668 877 1723 communetotum

78 1746 216 1793 ereaturam.
240 1759 253 1788 n
273 1741 349 1791 Missis
367 1746 443 1792 autem
462 1746 499 1792 est
523 1742 654 1806 temporalis
673 1740 798 1806 processio.
819 1742 876 1793 Cium

17 1847 18 1850 ,
77 1814 147 1876 igitur
157 1814 306 1864 sanctificatio
317 1819 426 1864 creature
435 1825 482 1864 non
494 1814 577 1865 sitnisi
587 1828 628 1877 per
639 1814 733 1877 gratiam
742 1816 830 1877 gratnm
841 1814 875 1863 ta·

17 1893 18 1962 3
77 1885 193 1948 cientem,
208 1885 309 1948 sequttm
326 1884 387 1948 quid
398 1883 475 1935 missio
487 1884 608 1935 inuisibilis
620 1883 703 1937 divine
713 1898 816 1947 persone
829 1898 875 1934 non

17 1965 18 1988 ³
77 1958 108 2007 sit
121 1958 169 2007 nisi
181 1970 224 2020 per
236 1957 332 2019 gratim
346 1960 434 2019 gratum
449 1956 580 2007 facientem.

108 2028 268 2093 (tonumm.
285 2054 315 2065 -
328 2028 496 2081 Nummittitur
510 2028 587 2077 divina
603 2040 701 2091 persona
719 2024 874 2089 invisibiliter,

17 2120 18 2168 t
77 2099 124 2149 nisi
140 2098 266 2149 secundnm
282 2100 354 2149 solam
370 2099 465 2163 gruttam
482 2099 570 2161 gratum
586 2097 721 2160 facientem,
741 2111 791 2160 que
807 2097 875 2153 simut

77 2171 145 2221 datur
160 2168 321 2233 comittitur.)
815 2160 825 2180 ⁸

17 2247 18 2262 ¹
109 2241 246 2305 Respondeo
259 2240 392 2303 dicendum,
402 2240 463 2303 quod
475 2240 556 2291 diuinae
571 2252 672 2303 persone
687 2237 793 2289 convenit
805 2237 875 2302 mitti,

77 2312 203 2364 secundum
216 2310 277 2375 quot
287 2325 347 2361 nouo
363 2312 431 2363 modo
444 2310 521 2361 existit
534 2311 558 2359 in
571 2310 660 2373 aliqun,
672 2309 720 2359 dari
734 2312 822 2372 eutem,
839 2322 876 2359 se·

77 2382 177 2433 cundum
193 2381 254 2445 quid
269 2383 364 2431 hebetur
379 2382 409 2431 ab
423 2382 508 2445 aliquo.
523 2382 632 2431 Neutrum
651 2384 727 2431 curtem
744 2380 824 2431 hmum
841 2384 876 2431 est

78 2456 123 2505 nisi
133 2453 260 2505 secundum
270 2452 366 2515 gratiam
378 2456 466 2516 gratum
480 2452 612 2507 facientem.
623 2453 662 2501 Est
672 2452 733 2501 enim
744 2464 803 2501 unus
814 2464 875 2501 com-

78 2526 157 2576 munis
171 2524 251 2575 modus
262 2537 306 2587 que
319 2526 380 2573 Deus
394 2527 429 2574 est
441 2524 467 2573 in
477 2523 582 2575 omnihus
598 2523 679 2585 rebus,
691 2536 733 2586 per
742 2520 872 2583 essentiam,

17 2649 18 2692 t
78 2642 188 2685 trurietur
209 2651 274 2695 qne,
291 2638 443 2687 toan.,x1v
464 2644 487 2682 et
507 2636 633 2681 innumeris
656 2637 706 2681 eliis
723 2636 781 2681 tucis
800 2636 876 2692 ipsum

17 2697 18 2752 t
78 2704 187 2760 Spiritum
200 2706 306 2745 sunctum
318 2700 368 2745 (iuri
378 2700 553 2756 expressissime
567 2696 687 2755 significet.

17 2771 18 2824 ἶ
113 2771 188 2834 (1)1n
208 2772 325 2827 Epistulas
338 2772 403 2816 Ponti
421 2783 491 2829 snper
503 2770 558 2815 iilud
575 2772 594 2814 l.
614 2770 646 2814 od
662 2770 730 2819 Coc,
745 2770 787 2813 ΧΠ
802 2784 807 2811 r
821 2766 877 2811 Hoee

17 2827 18 2832 ’
79 2838 163 2880 oemio
177 2837 297 2892 operatur
304 2846 371 2878 uuus
384 2838 454 2892 utum
465 2834 531 2879 idem
546 2832 671 2891 Spiritum
682 2832 722 2877 ubi
738 2830 836 2887 explicet
847 2840 876 2872 ex

17 2897 18 2920 ¹
80 2898 186 2954 professo
195 2897 310 2942 diversum
321 2896 413 2941 modum
424 2908 471 2952 qno
480 2901 533 2952 post
545 2894 736 2941 resurrectionem
747 2898 771 2938 et
779 2892 830 2949 ipso
838 2890 876 2935 die

80 2962 228 3007 Pentecostes
239 2959 344 3017 Apostoti
355 2960 463 3016 spiritum
476 2965 581 3005 sunctum
594 2963 738 3017 recepemrnt.
