1992 3342
128 200 175 247 tte
319 208 380 244 rans
396 209 420 257 1,
438 206 529 253 ouum.
547 208 606 256 nu,
624 207 678 244 aar.
696 209 730 243 rr.

160 288 193 336 Ad
213 288 317 350 quartum
343 283 480 347 dicendum,
505 281 564 348 qudd
584 283 704 347 possibile
723 282 869 334 absolutum
886 295 924 331 uon

129 357 210 409 dicitm
223 369 296 418 neque
317 354 441 405 secundlrm
454 370 535 406 causas
548 355 693 419 superium,-
708 367 784 420 neque
806 357 924 408 secundum

128 442 208 480 causas
230 427 366 492 inferiores,
390 428 430 478 sed
450 427 574 477 secundum
598 427 718 493 seipsom3
735 428 860 492 possibile
880 424 925 476 uod

128 501 189 568 qndd
202 499 282 549 dicitnr·
295 498 420 549 secundnm
436 499 535 564 aliquam
555 499 699 563 potentiam,
713 500 847 551 nominatur
863 497 927 565 possi·

129 573 176 623 hile
187 570 312 621 sccundlrm
322 570 447 635 proximam
461 584 553 620 causam
563 569 597 635 (l)
610 587 615 620 :
631 572 691 621 unde
703 585 732 621 ea
743 584 794 635 quae
805 569 926 623 immediati

129 648 183 694 nata
205 647 258 692 suut
278 641 328 691 lieri
344 642 357 692 i
374 644 420 693 lleo
440 644 488 693 solo
503 642 543 708 (ut
561 653 654 706 creare,
667 642 795 706 justificare
813 648 838 694 et
854 644 925 706 lrujus·

130 714 223 778 modi),
246 714 353 764 dicuutur
373 714 487 778 possibilia
509 712 634 764 secundum
657 725 750 764 causam
775 716 926 779 superiorem:

130 800 180 850 quae
201 788 278 835 autem
299 789 353 835 nata
374 789 428 835 suut
450 784 499 834 lieri
521 784 535 834 a
554 785 632 837 causis'
649 784 813 849 interioribus,
833 787 928 837 dicuutru

131 857 248 922 possibilia
262 857 387 908 secundum
402 870 481 907 causas
495 858 632 920 iuferiurcs;
648 871 701 907 uam
720 856 848 907 secundnm
862 856 930 908 condi

131 929 217 978 tionem
236 942 310 979 cause
331 929 460 993 proxime,
486 928 582 979 edoctus
603 930 674 979 habet
695 929 878 992 contingentiam
901 928 929 977 rol

133 1001 308 1064 necessitatem,
324 1006 350 1051 ut
363 1000 432 1065 supr'a
446 1001 532 1051 dictum
547 1004 583 1050 est
597 1000 650 1065 (qu.
665 1004 708 1063 ll,
723 1004 767 1049 art.
784 1004 830 1064 13,
847 1004 876 1052 ad
894 1001 928 1063 2).

131 1073 158 1121 ln
178 1074 221 1122 hoc
239 1076 315 1123 autem
328 1076 446 1138 reputatur
462 1089 476 1120 o
491 1072 560 1123 stulta
571 1072 651 1122 mundi
664 1070 794 1137 sapientia,
809 1090 824 1119 u
839 1074 893 1138 quia
906 1086 926 1121 oa

132 1157 183 1206 quae
198 1148 253 1194 suot
271 1144 417 1208 impossibilia
436 1147 523 1194 uaturae
531 1182 539 1207 ,
553 1143 622 1194 ctiam
643 1146 690 1194 lico
704 1144 866 1208 inpossibilia·
872 1143 928 1209 judi-

132 1216 205 1265 cabat.
220 1217 248 1265 Et
261 1214 294 1265 sic
304 1219 381 1280 patet,
392 1215 452 1280 qudd
462 1215 628 1279 omnipotentia
638 1214 679 1266 ilci
689 1215 896 1281 impossibilitatum
909 1220 927 1266 cl

130 1287 289 1340 ueoemitatem
303 1287 316 1339 a
329 1289 397 1339 rebus
412 1298 460 1338 nou
473 1286 582 1338 excludit.

425 1432 581 1482 eumentes
596 1432 634 1481 IV.

178 1550 264 1596 Utrum
274 1550 339 1594 Deus
347 1549 420 1607 possit
432 1548 514 1603 secere
528 1548 590 1605 quod
597 1548 719 1605 praeterita
735 1560 785 1593 nou
792 1548 895 1604 suerint.

166 1660 200 1709 Ad
213 1662 319 1723 quartum
338 1658 371 1707 sic
387 1657 517 1722 proceditur
533 1658 577 1723 (2),
596 1657 690 1707 Videtur
708 1656 769 1721 qudd
788 1658 850 1707 Deus
871 1656 937 1721 possit

136 1726 283 1794 lacereliudd
297 1730 413 1793 preterita
428 1744 474 1780 non
485 1730 580 1781 luerint.
597 1730 662 1789 Quod
676 1727 738 1781 euim
753 1722 789 1779 e'st
801 1729 936 1795 impossibile

135 1818 177 1869 per
191 1816 218 1853 se
226 1840 235 1866 ‚
249 1802 322 1864 magis
340 1805 374 1852 est
385 1801 528 1865 'impossibile
542 1802 609 1867 qu'am
627 1802 687 1865 quod
701 1806 738 1851 est
747 1801 887 1867 impossibile
900 1814 937 1865 per

136 1876 249 1927 accidens.
265 1875 310 1924 Sed
325 1876 384 1924 Deus
394 1878 470 1937 potest
483 1875 559 1925 iacere
573 1874 597 1923 id
616 1873 676 1937 quod
690 1876 725 1925 est
745 1872 881 1938 impossihile
899 1885 938 1935 pc·

136 1962 178 2013 se,
201 1952 227 1997 ut
246 1960 331 1997 caecum
347 1944 495 2009 illuminare,
518 1944 556 1996 uel
576 1948 691 1995 mortuum
713 1940 866 1995 resuscitare:
885 1956 937 2003 erpo

137 2020 209 2071 multd
220 2018 293 2081 magis
305 2021 380 2082 potest
391 2015 466 2067 lacere
478 2018 536 2066 illud
549 2018 608 2082 quel
625 2021 659 2067 est
671 2016 815 2081 impossibile
829 2030 867 2081 per
880 2015 938 2063 aeci-

139 2095 203 2143 dens.
218 2092 263 2141 Sed
274 2083 391 2155 praeterita
401 2102 448 2139 nou
459 2088 547 2152 luisse,
566 2090 600 2137 est
609 2086 751 2152 impossihile
761 2100 805 2151 per
819 2088 935 2137 accidens:

139 2164 221 2213 accidit
240 2162 302 2213 cuim
316 2179 330 2209 o
343 2162 458 2211 Socratem
476 2174 523 2211 non
540 2160 679 2224 cucurrisse,
695 2174 744 2210 esse
760 2160 896 2223 impossibile
912 2172 936 2206 ux

137 2238 181 2286 hoc
203 2237 263 2299 quod
282 2234 400 2299 praeteriit.
415 2236 474 2299 Ergo
492 2235 554 2285 licus
570 2235 645 2297 polest
664 2234 739 2283 secere
754 2232 816 2299 qudd
829 2232 937 2298 praterila

139 2320 186 2357 uon
196 2305 291 2356 fuerint.
323 2313 325 2320 '

168 2383 191 2427 2.
214 2380 344 2443 Preterea,
360 2377 465 2443 quicquid
483 2379 544 2429 [leurs
564 2367 639 2428 facere
662 2376 753 2442 potuit,
776 2378 865 2442 potest3
889 2372 940 2422 rirru

173 2495 203 2559 (l)
221 2498 247 2543 Id
261 2504 297 2543 est
310 2498 435 2543 secundum
446 2498 511 2545 illam
522 2510 622 2543 causam·
630 2510 659 2543 cx
670 2510 718 2553 que
730 2496 835 2555 proxime
848 2494 939 2553 pendet.

139 2562 199 2606 Hinc
211 2561 310 2605 effectus
324 2561 337 2605 d
355 2562 405 2606 solo
416 2564 464 2606 Deo
478 2562 653 2620 dependentes,
670 2560 721 2605 crim
735 2560 893 2617 impossibiles
905 2557 940 2598 di-

140 2630 231 2681 cuntur,
246 2623 351 2668 absolute
361 2623 501 2681 subintelligi
511 2625 612 2678 dehent;
624 2623 737 2668 ordluurid
750 2630 837 2682 autem,
845 2622 864 2667 si
873 2620 944 2666 etiarm

141 2687 155 2732 d
169 2694 274 2732 creatura
284 2686 334 2729 u'tai
348 2698 418 2731 cansa
431 2683 536 2748 proxima
549 2687 703 2744 dependeant,

175 2756 207 2817 (Ξ)
225 2760 258 2803 Ile
273 2758 310 2801 lris
323 2759 393 2802 etiam
406 2760 429 2802 in
446 2756 478 2812 2,
499 2758 524 2803 2.
544 2756 702 2816 quaestl5il,
719 2764 763 2802 art.
779 2757 807 2813 3,
827 2756 854 2802 ad
873 2754 898 2807 3;
919 2764 944 2797 ur

139 2826 183 2866 etl
194 2822 312 2869 Sordent„
321 2820 375 2865 dist.
387 2819 427 2876 42,
441 2829 524 2878 quaest.
534 2823 557 2880 ἓ,
570 2829 612 2867 art.
624 2816 647 2874 a;
658 2828 681 2865 ct
691 2824 758 2867 Colat.
771 2822 851 2869 Gelil..
863 2819 901 2863 lib.
918 2818 945 2861 2‘.

142 2896 194 2938 cop.
211 2882 257 2934 253
277 2889 301 2927 et
316 2888 398 2937 quaest.
414 2884 426 2928 1
441 2920 446 2945 ‚
467 2886 496 2930 dc
513 2892 614 2945 potent,
631 2892 674 2930 art.
694 2884 723 2938 3;
744 2890 768 2929 el·
782 2882 895 2941 Quodlid.
911 2880 944 2930 ἵ»,

145 2946 272 3004 qums,
288 2951 331 2989 nrt.
346 2944 370 2989 1.
