1992 3342
106 271 109 278 ·
135 249 182 300 odi
329 257 391 298 rara
402 261 426 310 r,
439 260 532 306 ouras.
546 260 635 310 ruvm,
650 260 706 298 aar.
720 262 738 298 r.

134 336 941 405 uoosimpliuilor‚soduoulrariomm;quiasioutomuislormababot
989 342 991 411 l

134 411 247 463 rationem
256 408 941 475 boni,iiaomuisprivatiofinquautumhujuamodilbabet
989 416 991 455 ἓ

134 483 247 536 rationum
260 482 324 534 mali.

989 457 991 505 l

168 556 202 607 ld
214 554 339 619 septimum
355 552 493 617 diouudum‚
506 551 568 618 qudd
580 553 667 604 bouum
678 557 703 606 ot
721 554 812 604 malum
825 568 874 606 uou
890 561 939 607 suut
989 558 990 563 ’

134 627 268 682 differentia
281 623 434 678 oomtilulivo
444 625 490 678 uisi
499 624 525 676 in
538 625 674 689 moralibus,
689 640 741 690 quae
758 626 880 691 recipiunt
893 642 940 691 spo

135 699 194 750 oium
207 712 237 750 ox
252 697 311 762 line,
326 696 367 761 qui
381 701 416 748 ost
432 697 548 762 objectum
560 696 684 748 volontatis
697 696 712 746 a
724 711 771 761 quo
789 699 890 750 moralia
904 701 940 750 do-

135 771 250 836 paudout‚
264 773 289 822 ot
299 767 354 834 quia
368 769 455 820 bouum
467 769 537 820 babet
551 767 664 820 rationem
677 767 742 826 linis,
754 769 808 820 idoo
819 770 908 822 bouum
919 775 940 819 ol

135 843 222 892 malum
232 845 286 894 suut
297 839 431 892 diffamatia
445 840 557 905 specifica
568 839 594 890 iu
608 839 743 904 moralibus;
756 839 850 890 donum
867 857 909 908 per
918 857 940 893 so
989 854 990 905 ι

137 915 178 966 sud
194 913 293 964 mulum
307 912 457 976 inquantum
472 916 509 964 est
526 911 623 963 mmolio
639 911 711 964 debiti
727 912 788 964 linis.
803 915 853 964 Nec
866 919 938 966 mmor
989 912 990 981 l

136 985 233 1038 remotio
243 985 315 1037 debiti
323 985 375 1036 linis
384 984 504 1036 coustituit
511 983 612 1048 spooiam
623 983 648 1034 iu
657 983 794 1048 moralibus,
804 985 854 1036 uisi
863 1001 940 1038 aeuum
989 984 990 1053 l

136 1057 191 1108 dirm
201 1057 263 1122 qudd
275 1056 406 1123 adjungitur
419 1056 460 1106 ilni
472 1055 593 1106 indebito:
605 1056 665 1106 siout
678 1070 752 1122 adque
762 1056 788 1106 iu
800 1060 940 1110 naturalibus

137 1129 253 1182 iuvouilur
263 1129 360 1196 privatio
365 1129 444 1179 lormaa
450 1127 658 1180 substantialisuisi
665 1128 773 1192 adjuncta
778 1130 938 1184 altorilorma.

138 1201 176 1252 Sio
186 1201 256 1265 igitur
265 1201 350 1252 malum
361 1200 422 1264 quod
430 1203 466 1250 ost
474 1200 604 1251 differentia
613 1200 762 1250 constitutiva
772 1200 799 1250 iu
808 1203 939 1268 moralibus,

137 1276 173 1324 osi
179 1275 292 1339 quoddam
298 1274 382 1324 bouum
389 1272 524 1336 adjunctum
533 1271 658 1336 privationi
664 1272 758 1323 alterius
763 1272 822 1324 boni
833 1275 940 1327 :sioutb

137 1345 175 1398 uio
183 1345 330 1410 intemperati
338 1348 427 1396 estnon
434 1344 527 1410 quidem
536 1357 613 1396 oarore
622 1345 684 1395 bono
694 1344 808 1409 rationis,
817 1348 860 1398 sod
869 1348 940 1399 deloc-

139 1417 207 1470 labilo
218 1417 298 1470 sensis
306 1418 390 1482 absque
402 1416 482 1467 ordine
491 1415 595 1467 rationis.
609 1417 675 1468 Unde
685 1417 779 1480 malum,
788 1416 816 1467 in
828 1424 938 1483 quantum

139 1488 457 1554 malumnouastdilloroaiia
462 1487 619 1552 mustitutiva,
626 1488 938 1555 sedratiouaboniadjouoti.

171 1562 200 1612 Et
210 1574 250 1626 por
259 1563 304 1612 boo
319 1560 388 1610 etiam
401 1563 466 1625 palat
478 1559 596 1624 responsio
607 1561 635 1610 ad
648 1559 750 1610 tortium.
768 1562 830 1611 Nam
842 1562 878 1613 ibi
890 1563 940 1613 uui-

140 1634 247 1698 lovopum
255 1631 354 1696 loquitur
362 1632 391 1684 do
399 1633 460 1684 bouo
471 1635 495 1684 et
505 1631 578 1695 malo,
587 1630 712 1685 saouudbor
722 1629 784 1695 qudd
793 1632 940 1686 inveniuntur

140 1705 165 1756 iu
177 1705 297 1756 moralibus
312 1719 318 1754 ε
335 1703 368 1754 siu
385 1703 446 1754 onim
457 1704 517 1754 iuler
529 1704 616 1754 bouum
629 1708 653 1755 ot
662 1705 747 1754 malum
762 1704 886 1758 iuvenitur
898 1722 940 1758 mo

140 1776 215 1840 dium3
224 1779 291 1840 prout
300 1776 392 1826 bonam
400 1775 483 1826 dicitur
491 1777 552 1841 quod
561 1780 596 1828 ost
607 1777 748 1842 ordinatum3
760 1777 861 1828 mulum
869 1784 940 1830 aulam

140 1850 201 1916 quod
218 1863 264 1900 nou
276 1848 349 1900 solim
368 1851 403 1900 ost
416 1848 589 1913 mordinatum,
604 1851 644 1902 sod
659 1850 728 1902 otiam
742 1851 854 1902 nocivum
870 1853 940 1905 altori.

142 1922 206 1973 Unde
222 1919 277 1972 dioit
288 1919 474 1986 Philosophusiu
487 1922 527 1972 lV.
542 1921 602 1973 atu.
614 1933 676 1987 (cap.
690 1921 727 1986 1),
736 1921 798 1986 qudd
811 1941 827 1971 u
835 1926 941 1990 prodigus
990 1970 991 1973 ,

141 2007 214 2046 vanus
223 1992 315 2058 quidum
324 1996 375 2056 ost,
384 1993 425 2044 sod
434 2005 481 2045 nou
491 1994 572 2044 malus.
583 1994 617 2044 lb
627 1995 672 2046 boo
681 1994 751 2045 eiiam
763 1994 825 2046 malo
835 1998 899 2061 quod
911 2001 942 2048 ost

141 2065 267 2118 secuudbm
275 2079 360 2118 moram
369 2065 483 2129 uoutiugit
492 2066 543 2117 lieri
552 2066 651 2118 raditum
661 2069 689 2119 ad
697 2068 785 2119 bouum
793 2105 800 2129 ‚
809 2083 858 2120 nou
871 2074 941 2120 autom

141 2153 170 2192 er
184 2152 317 2205 quoouuqua
331 2139 403 2203 malo;
415 2153 462 2190 uon
473 2139 537 2190 enim
548 2153 579 2189 ox
588 2139 689 2190 oaaoitata
701 2140 727 2188 lit
735 2139 826 2192 reditus
836 2143 866 2194 ad
878 2142 942 2195 visio·

142 2225 209 2274 nem,
221 2210 272 2262 cim
285 2214 362 2262 munau
372 2209 462 2264 oaeoitas
481 2211 512 2260 sit
525 2211 611 2261 malum
624 2211 744 2274 quoddam.

174 2285 208 2334 ld
219 2286 323 2348 quartum
335 2283 470 2346 dicendum,
480 2282 541 2348 qudd
549 2282 636 2347 aliquid
644 2297 712 2346 agero
719 2283 804 2334 dicitur
814 2285 942 2350 tripliciter.

143 2357 192 2408 Uno
203 2357 270 2408 modo
281 2355 443 2420 formaliter,
457 2355 565 2406 eomodo
581 2354 690 2419 loououdi
705 2369 751 2420 quo
765 2355 851 2407 dicitur
866 2359 944 2409 albedo

143 2427 218 2477 lacero
235 2428 326 2491 album;
341 2430 365 2477 et
380 2427 413 2478 sio
431 2427 516 2477 malum
533 2426 601 2476 etiam
618 2426 705 2478 ratione
721 2427 796 2491 ipsius
810 2429 944 2494 privationis

142 2497 225 2550 dicitur
238 2512 381 2564 oomumporo
389 2499 490 2562 bouum,
501 2498 555 2562 quia
564 2502 599 2549 eal
609 2498 659 2564 ipsa
672 2499 787 2564 corruptio
796 2502 838 2552 vol
850 2503 943 2568 privatio

142 2569 207 2621 boni.
224 2571 273 2622 llio
289 2571 450 2622 modo'dioitur
465 2569 552 2635 aliquid
566 2584 634 2634 agere
650 2571 777 2639 effectivo,
794 2572 860 2625 siout
875 2575 945 2640 pictor

143 2640 225 2692 dicitur
235 2642 311 2692 lauare
324 2642 400 2692 album
409 2642 535 2707 parietem
544 2643 610 2694 tortio
619 2645 708 2694 modou
717 2646 862 2708 permodum
871 2659 945 2697 causa

143 2711 255 2776 dualiasu
266 2712 325 2763 aiom
342 2713 395 2766 unis
411 2714 493 2766 dieitur
509 2710 599 2765 ellioore
615 2717 728 2766 movoudo
740 2715 898 2768 aldoioutem.
909 2717 946 2768 ll'u

143 2784 221 2832 autam
234 2783 321 2833 duobus
333 2785 407 2836 modis
424 2786 508 2837 malum
524 2799 572 2836 uoa
586 2787 634 2850 agit
647 2786 731 2851 aliquid
744 2801 786 2851 per
800 2801 840 2850 so,
857 2791 883 2841 id
897 2795 945 2850 ast,

143 2850 268 2902 secundum
281 2851 340 2916 qudd
351 2860 386 2905 est
403 2857 503 2922 privatio
519 2858 688 2922 quodamsed
705 2859 832 2910 secundina
848 2863 912 2926 qudd
927 2862 947 2913 ei

143 2923 228 2972 bouum
244 2921 392 2986 adjungitur:
405 2941 458 2977 nam
472 2929 547 2979 omnis
558 2930 617 2980 actio
635 2933 671 2981 ost
685 2931 714 2980 ab
732 2930 912 2999 aliquarum,
925 2939 947 2986 ot

145 3005 211 3044 omno
225 2993 285 3058 quod
298 2993 438 3051 desideratur
448 3000 535 3052 utfinis
544 3005 578 3054 ost
586 3001 698 3068 porrectio
706 3002 791 3068 aliqva
802 3005 833 3056 lit
845 3008 947 3074 idoo‚ut
