1992 3342
115 235 162 279 tut
310 244 369 280 raes
386 246 410 291 1,
428 246 519 288 ouesr.
538 246 594 292 rvr,
619 246 673 281 aar.
694 246 728 282 vr.

114 318 239 369 seeundum
254 317 370 381 propriam
388 319 500 371 rationem
519 320 544 369 in
563 332 608 370 uno
629 333 708 371 eorum
725 319 831 383 tautum,
848 319 921 386 aquo

115 390 160 440 alia
173 388 364 450 denominantur;
375 389 434 439 deut
442 405 536 441 sonum
550 389 631 441 dieitur
642 391 671 441 de
685 390 792 455 animati,
806 395 830 441 et
841 392 921 456 urina,

114 464 139 510 et
152 458 263 511 medicina
273 475 281 520 i
292 472 339 509 nou
352 458 413 524 quod
424 461 509 511 sanitas
523 461 552 511 sit
564 460 608 512 nisi
616 461 641 510 in
655 460 751 512 animali
760 465 866 525 tantum3
882 464 922 513 sed

115 525 239 580 inanitate
255 529 362 580 animalis
378 531 539 582 denominatur
557 532 669 583 medicina
684 546 757 589 saroa,
772 532 924 597 inquantum

115 606 150 652 ost
169 601 230 652 illius
246 600 351 651 sanitatis
359 602 481 667 edeetira3
497 606 522 653 et
539 604 620 667 urina,
639 604 664 653 in
684 608 795 669 quantum
810 610 845 655 ost
862 605 925 657 illius

116 756 190 807 neque
202 743 227 794 in
239 742 305 794 urina
314 760 321 807 3
331 747 407 795 tamen
421 745 446 795 in
459 750 558 810 unoque
578 751 613 797 est
627 746 722 811 aliquid,
734 760 775 811 per
789 748 850 811 quod
867 748 926 799 illud

116 813 209 877 quidem
222 816 288 878 neit,
301 815 363 865 und
376 820 453 869 autem
464 816 579 880 signifieat
589 817 719 869 sanitatem.

147 885 237 937 Dictum
257 889 292 937 est
307 890 383 937 autem
400 887 461 951 quod
476 887 560 939 veritas
573 890 688 953 perprius
703 893 739 940 est
755 888 777 939 iu
792 890 927 953 intellectu,

116 961 140 1006 et
150 970 192 1021 per
203 956 350 1021 posteriusin
360 959 437 1023 rebus,
448 958 575 1010 seeundirm
588 959 648 1025 quod
663 955 798 1012 ordinantur
814 961 844 1011 ad
856 960 929 1013 intel·

116 1028 200 1077 ledum
214 1027 326 1078 diuinum.
346 1028 370 1077 si
386 1044 442 1092 ergo
456 1030 576 1094 loquamur
592 1031 620 1081 de
639 1026 749 1095 veiitate,
766 1035 835 1095 prout
848 1031 928 1083 existit

115 1098 140 1148 iu
152 1098 271 1149 intellectu
285 1100 410 1150 secundum
423 1101 540 1165 propriam
553 1101 675 1165 rationem,
688 1102 722 1152 sio
731 1102 756 1152 iu
767 1102 847 1152 multis
855 1103 928 1153 iutel-

115 1168 366 1221 loetihuscreatissunt
377 1170 454 1221 rnultae
465 1170 618 1234 remisisset
630 1173 655 1222 in
668 1187 715 1223 uuo
729 1176 752 1223 et
764 1173 848 1223 eodem
858 1174 929 1226 intel-

115 1241 191 1303 lectu,
205 1243 330 1291 secuudum
350 1242 415 1305 plura
425 1241 526 1305 cognita.
546 1242 609 1292 Unde
630 1243 685 1293 dicit
700 1244 777 1295 Glossa
791 1244 929 1307 superillud

115 1312 187 1362 Psat.
197 1314 229 1363 lll
241 1328 247 1363 :
261 1330 275 1360 n
288 1312 409 1363 diminutae
426 1312 597 1363 suntveritates
612 1312 691 1365 italiis
701 1314 820 1365 hominnm
837 1332 852 1361 u
866 1316 928 1380 quod

117 1400 133 1430 e
150 1384 210 1435 sieut
229 1385 258 1435 ab
277 1397 324 1435 una
342 1383 400 1434 iaeie
421 1382 520 1434 hominis
544 1384 655 1433 resultant
668 1384 746 1447 plures
762 1384 929 1438 similitudines

116 1453 141 1505 in
154 1458 263 1519 speculo,
275 1455 309 1505 sie
328 1456 356 1505 ab
371 1468 417 1504 una
429 1454 525 1505 veritate
539 1452 617 1504 divina
627 1454 739 1505 resultant
751 1456 830 1518 plures
841 1458 930 1508 veriu-

117 1526 211 1591 tes(1).
233 1544 247 1574 u
262 1526 286 1576 Si
303 1525 359 1577 vero
381 1527 503 1589 loquamur
520 1526 548 1575 de
563 1524 660 1577 veritate
674 1524 800 1578 seeundum
812 1526 875 1591 quod
892 1534 929 1580 est
975 1522 976 1589 i

116 1598 142 1647 in
153 1598 232 1660 rebus,
242 1597 276 1647 sio
286 1610 368 1648 omues
379 1600 434 1647 sunt
444 1610 507 1648 veras
518 1596 565 1647 und
576 1594 650 1660 prima
660 1596 771 1659 remam,
791 1596 829 1646 eui
843 1613 930 1651 mainu-

117 1670 222 1733 quodque
237 1668 373 1719 assimilatur
393 1667 518 1719 secundnm
537 1682 602 1719 suam
624 1668 856 1733 eduennensis,
872 1670 931 1723 lieet

117 1741 195 1803 plures
205 1739 252 1789 sint
264 1740 369 1791 essentia
387 1741 424 1790 uei
438 1740 517 1792 formae
531 1754 623 1803 rerum,
637 1743 716 1791 tamen
730 1752 775 1790 uua
789 1742 824 1789 est
841 1741 931 1793 veritas
975 1756 976 1769 ³

118 1809 191 1860 divini
200 1810 343 1873 intellectis,
353 1810 480 1861 meandum
491 1824 562 1875 quam
573 1824 654 1861 omues
665 1810 844 1861 denominantur
855 1826 928 1864 verae.

151 1882 300 1947 deprimam
322 1896 377 1946 ergo
399 1882 536 1945 dicendum,
553 1881 614 1946 quod
634 1881 710 1931 amma
729 1892 776 1931 uon
799 1878 932 1935 secundum

118 1968 277 2019 quameunque
296 1955 416 2005 venalem
437 1954 527 2018 judicat
548 1956 576 2005 de
598 1954 666 2004 rebus
683 1952 808 2017 ’ῑοριρίρυε1
828 1957 868 2006 sod
893 1972 933 2008 se-

117 2026 217 2075 cundum
232 2026 353 2076 ueritatem
367 2025 477 2091 primam,
491 2024 517 2075 in
533 2028 645 2091 quantum
665 2024 760 2074 resultat
774 2023 799 2073 in
815 2038 846 2078 ea
867 2026 934 2079 sioru

115 2095 140 2145 in
152 2099 244 2161 speculo
257 2095 383 2148 seeundum
398 2097 472 2161 prima
485 2096 639 2159 intelligibilia
656 2110 662 2144 z
676 2096 736 2145 unde
750 2094 854 2158 sequitur
866 2098 932 2161 qudd

118 2168 203 2219 soritas
213 2170 285 2235 prima
302 2170 332 2219 sit
344 2169 419 2233 major
430 2167 515 2219 animi.
528 2170 557 2218 Et
571 2172 648 2217 tamur
660 2167 730 2217 etiam
739 2166 825 2216 veritas
836 2174 931 2233 ereata,

119 2252 170 2303 qua
179 2240 245 2290 estin
255 2240 371 2291 intellectu
382 2243 475 2302 nostro,
491 2242 528 2290 est
540 2239 614 2303 major
631 2238 719 2301 anima,
732 2250 778 2289 uon
792 2238 934 2303 simpliciter

119 2310 159 2360 sed
172 2310 296 2361 seoundirm
309 2311 372 2374 quid,
391 2310 416 2360 in
425 2314 535 2374 qnantum
546 2313 580 2360 ost
593 2309 704 2375 perfectio
713 2308 773 2375 ejus,
787 2308 847 2359 siout
857 2308 933 2361 etiam

156 2488 185 2551 (i)
201 2491 318 2547 colligitur
334 2506 363 2536 er
376 2493 504 2550 Augustino
520 2493 544 2535 in
558 2492 621 2537 illurn
634 2491 763 2545 Psalmuro,
776 2488 810 2537 sio
829 2490 854 2535 iu
875 2504 936 2537 son-

122 2564 173 2601 sum
184 2560 322 2609 praesentem
335 2561 474 2611 usurpante;
487 2556 549 2599 siout
562 2560 586 2598 et
596 2553 638 2609 lib,
649 2554 674 2609 l,
689 2552 809 2609 Consum„
821 2563 877 2609 erp.
888 2554 933 2605 20,

121 2612 234 2662 veritates
248 2614 283 2676 (et
296 2617 316 2661 si
334 2629 381 2662 nou
393 2616 542 2674 grammatico
556 2612 610 2675 usu)
626 2614 742 2671 pluraliter
756 2622 862 2669 usurpet.
886 2618 937 2661 Sed

123 2688 167 2731 troo
191 2686 220 2731 de
242 2688 339 2732 veritato
359 2686 476 2733 fidelitatis
497 2684 604 2741 intelligit
623 2683 773 2740 symmachus
796 2692 892 2731 vertens
907 2680 940 2728 ni

124 2749 222 2808 πιςιιςὲ
233 2762 290 2802 vore
301 2750 373 2807 fidem
389 2748 547 2808 significante,
561 2752 587 2792 ut
597 2745 711 2803 significet
725 2742 860 2793 fidelitatem
871 2748 941 2793 inter

125 2821 230 2866 nomines
242 2821 366 2867 deiecisse.
387 2822 423 2866 sio
434 2826 459 2865 et
471 2818 631 2865 Theodorotus
648 2821 740 2875 propter
758 2823 865 2865 mutuam
879 2831 944 2876 per-

124 2891 200 2937 tidiaru
217 2886 271 2945 (την
284 2884 341 2950 πρὸς
357 2880 469 2940 minoio:
480 2878 589 2944 ἆπῑςίθιν)
600 2890 643 2935 hoe
655 2888 699 2933 diei
712 2892 786 2933 notat.
803 2890 849 2934 Sed
864 2891 945 2947 diury-

125 2961 241 3000 sostonrus
250 2960 346 3012 propter
355 2954 464 2998 uirtutum
476 2952 595 2999 ueritatem
609 2951 774 3007 adulteratam,
788 2957 837 2996 oue.
