<?xml version="1.0" encoding="UTF-8"?>
<!DOCTYPE html PUBLIC "-//W3C//DTD XHTML 1.0 Transitional//EN"
    "http://www.w3.org/TR/xhtml1/DTD/xhtml1-transitional.dtd">
<html xmlns="http://www.w3.org/1999/xhtml" xml:lang="en" lang="en">
 <head>
  <title>
</title>
<meta http-equiv="Content-Type" content="text/html;charset=utf-8" />
  <meta name='ocr-system' content='tesseract 3.04.00' />
  <meta name='ocr-capabilities' content='ocr_page ocr_carea ocr_par ocr_line ocrx_word'/>
</head>
<body>
  <div class='ocr_page' id='page_1' title='image "./summatheologica04nicogoog_0863.png"; bbox 0 0 1992 3342; ppageno 0'>
   <div class='ocr_carea' id='block_1_1' title="bbox 134 177 748 240">
    <p class='ocr_par' dir='ltr' id='par_1_1' title="bbox 134 177 748 240">
     <span class='ocr_line' id='line_1_1' title="bbox 134 177 748 240; baseline -0.007 -10"><span class='ocrx_word' id='word_1_1' title='bbox 134 177 179 230; x_wconf 74' lang='lat' dir='ltr'>bot</span> <span class='ocrx_word' id='word_1_2' title='bbox 314 189 373 230; x_wconf 80' lang='lat' dir='ltr'>onus</span> <span class='ocrx_word' id='word_1_3' title='bbox 389 188 406 240; x_wconf 87' lang='grc' dir='ltr'>ι,</span> <span class='ocrx_word' id='word_1_4' title='bbox 423 189 516 238; x_wconf 79' lang='lat' dir='ltr'>onnon.</span> <span class='ocrx_word' id='word_1_5' title='bbox 532 189 604 240; x_wconf 81' lang='lat' dir='ltr'>um,</span> <span class='ocrx_word' id='word_1_6' title='bbox 620 188 675 230; x_wconf 78' lang='lat' dir='ltr'>nuo.</span> <span class='ocrx_word' id='word_1_7' title='bbox 692 190 748 230; x_wconf 74' lang='lat' dir='ltr'>nnn.</span> 
     </span>
    </p>
   </div>
   <div class='ocr_carea' id='block_1_2' title="bbox 132 264 934 2546">
    <p class='ocr_par' dir='ltr' id='par_1_2' title="bbox 132 264 929 477">
     <span class='ocr_line' id='line_1_2' title="bbox 132 264 928 332; baseline -0.003 -14"><span class='ocrx_word' id='word_1_8' title='bbox 132 279 201 332; x_wconf 78' lang='lat' dir='ltr'>onem</span> <span class='ocrx_word' id='word_1_9' title='bbox 217 265 328 332; x_wconf 69' lang='lat' dir='ltr'>formasti,</span> <span class='ocrx_word' id='word_1_10' title='bbox 343 285 357 316; x_wconf 84' lang='lat' dir='ltr'>o</span> <span class='ocrx_word' id='word_1_11' title='bbox 370 265 424 319; x_wconf 78' lang='lat' dir='ltr'>dicit</span> <span class='ocrx_word' id='word_1_12' title='bbox 435 267 515 318; x_wconf 63' lang='lat' dir='ltr'>titoni</span> <span class='ocrx_word' id='word_1_13' title='bbox 524 267 560 332; x_wconf 83' lang='lat' dir='ltr'>(t)</span> <span class='ocrx_word' id='word_1_14' title='bbox 575 279 582 319; x_wconf 75' lang='lat' dir='ltr'>t</span> <span class='ocrx_word' id='word_1_15' title='bbox 598 266 668 326; x_wconf 79' lang='lat' dir='ltr'>«Qui</span> <span class='ocrx_word' id='word_1_16' title='bbox 683 265 777 318; x_wconf 68' lang='lat' dir='ltr'>notens</span> <span class='ocrx_word' id='word_1_17' title='bbox 790 264 818 318; x_wconf 89' lang='lat' dir='ltr'>iu</span> <span class='ocrx_word' id='word_1_18' title='bbox 835 265 928 320; x_wconf 69' lang='lat' dir='ltr'>mbo</span> 
     </span>
     <span class='ocr_line' id='line_1_3' title="bbox 133 338 929 404; baseline 0.003 -14"><span class='ocrx_word' id='word_1_19' title='bbox 133 351 181 390; x_wconf 76' lang='lat' dir='ltr'>etun</span> <span class='ocrx_word' id='word_1_20' title='bbox 191 340 349 404; x_wconf 81' lang='lat' dir='ltr'>excellentior,</span> <span class='ocrx_word' id='word_1_21' title='bbox 361 341 433 392; x_wconf 79' lang='lat' dir='ltr'>suone</span> <span class='ocrx_word' id='word_1_22' title='bbox 442 343 477 392; x_wconf 80' lang='lat' dir='ltr'>ost</span> <span class='ocrx_word' id='word_1_23' title='bbox 489 339 515 390; x_wconf 89' lang='lat' dir='ltr'>in</span> <span class='ocrx_word' id='word_1_24' title='bbox 527 339 614 392; x_wconf 73' lang='lat' dir='ltr'>nubtis</span> <span class='ocrx_word' id='word_1_25' title='bbox 624 338 707 404; x_wconf 83' lang='lat' dir='ltr'>unejor.</span> <span class='ocrx_word' id='word_1_26' title='bbox 718 356 733 386; x_wconf 86' lang='grc' dir='ltr'>ιι</span> <span class='ocrx_word' id='word_1_27' title='bbox 745 338 800 391; x_wconf 80' lang='lat' dir='ltr'>Nou</span> <span class='ocrx_word' id='word_1_28' title='bbox 814 354 871 404; x_wconf 74' lang='lat' dir='ltr'>ergo</span> <span class='ocrx_word' id='word_1_29' title='bbox 881 353 929 404; x_wconf 73' lang='lat' dir='ltr'>poe</span> 
     </span>
     <span class='ocr_line' id='line_1_4' title="bbox 133 409 710 477; baseline -0.002 -15"><span class='ocrx_word' id='word_1_30' title='bbox 133 413 208 462; x_wconf 77' lang='lat' dir='ltr'>ottoni</span> <span class='ocrx_word' id='word_1_31' title='bbox 223 409 290 476; x_wconf 78' lang='lat' dir='ltr'>print</span> <span class='ocrx_word' id='word_1_32' title='bbox 302 409 378 476; x_wconf 72' lang='lat' dir='ltr'>angen</span> <span class='ocrx_word' id='word_1_33' title='bbox 391 409 436 462; x_wconf 81' lang='lat' dir='ltr'>tuit</span> <span class='ocrx_word' id='word_1_34' title='bbox 447 411 498 462; x_wconf 86' lang='lat' dir='ltr'>ntiis</span> <span class='ocrx_word' id='word_1_35' title='bbox 511 424 579 464; x_wconf 77' lang='lat' dir='ltr'>neuun</span> <span class='ocrx_word' id='word_1_36' title='bbox 591 411 710 477; x_wconf 74' lang='lat' dir='ltr'>peccandi.</span> 
     </span>
    </p>

    <p class='ocr_par' dir='ltr' id='par_1_3' title="bbox 134 479 931 618">
     <span class='ocr_line' id='line_1_5' title="bbox 165 479 931 548; baseline -0.001 -16"><span class='ocrx_word' id='word_1_37' title='bbox 165 481 211 532; x_wconf 86' lang='lat' dir='ltr'>Sed</span> <span class='ocrx_word' id='word_1_38' title='bbox 221 487 298 534; x_wconf 82' lang='lat' dir='ltr'>contre</span> <span class='ocrx_word' id='word_1_39' title='bbox 307 487 356 546; x_wconf 87' lang='lat' dir='ltr'>est,</span> <span class='ocrx_word' id='word_1_40' title='bbox 365 483 425 548; x_wconf 77' lang='lat' dir='ltr'>quod</span> <span class='ocrx_word' id='word_1_41' title='bbox 435 482 517 535; x_wconf 83' lang='lat' dir='ltr'>dicitur</span> <span class='ocrx_word' id='word_1_42' title='bbox 527 488 608 547; x_wconf 66' lang='lat' dir='ltr'>apoc„</span> <span class='ocrx_word' id='word_1_43' title='bbox 621 480 662 533; x_wconf 80' lang='lat' dir='ltr'>xit</span> <span class='ocrx_word' id='word_1_44' title='bbox 673 479 751 545; x_wconf 82' lang='lat' dir='ltr'>:qubd</span> <span class='ocrx_word' id='word_1_45' title='bbox 760 498 776 529; x_wconf 88' lang='grc' dir='ltr'>ιι</span> <span class='ocrx_word' id='word_1_46' title='bbox 784 479 856 532; x_wconf 79' lang='lat' dir='ltr'>druco</span> <span class='ocrx_word' id='word_1_47' title='bbox 866 481 931 533; x_wconf 80' lang='lat' dir='ltr'>tnxit</span> 
     </span>
     <span class='ocr_line' id='line_1_6' title="bbox 134 553 578 618; baseline -0.005 -16"><span class='ocrx_word' id='word_1_48' title='bbox 134 564 213 602; x_wconf 81' lang='lat' dir='ltr'>seeum</span> <span class='ocrx_word' id='word_1_49' title='bbox 224 553 314 604; x_wconf 77' lang='lat' dir='ltr'>tertioue</span> <span class='ocrx_word' id='word_1_50' title='bbox 326 557 414 618; x_wconf 84' lang='lat' dir='ltr'>purtem</span> <span class='ocrx_word' id='word_1_51' title='bbox 427 555 552 606; x_wconf 76' lang='lat' dir='ltr'>stetinum.</span> <span class='ocrx_word' id='word_1_52' title='bbox 564 570 578 600; x_wconf 88' lang='grc' dir='ltr'>ιι</span> 
     </span>
    </p>

    <p class='ocr_par' dir='ltr' id='par_1_4' title="bbox 133 621 931 826">
     <span class='ocr_line' id='line_1_7' title="bbox 165 621 931 690; baseline -0.001 -14"><span class='ocrx_word' id='word_1_53' title='bbox 165 623 174 688; x_wconf 73' lang='lat' dir='ltr'>t</span> <span class='ocrx_word' id='word_1_54' title='bbox 181 627 324 678; x_wconf 71' lang='grc' dir='ltr'>ὒοιιοιιιιιο.</span> <span class='ocrx_word' id='word_1_55' title='bbox 335 652 366 664; x_wconf 93' lang='grc'>-</span> <span class='ocrx_word' id='word_1_56' title='bbox 379 621 448 678; x_wconf 77' lang='lat' dir='ltr'>Primi</span> <span class='ocrx_word' id='word_1_57' title='bbox 461 624 537 690; x_wconf 71' lang='lat' dir='ltr'>angoti</span> <span class='ocrx_word' id='word_1_58' title='bbox 548 629 666 689; x_wconf 74' lang='lat' dir='ltr'>peoutunn</span> <span class='ocrx_word' id='word_1_59' title='bbox 675 621 720 674; x_wconf 83' lang='lat' dir='ltr'>tuit</span> <span class='ocrx_word' id='word_1_60' title='bbox 733 624 789 676; x_wconf 81' lang='lat' dir='ltr'>aliie</span> <span class='ocrx_word' id='word_1_61' title='bbox 800 637 872 675; x_wconf 81' lang='lat' dir='ltr'>oenoe</span> <span class='ocrx_word' id='word_1_62' title='bbox 882 638 931 688; x_wconf 75' lang='lat' dir='ltr'>poe</span> 
     </span>
     <span class='ocr_line' id='line_1_8' title="bbox 133 692 931 761; baseline 0.001 -17"><span class='ocrx_word' id='word_1_63' title='bbox 133 692 214 756; x_wconf 85' lang='lat' dir='ltr'>eundi,</span> <span class='ocrx_word' id='word_1_64' title='bbox 226 709 271 746; x_wconf 93' lang='lat' dir='ltr'>nou</span> <span class='ocrx_word' id='word_1_65' title='bbox 283 694 375 761; x_wconf 84' lang='lat' dir='ltr'>quidem</span> <span class='ocrx_word' id='word_1_66' title='bbox 385 709 477 760; x_wconf 72' lang='lat' dir='ltr'>cogens,</span> <span class='ocrx_word' id='word_1_67' title='bbox 492 697 533 748; x_wconf 82' lang='lat' dir='ltr'>nod</span> <span class='ocrx_word' id='word_1_68' title='bbox 545 696 643 760; x_wconf 66' lang='lat' dir='ltr'>quidm</span> <span class='ocrx_word' id='word_1_69' title='bbox 650 694 717 759; x_wconf 83' lang='lat' dir='ltr'>quusi</span> <span class='ocrx_word' id='word_1_70' title='bbox 726 695 890 746; x_wconf 72' lang='lat' dir='ltr'>exhortatione</span> <span class='ocrx_word' id='word_1_71' title='bbox 899 697 931 745; x_wconf 93' lang='lat' dir='ltr'>in-</span> 
     </span>
     <span class='ocr_line' id='line_1_9' title="bbox 133 765 246 826; baseline 0.018 -12"><span class='ocrx_word' id='word_1_72' title='bbox 133 765 246 826; x_wconf 85' lang='lat' dir='ltr'>duoeoe.)</span> 
     </span>
    </p>

    <p class='ocr_par' dir='ltr' id='par_1_5' title="bbox 132 834 934 1531">
     <span class='ocr_line' id='line_1_10' title="bbox 166 834 932 903; baseline 0.003 -16"><span class='ocrx_word' id='word_1_73' title='bbox 166 837 297 902; x_wconf 80' lang='lat' dir='ltr'>despondeo</span> <span class='ocrx_word' id='word_1_74' title='bbox 311 835 443 902; x_wconf 78' lang='lat' dir='ltr'>dicendum,</span> <span class='ocrx_word' id='word_1_75' title='bbox 451 835 513 902; x_wconf 79' lang='lat' dir='ltr'>qnbd</span> <span class='ocrx_word' id='word_1_76' title='bbox 525 841 645 903; x_wconf 87' lang='lat' dir='ltr'>peocetuut</span> <span class='ocrx_word' id='word_1_77' title='bbox 656 834 725 901; x_wconf 86' lang='lat' dir='ltr'>primi</span> <span class='ocrx_word' id='word_1_78' title='bbox 735 836 816 900; x_wconf 75' lang='lat' dir='ltr'>eugeti</span> <span class='ocrx_word' id='word_1_79' title='bbox 829 838 877 888; x_wconf 81' lang='lat' dir='ltr'>fuit</span> <span class='ocrx_word' id='word_1_80' title='bbox 886 838 932 889; x_wconf 82' lang='lat' dir='ltr'>otiis</span> 
     </span>
     <span class='ocr_line' id='line_1_11' title="bbox 134 909 933 974; baseline 0.003 -16"><span class='ocrx_word' id='word_1_81' title='bbox 134 921 203 958; x_wconf 71' lang='lat' dir='ltr'>muse</span> <span class='ocrx_word' id='word_1_82' title='bbox 218 909 340 974; x_wconf 75' lang='lat' dir='ltr'>peccandi,</span> <span class='ocrx_word' id='word_1_83' title='bbox 348 923 393 962; x_wconf 91' lang='lat' dir='ltr'>non</span> <span class='ocrx_word' id='word_1_84' title='bbox 404 910 495 973; x_wconf 80' lang='lat' dir='ltr'>quidem</span> <span class='ocrx_word' id='word_1_85' title='bbox 505 921 589 972; x_wconf 70' lang='lat' dir='ltr'>oopeus</span> <span class='ocrx_word' id='word_1_86' title='bbox 595 945 605 972; x_wconf 93' lang='lat'><em>‚</em></span> <span class='ocrx_word' id='word_1_87' title='bbox 612 910 652 959; x_wconf 85' lang='lat' dir='ltr'>sed</span> <span class='ocrx_word' id='word_1_88' title='bbox 663 910 762 973; x_wconf 75' lang='lat' dir='ltr'>quudmu</span> <span class='ocrx_word' id='word_1_89' title='bbox 773 909 844 973; x_wconf 77' lang='lat' dir='ltr'>queisi</span> <span class='ocrx_word' id='word_1_90' title='bbox 853 911 933 960; x_wconf 82' lang='lat' dir='ltr'>eubon-</span> 
     </span>
     <span class='ocr_line' id='line_1_12' title="bbox 133 978 933 1045; baseline 0.004 -17"><span class='ocrx_word' id='word_1_91' title='bbox 133 978 219 1028; x_wconf 88' lang='lat' dir='ltr'>tetione</span> <span class='ocrx_word' id='word_1_92' title='bbox 235 979 353 1032; x_wconf 82' lang='lat' dir='ltr'>inducens.</span> <span class='ocrx_word' id='word_1_93' title='bbox 365 981 436 1045; x_wconf 84' lang='lat' dir='ltr'>Cujus</span> <span class='ocrx_word' id='word_1_94' title='bbox 451 981 541 1044; x_wconf 76' lang='lat' dir='ltr'>signum</span> <span class='ocrx_word' id='word_1_95' title='bbox 552 994 581 1031; x_wconf 79' lang='lat' dir='ltr'>ex</span> <span class='ocrx_word' id='word_1_96' title='bbox 595 981 640 1030; x_wconf 88' lang='lat' dir='ltr'>boo</span> <span class='ocrx_word' id='word_1_97' title='bbox 654 984 764 1044; x_wconf 74' lang='lat' dir='ltr'>apparet,</span> <span class='ocrx_word' id='word_1_98' title='bbox 777 979 843 1043; x_wconf 83' lang='lat' dir='ltr'>qubd</span> <span class='ocrx_word' id='word_1_99' title='bbox 856 995 933 1031; x_wconf 83' lang='lat' dir='ltr'>omues</span> 
     </span>
     <span class='ocr_line' id='line_1_13' title="bbox 134 1049 934 1116; baseline 0.001 -17"><span class='ocrx_word' id='word_1_100' title='bbox 134 1049 250 1101; x_wconf 82' lang='lat' dir='ltr'>doemones</span> <span class='ocrx_word' id='word_1_101' title='bbox 266 1050 300 1102; x_wconf 87' lang='lat' dir='ltr'>itti</span> <span class='ocrx_word' id='word_1_102' title='bbox 318 1065 424 1116; x_wconf 88' lang='lat' dir='ltr'>supnenno</span> <span class='ocrx_word' id='word_1_103' title='bbox 443 1053 581 1116; x_wconf 87' lang='lat' dir='ltr'>subduntur,</span> <span class='ocrx_word' id='word_1_104' title='bbox 599 1056 624 1102; x_wconf 93' lang='lat' dir='ltr'>ut</span> <span class='ocrx_word' id='word_1_105' title='bbox 635 1049 758 1102; x_wconf 73' lang='lat' dir='ltr'>manifesti</span> <span class='ocrx_word' id='word_1_106' title='bbox 778 1055 879 1115; x_wconf 83' lang='lat' dir='ltr'>upperet</span> <span class='ocrx_word' id='word_1_107' title='bbox 896 1067 934 1116; x_wconf 83' lang='lat' dir='ltr'>per</span> 
     </span>
     <span class='ocr_line' id='line_1_14' title="bbox 133 1117 934 1187; baseline 0.006 -18"><span class='ocrx_word' id='word_1_108' title='bbox 133 1117 188 1171; x_wconf 89' lang='lat' dir='ltr'>illud</span> <span class='ocrx_word' id='word_1_109' title='bbox 201 1123 260 1185; x_wconf 86' lang='lat' dir='ltr'>quod</span> <span class='ocrx_word' id='word_1_110' title='bbox 277 1122 331 1174; x_wconf 82' lang='lat' dir='ltr'>dieii</span> <span class='ocrx_word' id='word_1_111' title='bbox 344 1124 465 1187; x_wconf 78' lang='lat' dir='ltr'>Dominus,</span> <span class='ocrx_word' id='word_1_112' title='bbox 480 1123 582 1180; x_wconf 74' lang='lat' dir='ltr'>btottb„</span> <span class='ocrx_word' id='word_1_113' title='bbox 596 1125 657 1174; x_wconf 78' lang='lat' dir='ltr'>XXV</span> <span class='ocrx_word' id='word_1_114' title='bbox 676 1137 683 1173; x_wconf 73' lang='grc' dir='ltr'>ι</span> <span class='ocrx_word' id='word_1_115' title='bbox 704 1140 718 1170; x_wconf 83' lang='lat' dir='ltr'>o</span> <span class='ocrx_word' id='word_1_116' title='bbox 731 1125 764 1174; x_wconf 89' lang='lat' dir='ltr'>tte</span> <span class='ocrx_word' id='word_1_117' title='bbox 779 1124 934 1175; x_wconf 84' lang='lat' dir='ltr'>molediotiio</span> 
     </span>
     <span class='ocr_line' id='line_1_15' title="bbox 134 1191 933 1260; baseline 0.003 -18"><span class='ocrx_word' id='word_1_118' title='bbox 134 1191 209 1257; x_wconf 71' lang='lat' dir='ltr'>ignem</span> <span class='ocrx_word' id='word_1_119' title='bbox 222 1197 333 1246; x_wconf 73' lang='lat' dir='ltr'>eternum</span> <span class='ocrx_word' id='word_1_120' title='bbox 343 1193 382 1260; x_wconf 79' lang='lat' dir='ltr'>qui</span> <span class='ocrx_word' id='word_1_121' title='bbox 390 1199 482 1259; x_wconf 79' lang='lat' dir='ltr'>penetus</span> <span class='ocrx_word' id='word_1_122' title='bbox 490 1199 525 1246; x_wconf 88' lang='lat' dir='ltr'>est</span> <span class='ocrx_word' id='word_1_123' title='bbox 535 1194 624 1246; x_wconf 84' lang='lat' dir='ltr'>diabolo</span> <span class='ocrx_word' id='word_1_124' title='bbox 635 1199 659 1246; x_wconf 92' lang='lat' dir='ltr'>et</span> <span class='ocrx_word' id='word_1_125' title='bbox 669 1195 757 1259; x_wconf 79' lang='lat' dir='ltr'>angelis</span> <span class='ocrx_word' id='word_1_126' title='bbox 766 1194 828 1257; x_wconf 88' lang='lat' dir='ltr'>ejus.</span> <span class='ocrx_word' id='word_1_127' title='bbox 838 1211 854 1242; x_wconf 83' lang='grc' dir='ltr'>ιι</span> <span class='ocrx_word' id='word_1_128' title='bbox 865 1196 933 1246; x_wconf 83' lang='lat' dir='ltr'>Habet</span> 
     </span>
     <span class='ocr_line' id='line_1_16' title="bbox 133 1265 932 1332; baseline -0.001 -14"><span class='ocrx_word' id='word_1_129' title='bbox 133 1265 194 1318; x_wconf 87' lang='lat' dir='ltr'>enim</span> <span class='ocrx_word' id='word_1_130' title='bbox 207 1265 251 1318; x_wconf 88' lang='lat' dir='ltr'>boo</span> <span class='ocrx_word' id='word_1_131' title='bbox 269 1269 323 1318; x_wconf 89' lang='lat' dir='ltr'>ordo</span> <span class='ocrx_word' id='word_1_132' title='bbox 339 1267 422 1318; x_wconf 80' lang='lat' dir='ltr'>diuino</span> <span class='ocrx_word' id='word_1_133' title='bbox 438 1267 550 1332; x_wconf 76' lang='lat' dir='ltr'>justitie,</span> <span class='ocrx_word' id='word_1_134' title='bbox 563 1271 590 1318; x_wconf 89' lang='lat' dir='ltr'>ot</span> <span class='ocrx_word' id='word_1_135' title='bbox 605 1267 670 1331; x_wconf 85' lang='lat' dir='ltr'>eujus</span> <span class='ocrx_word' id='word_1_136' title='bbox 684 1266 830 1330; x_wconf 77' lang='lat' dir='ltr'>suggestioni</span> <span class='ocrx_word' id='word_1_137' title='bbox 852 1269 932 1332; x_wconf 82' lang='lat' dir='ltr'>uliquis</span> 
     </span>
     <span class='ocr_line' id='line_1_17' title="bbox 133 1337 932 1404; baseline 0 -16"><span class='ocrx_word' id='word_1_138' title='bbox 133 1339 246 1388; x_wconf 79' lang='lat' dir='ltr'><strong>consentit</strong></span> <span class='ocrx_word' id='word_1_139' title='bbox 256 1339 280 1389; x_wconf 92' lang='lat' dir='ltr'>in</span> <span class='ocrx_word' id='word_1_140' title='bbox 291 1340 371 1403; x_wconf 81' lang='lat' dir='ltr'>culpe,</span> <span class='ocrx_word' id='word_1_141' title='bbox 382 1340 433 1403; x_wconf 81' lang='lat' dir='ltr'>ejus</span> <span class='ocrx_word' id='word_1_142' title='bbox 443 1339 552 1404; x_wconf 73' lang='lat' dir='ltr'>potestati</span> <span class='ocrx_word' id='word_1_143' title='bbox 560 1339 667 1390; x_wconf 78' lang='lat' dir='ltr'>subdatur</span> <span class='ocrx_word' id='word_1_144' title='bbox 677 1337 703 1388; x_wconf 88' lang='lat' dir='ltr'>in</span> <span class='ocrx_word' id='word_1_145' title='bbox 711 1351 796 1402; x_wconf 78' lang='lat' dir='ltr'>peona,</span> <span class='ocrx_word' id='word_1_146' title='bbox 806 1339 932 1390; x_wconf 83' lang='lat' dir='ltr'>secundino</span> 
     </span>
     <span class='ocr_line' id='line_1_18' title="bbox 132 1405 933 1474; baseline 0.001 -15"><span class='ocrx_word' id='word_1_147' title='bbox 132 1405 202 1468; x_wconf 79' lang='lat' dir='ltr'>iilud,</span> <span class='ocrx_word' id='word_1_148' title='bbox 216 1409 244 1460; x_wconf 88' lang='lat' dir='ltr'>tt.</span> <span class='ocrx_word' id='word_1_149' title='bbox 260 1411 324 1466; x_wconf 83' lang='lat' dir='ltr'>Pet..</span> <span class='ocrx_word' id='word_1_150' title='bbox 345 1409 365 1459; x_wconf 89' lang='lat'>11</span> <span class='ocrx_word' id='word_1_151' title='bbox 382 1424 387 1459; x_wconf 94' lang='lat'><strong>:</strong></span> <span class='ocrx_word' id='word_1_152' title='bbox 403 1428 417 1458; x_wconf 87' lang='grc' dir='ltr'>ιι</span> <span class='ocrx_word' id='word_1_153' title='bbox 432 1413 451 1462; x_wconf 79' lang='lat' dir='ltr'>d</span> <span class='ocrx_word' id='word_1_154' title='bbox 467 1423 512 1474; x_wconf 86' lang='lat' dir='ltr'>quo</span> <span class='ocrx_word' id='word_1_155' title='bbox 526 1410 578 1474; x_wconf 82' lang='lat' dir='ltr'>quis</span> <span class='ocrx_word' id='word_1_156' title='bbox 590 1413 709 1474; x_wconf 77' lang='lat' dir='ltr'>superatus</span> <span class='ocrx_word' id='word_1_157' title='bbox 723 1411 772 1472; x_wconf 88' lang='lat' dir='ltr'>est,</span> <span class='ocrx_word' id='word_1_158' title='bbox 784 1409 844 1460; x_wconf 87' lang='lat' dir='ltr'>huie</span> <span class='ocrx_word' id='word_1_159' title='bbox 858 1424 933 1461; x_wconf 78' lang='lat' dir='ltr'>servus</span> 
     </span>
     <span class='ocr_line' id='line_1_19' title="bbox 133 1479 307 1531; baseline -0.011 -1"><span class='ocrx_word' id='word_1_160' title='bbox 133 1479 223 1530; x_wconf 89' lang='lat' dir='ltr'>udditus</span> <span class='ocrx_word' id='word_1_161' title='bbox 238 1484 280 1531; x_wconf 87' lang='lat' dir='ltr'>est.</span> <span class='ocrx_word' id='word_1_162' title='bbox 294 1498 307 1528; x_wconf 85' lang='grc' dir='ltr'>ιι</span> 
     </span>
    </p>

    <p class='ocr_par' dir='ltr' id='par_1_6' title="bbox 133 1548 933 2546">
     <span class='ocr_line' id='line_1_20' title="bbox 165 1548 933 1617; baseline 0.004 -16"><span class='ocrx_word' id='word_1_163' title='bbox 165 1551 198 1601; x_wconf 77' lang='lat' dir='ltr'>td</span> <span class='ocrx_word' id='word_1_164' title='bbox 211 1553 308 1617; x_wconf 84' lang='lat' dir='ltr'>primum</span> <span class='ocrx_word' id='word_1_165' title='bbox 320 1566 372 1615; x_wconf 78' lang='lat' dir='ltr'>ergo</span> <span class='ocrx_word' id='word_1_166' title='bbox 385 1550 514 1615; x_wconf 75' lang='lat' dir='ltr'>dicendum,</span> <span class='ocrx_word' id='word_1_167' title='bbox 528 1550 588 1616; x_wconf 87' lang='lat' dir='ltr'>qubd</span> <span class='ocrx_word' id='word_1_168' title='bbox 600 1548 655 1602; x_wconf 79' lang='lat' dir='ltr'>doto</span> <span class='ocrx_word' id='word_1_169' title='bbox 668 1551 736 1602; x_wconf 84' lang='lat' dir='ltr'>sinunt</span> <span class='ocrx_word' id='word_1_170' title='bbox 751 1551 870 1604; x_wconf 79' lang='lat' dir='ltr'>doemones</span> <span class='ocrx_word' id='word_1_171' title='bbox 883 1567 933 1616; x_wconf 86' lang='lat' dir='ltr'>peo-</span> 
     </span>
     <span class='ocr_line' id='line_1_21' title="bbox 133 1621 932 1688; baseline -0.001 -16"><span class='ocrx_word' id='word_1_172' title='bbox 133 1622 246 1686; x_wconf 78' lang='lat' dir='ltr'>oeverint‚</span> <span class='ocrx_word' id='word_1_173' title='bbox 256 1627 332 1674; x_wconf 86' lang='lat' dir='ltr'>tumen</span> <span class='ocrx_word' id='word_1_174' title='bbox 340 1627 457 1688; x_wconf 64' lang='lat' dir='ltr'>pecodum</span> <span class='ocrx_word' id='word_1_175' title='bbox 467 1622 669 1688; x_wconf 86' lang='lat' dir='ltr'>uninspotuitosse</span> <span class='ocrx_word' id='word_1_176' title='bbox 677 1621 726 1672; x_wconf 85' lang='lat' dir='ltr'>otiis</span> <span class='ocrx_word' id='word_1_177' title='bbox 734 1635 804 1672; x_wconf 84' lang='lat' dir='ltr'>oense</span> <span class='ocrx_word' id='word_1_178' title='bbox 814 1624 932 1686; x_wconf 76' lang='lat' dir='ltr'>peoomdi.</span> 
     </span>
     <span class='ocr_line' id='line_1_22' title="bbox 134 1694 932 1760; baseline 0.003 -16"><span class='ocrx_word' id='word_1_179' title='bbox 134 1694 233 1758; x_wconf 74' lang='lat' dir='ltr'>Angelus</span> <span class='ocrx_word' id='word_1_180' title='bbox 253 1695 315 1746; x_wconf 87' lang='lat' dir='ltr'>euim</span> <span class='ocrx_word' id='word_1_181' title='bbox 329 1710 375 1747; x_wconf 91' lang='lat' dir='ltr'>nou</span> <span class='ocrx_word' id='word_1_182' title='bbox 389 1696 478 1760; x_wconf 82' lang='lat' dir='ltr'>indiget</span> <span class='ocrx_word' id='word_1_183' title='bbox 491 1696 520 1746; x_wconf 87' lang='lat' dir='ltr'>ud</span> <span class='ocrx_word' id='word_1_184' title='bbox 536 1694 679 1758; x_wconf 76' lang='lat' dir='ltr'>eligendum,</span> <span class='ocrx_word' id='word_1_185' title='bbox 693 1695 731 1744; x_wconf 82' lang='lat' dir='ltr'>net</span> <span class='ocrx_word' id='word_1_186' title='bbox 748 1694 932 1758; x_wconf 77' lang='lat' dir='ltr'>exhortandum,</span> 
     </span>
     <span class='ocr_line' id='line_1_23' title="bbox 135 1764 933 1830; baseline 0.003 -16"><span class='ocrx_word' id='word_1_187' title='bbox 135 1767 171 1815; x_wconf 79' lang='lat' dir='ltr'>vet</span> <span class='ocrx_word' id='word_1_188' title='bbox 182 1765 250 1816; x_wconf 86' lang='lat' dir='ltr'>etiem</span> <span class='ocrx_word' id='word_1_189' title='bbox 263 1767 460 1830; x_wconf 84' lang='lat' dir='ltr'>consentiendum,</span> <span class='ocrx_word' id='word_1_190' title='bbox 471 1766 579 1830; x_wconf 71' lang='lat' dir='ltr'>bmpods</span> <span class='ocrx_word' id='word_1_191' title='bbox 592 1764 664 1828; x_wconf 86' lang='lat' dir='ltr'>mord,</span> <span class='ocrx_word' id='word_1_192' title='bbox 674 1764 734 1815; x_wconf 89' lang='lat' dir='ltr'>siout</span> <span class='ocrx_word' id='word_1_193' title='bbox 746 1765 833 1828; x_wconf 87' lang='lat' dir='ltr'>bonno,</span> <span class='ocrx_word' id='word_1_194' title='bbox 846 1765 887 1830; x_wconf 82' lang='lat' dir='ltr'>qui</span> <span class='ocrx_word' id='word_1_195' title='bbox 898 1768 933 1816; x_wconf 80' lang='lat' dir='ltr'>de·</span> 
     </span>
     <span class='ocr_line' id='line_1_24' title="bbox 134 1834 932 1900; baseline 0.003 -14"><span class='ocrx_word' id='word_1_196' title='bbox 134 1835 266 1888; x_wconf 78' lang='lat' dir='ltr'>liberatione</span> <span class='ocrx_word' id='word_1_197' title='bbox 278 1837 365 1900; x_wconf 74' lang='lat' dir='ltr'>indiget</span> <span class='ocrx_word' id='word_1_198' title='bbox 375 1837 404 1888; x_wconf 89' lang='lat' dir='ltr'>ed</span> <span class='ocrx_word' id='word_1_199' title='bbox 414 1838 543 1900; x_wconf 80' lang='lat' dir='ltr'>eligendum</span> <span class='ocrx_word' id='word_1_200' title='bbox 552 1842 576 1887; x_wconf 87' lang='lat' dir='ltr'>et</span> <span class='ocrx_word' id='word_1_201' title='bbox 585 1836 614 1886; x_wconf 80' lang='lat' dir='ltr'>ed</span> <span class='ocrx_word' id='word_1_202' title='bbox 623 1834 823 1896; x_wconf 79' lang='lat' dir='ltr'>consentiendum,</span> <span class='ocrx_word' id='word_1_203' title='bbox 836 1841 860 1886; x_wconf 92' lang='lat' dir='ltr'>et</span> <span class='ocrx_word' id='word_1_204' title='bbox 874 1837 932 1888; x_wconf 80' lang='lat' dir='ltr'>toou-</span> 
     </span>
     <span class='ocr_line' id='line_1_25' title="bbox 135 1907 931 1974; baseline 0.001 -18"><span class='ocrx_word' id='word_1_205' title='bbox 135 1907 197 1958; x_wconf 91' lang='lat' dir='ltr'>tione</span> <span class='ocrx_word' id='word_1_206' title='bbox 208 1909 280 1959; x_wconf 74' lang='lat' dir='ltr'>vocali</span> <span class='ocrx_word' id='word_1_207' title='bbox 288 1909 316 1959; x_wconf 87' lang='lat' dir='ltr'>ed</span> <span class='ocrx_word' id='word_1_208' title='bbox 323 1911 496 1974; x_wconf 82' lang='lat' dir='ltr'>exhortandum,</span> <span class='ocrx_word' id='word_1_209' title='bbox 501 1922 597 1973; x_wconf 86' lang='lat' dir='ltr'>quorum</span> <span class='ocrx_word' id='word_1_210' title='bbox 604 1912 724 1970; x_wconf 82' lang='lat' dir='ltr'>utrumque</span> <span class='ocrx_word' id='word_1_211' title='bbox 733 1909 931 1973; x_wconf 79' lang='lat' dir='ltr'>temporengitnn.</span> 
     </span>
     <span class='ocr_line' id='line_1_26' title="bbox 137 1977 933 2044; baseline 0.001 -16"><span class='ocrx_word' id='word_1_212' title='bbox 137 1977 279 2030; x_wconf 78' lang='lat' dir='ltr'>Manifestum</span> <span class='ocrx_word' id='word_1_213' title='bbox 295 1985 330 2032; x_wconf 91' lang='lat' dir='ltr'>est</span> <span class='ocrx_word' id='word_1_214' title='bbox 343 1984 432 2040; x_wconf 81' lang='lat' dir='ltr'>autem,</span> <span class='ocrx_word' id='word_1_215' title='bbox 447 1979 507 2044; x_wconf 87' lang='lat' dir='ltr'>qubd</span> <span class='ocrx_word' id='word_1_216' title='bbox 525 1978 593 2030; x_wconf 79' lang='lat' dir='ltr'>etiem</span> <span class='ocrx_word' id='word_1_217' title='bbox 607 1980 676 2030; x_wconf 85' lang='lat' dir='ltr'>bonno</span> <span class='ocrx_word' id='word_1_218' title='bbox 693 1979 761 2029; x_wconf 87' lang='lat' dir='ltr'>simul</span> <span class='ocrx_word' id='word_1_219' title='bbox 774 1980 830 2029; x_wconf 89' lang='lat' dir='ltr'>dum</span> <span class='ocrx_word' id='word_1_220' title='bbox 850 1980 933 2044; x_wconf 81' lang='lat' dir='ltr'>aliquid</span> 
     </span>
     <span class='ocr_line' id='line_1_27' title="bbox 134 2049 932 2115; baseline 0.001 -16"><span class='ocrx_word' id='word_1_221' title='bbox 134 2049 182 2114; x_wconf 83' lang='lat' dir='ltr'>juon</span> <span class='ocrx_word' id='word_1_222' title='bbox 193 2053 259 2101; x_wconf 83' lang='lat' dir='ltr'>eorde</span> <span class='ocrx_word' id='word_1_223' title='bbox 267 2050 379 2115; x_wconf 86' lang='lat' dir='ltr'>oouoepit,</span> <span class='ocrx_word' id='word_1_224' title='bbox 391 2052 414 2100; x_wconf 91' lang='lat' dir='ltr'>iu</span> <span class='ocrx_word' id='word_1_225' title='bbox 423 2052 503 2102; x_wconf 83' lang='lat' dir='ltr'>eodem</span> <span class='ocrx_word' id='word_1_226' title='bbox 511 2049 606 2101; x_wconf 81' lang='lat' dir='ltr'>instanti</span> <span class='ocrx_word' id='word_1_227' title='bbox 616 2049 696 2114; x_wconf 82' lang='lat' dir='ltr'>incipit</span> <span class='ocrx_word' id='word_1_228' title='bbox 704 2050 777 2114; x_wconf 76' lang='lat' dir='ltr'>loqui3</span> <span class='ocrx_word' id='word_1_229' title='bbox 788 2055 813 2100; x_wconf 92' lang='lat' dir='ltr'>et</span> <span class='ocrx_word' id='word_1_230' title='bbox 821 2051 847 2100; x_wconf 94' lang='lat' dir='ltr'>iu</span> <span class='ocrx_word' id='word_1_231' title='bbox 855 2051 932 2102; x_wconf 78' lang='lat' dir='ltr'>ultiub</span> 
     </span>
     <span class='ocr_line' id='line_1_28' title="bbox 136 2119 933 2186; baseline 0.004 -16"><span class='ocrx_word' id='word_1_232' title='bbox 136 2120 232 2172; x_wconf 82' lang='lat' dir='ltr'>instanti</span> <span class='ocrx_word' id='word_1_233' title='bbox 244 2122 378 2186; x_wconf 86' lang='lat' dir='ltr'>locutionis,</span> <span class='ocrx_word' id='word_1_234' title='bbox 389 2122 413 2172; x_wconf 92' lang='lat' dir='ltr'>in</span> <span class='ocrx_word' id='word_1_235' title='bbox 424 2137 470 2186; x_wconf 88' lang='lat' dir='ltr'>quo</span> <span class='ocrx_word' id='word_1_236' title='bbox 481 2122 562 2186; x_wconf 82' lang='lat' dir='ltr'>uliquis</span> <span class='ocrx_word' id='word_1_237' title='bbox 572 2135 667 2172; x_wconf 87' lang='lat' dir='ltr'>sensum</span> <span class='ocrx_word' id='word_1_238' title='bbox 677 2119 792 2184; x_wconf 84' lang='lat' dir='ltr'>loquentis</span> <span class='ocrx_word' id='word_1_239' title='bbox 806 2122 870 2186; x_wconf 82' lang='lat' dir='ltr'>cupit</span> <span class='ocrx_word' id='word_1_240' title='bbox 875 2160 884 2186; x_wconf 94' lang='lat'><em>,</em></span> <span class='ocrx_word' id='word_1_241' title='bbox 895 2136 933 2186; x_wconf 94' lang='lat' dir='ltr'>po·</span> 
     </span>
     <span class='ocr_line' id='line_1_29' title="bbox 137 2190 933 2260; baseline 0.001 -19"><span class='ocrx_word' id='word_1_242' title='bbox 137 2195 182 2243; x_wconf 89' lang='lat' dir='ltr'>test</span> <span class='ocrx_word' id='word_1_243' title='bbox 195 2193 303 2244; x_wconf 84' lang='lat' dir='ltr'>assentire</span> <span class='ocrx_word' id='word_1_244' title='bbox 316 2193 338 2244; x_wconf 86' lang='lat' dir='ltr'>ei</span> <span class='ocrx_word' id='word_1_245' title='bbox 348 2195 407 2260; x_wconf 87' lang='lat' dir='ltr'>quod</span> <span class='ocrx_word' id='word_1_246' title='bbox 422 2194 515 2251; x_wconf 84' lang='lat' dir='ltr'>dicitur;</span> <span class='ocrx_word' id='word_1_247' title='bbox 525 2197 551 2243; x_wconf 89' lang='lat' dir='ltr'>ut</span> <span class='ocrx_word' id='word_1_248' title='bbox 564 2197 627 2257; x_wconf 84' lang='lat' dir='ltr'>petet</span> <span class='ocrx_word' id='word_1_249' title='bbox 643 2190 778 2243; x_wconf 70' lang='lat' dir='ltr'>minutio</span> <span class='ocrx_word' id='word_1_250' title='bbox 789 2192 872 2255; x_wconf 84' lang='lat' dir='ltr'>primis</span> <span class='ocrx_word' id='word_1_251' title='bbox 883 2206 933 2244; x_wconf 77' lang='lat' dir='ltr'>‹on-</span> 
     </span>
     <span class='ocr_line' id='line_1_30' title="bbox 137 2263 933 2331; baseline 0.005 -20"><span class='ocrx_word' id='word_1_252' title='bbox 137 2265 293 2328; x_wconf 68' lang='lat' dir='ltr'>optionibus,</span> <span class='ocrx_word' id='word_1_253' title='bbox 307 2284 321 2313; x_wconf 84' lang='lat' dir='ltr'>o</span> <span class='ocrx_word' id='word_1_254' title='bbox 330 2265 490 2330; x_wconf 74' lang='lat' dir='ltr'>unnsquisque</span> <span class='ocrx_word' id='word_1_255' title='bbox 501 2265 582 2331; x_wconf 85' lang='lat' dir='ltr'>probat</span> <span class='ocrx_word' id='word_1_256' title='bbox 594 2265 683 2315; x_wconf 84' lang='lat' dir='ltr'>auditos</span> <span class='ocrx_word' id='word_1_257' title='bbox 693 2263 737 2328; x_wconf 73' lang='lat' dir='ltr'>(t).</span> <span class='ocrx_word' id='word_1_258' title='bbox 748 2281 762 2310; x_wconf 85' lang='lat' dir='ltr'>n</span> <span class='ocrx_word' id='word_1_259' title='bbox 773 2264 872 2315; x_wconf 73' lang='lat' dir='ltr'>Sublato</span> <span class='ocrx_word' id='word_1_260' title='bbox 883 2277 933 2327; x_wconf 76' lang='lat' dir='ltr'>ergo</span> 
     </span>
     <span class='ocr_line' id='line_1_31' title="bbox 137 2330 933 2403; baseline 0.003 -21"><span class='ocrx_word' id='word_1_261' title='bbox 137 2337 238 2399; x_wconf 84' lang='lat' dir='ltr'>tempore</span> <span class='ocrx_word' id='word_1_262' title='bbox 247 2336 368 2387; x_wconf 87' lang='lat' dir='ltr'>locutionis</span> <span class='ocrx_word' id='word_1_263' title='bbox 377 2340 401 2388; x_wconf 93' lang='lat' dir='ltr'>et</span> <span class='ocrx_word' id='word_1_264' title='bbox 410 2336 587 2400; x_wconf 81' lang='lat' dir='ltr'>deliberationis,</span> <span class='ocrx_word' id='word_1_265' title='bbox 593 2335 684 2400; x_wconf 89' lang='lat' dir='ltr'>quodiu</span> <span class='ocrx_word' id='word_1_266' title='bbox 694 2330 933 2403; x_wconf 42' lang='lat' dir='ltr'>nobissequinituuin</span> 
     </span>
     <span class='ocr_line' id='line_1_32' title="bbox 137 2406 932 2472; baseline 0 -16"><span class='ocrx_word' id='word_1_267' title='bbox 137 2406 217 2458; x_wconf 85' lang='lat' dir='ltr'>eodem</span> <span class='ocrx_word' id='word_1_268' title='bbox 231 2409 332 2472; x_wconf 82' lang='lat' dir='ltr'>instanti,</span> <span class='ocrx_word' id='word_1_269' title='bbox 341 2408 365 2458; x_wconf 89' lang='lat' dir='ltr'>in</span> <span class='ocrx_word' id='word_1_270' title='bbox 376 2423 420 2472; x_wconf 84' lang='lat' dir='ltr'>quo</span> <span class='ocrx_word' id='word_1_271' title='bbox 430 2409 516 2472; x_wconf 80' lang='lat' dir='ltr'>primus</span> <span class='ocrx_word' id='word_1_272' title='bbox 527 2410 689 2471; x_wconf 80' lang='lat' dir='ltr'>angetossuum</span> <span class='ocrx_word' id='word_1_273' title='bbox 696 2407 840 2457; x_wconf 73' lang='lat' dir='ltr'>abiectionem</span> <span class='ocrx_word' id='word_1_274' title='bbox 849 2407 932 2458; x_wconf 83' lang='lat' dir='ltr'>intedi-</span> 
     </span>
     <span class='ocr_line' id='line_1_33' title="bbox 139 2477 930 2546; baseline 0 -18"><span class='ocrx_word' id='word_1_275' title='bbox 139 2477 202 2542; x_wconf 77' lang='lat' dir='ltr'>gibili</span> <span class='ocrx_word' id='word_1_276' title='bbox 216 2479 327 2531; x_wconf 81' lang='lat' dir='ltr'>locutione</span> <span class='ocrx_word' id='word_1_277' title='bbox 341 2481 467 2546; x_wconf 83' lang='lat' dir='ltr'>expressit,</span> <span class='ocrx_word' id='word_1_278' title='bbox 482 2481 588 2544; x_wconf 90' lang='lat' dir='ltr'>possibile</span> <span class='ocrx_word' id='word_1_279' title='bbox 604 2479 648 2528; x_wconf 84' lang='lat' dir='ltr'>init</span> <span class='ocrx_word' id='word_1_280' title='bbox 661 2478 712 2529; x_wconf 81' lang='lat' dir='ltr'>aliis</span> <span class='ocrx_word' id='word_1_281' title='bbox 730 2492 781 2529; x_wconf 86' lang='lat' dir='ltr'>eom</span> <span class='ocrx_word' id='word_1_282' title='bbox 794 2480 930 2530; x_wconf 76' lang='lat' dir='ltr'>consentire.</span> 
     </span>
    </p>
   </div>
   <div class='ocr_carea' id='block_1_3' title="bbox 137 2642 930 2960">
    <p class='ocr_par' dir='ltr' id='par_1_7' title="bbox 138 2642 930 2764">
     <span class='ocr_line' id='line_1_34' title="bbox 171 2642 930 2706; baseline -0.001 -16"><span class='ocrx_word' id='word_1_283' title='bbox 171 2642 202 2706; x_wconf 76' lang='lat' dir='ltr'>(t)</span> <span class='ocrx_word' id='word_1_284' title='bbox 218 2645 338 2702; x_wconf 74' lang='lat' dir='ltr'>Augustini</span> <span class='ocrx_word' id='word_1_285' title='bbox 359 2645 450 2691; x_wconf 86' lang='lat' dir='ltr'>nomine</span> <span class='ocrx_word' id='word_1_286' title='bbox 469 2651 594 2702; x_wconf 65' lang='lat' dir='ltr'>prenotate</span> <span class='ocrx_word' id='word_1_287' title='bbox 611 2646 641 2690; x_wconf 91' lang='lat' dir='ltr'>ob</span> <span class='ocrx_word' id='word_1_288' title='bbox 655 2644 744 2690; x_wconf 87' lang='lat' dir='ltr'>initium</span> <span class='ocrx_word' id='word_1_289' title='bbox 758 2644 808 2699; x_wconf 76' lang='lat' dir='ltr'>sui3</span> <span class='ocrx_word' id='word_1_290' title='bbox 827 2645 869 2691; x_wconf 86' lang='lat' dir='ltr'>sed</span> <span class='ocrx_word' id='word_1_291' title='bbox 886 2644 930 2689; x_wconf 77' lang='lat' dir='ltr'>bec</span> 
     </span>
     <span class='ocr_line' id='line_1_35' title="bbox 138 2707 717 2764; baseline 0 -12"><span class='ocrx_word' id='word_1_292' title='bbox 138 2707 253 2764; x_wconf 74' lang='lat' dir='ltr'>appendix</span> <span class='ocrx_word' id='word_1_293' title='bbox 270 2719 321 2762; x_wconf 78' lang='lat' dir='ltr'>quun</span> <span class='ocrx_word' id='word_1_294' title='bbox 340 2708 364 2752; x_wconf 93' lang='lat' dir='ltr'>iu</span> <span class='ocrx_word' id='word_1_295' title='bbox 380 2707 423 2752; x_wconf 87' lang='lat' dir='ltr'>tino</span> <span class='ocrx_word' id='word_1_296' title='bbox 437 2709 539 2764; x_wconf 75' lang='lat' dir='ltr'>ponitur,</span> <span class='ocrx_word' id='word_1_297' title='bbox 550 2718 597 2752; x_wconf 90' lang='lat' dir='ltr'>nou</span> <span class='ocrx_word' id='word_1_298' title='bbox 609 2714 646 2753; x_wconf 83' lang='lat' dir='ltr'>est</span> <span class='ocrx_word' id='word_1_299' title='bbox 657 2709 717 2764; x_wconf 77' lang='lat' dir='ltr'>ejus.</span> 
     </span>
    </p>

    <p class='ocr_par' dir='ltr' id='par_1_8' title="bbox 137 2776 930 2960">
     <span class='ocr_line' id='line_1_36' title="bbox 172 2776 930 2837; baseline 0.001 -17"><span class='ocrx_word' id='word_1_300' title='bbox 172 2777 202 2837; x_wconf 70' lang='lat' dir='ltr'>(t)</span> <span class='ocrx_word' id='word_1_301' title='bbox 221 2780 358 2832; x_wconf 85' lang='lat' dir='ltr'>Uuurputum</span> <span class='ocrx_word' id='word_1_302' title='bbox 371 2790 400 2822; x_wconf 81' lang='lat' dir='ltr'>ex</span> <span class='ocrx_word' id='word_1_303' title='bbox 409 2779 499 2837; x_wconf 76' lang='lat' dir='ltr'>boetio,</span> <span class='ocrx_word' id='word_1_304' title='bbox 514 2779 570 2824; x_wconf 93' lang='lat' dir='ltr'>tib.:</span> <span class='ocrx_word' id='word_1_305' title='bbox 586 2778 626 2824; x_wconf 78' lang='lat' dir='ltr'>Ao</span> <span class='ocrx_word' id='word_1_306' title='bbox 641 2790 710 2824; x_wconf 78' lang='lat' dir='ltr'>omne</span> <span class='ocrx_word' id='word_1_307' title='bbox 721 2777 785 2836; x_wconf 74' lang='lat' dir='ltr'>quood</span> <span class='ocrx_word' id='word_1_308' title='bbox 801 2781 834 2822; x_wconf 79' lang='lat' dir='ltr'>ott</span> <span class='ocrx_word' id='word_1_309' title='bbox 848 2776 930 2822; x_wconf 69' lang='lat' dir='ltr'>bonum</span> 
     </span>
     <span class='ocr_line' id='line_1_37' title="bbox 137 2838 928 2899; baseline 0.001 -17"><span class='ocrx_word' id='word_1_310' title='bbox 137 2839 183 2887; x_wconf 78' lang='lat' dir='ltr'>tit,</span> <span class='ocrx_word' id='word_1_311' title='bbox 195 2839 234 2894; x_wconf 87' lang='lat' dir='ltr'>qui</span> <span class='ocrx_word' id='word_1_312' title='bbox 248 2839 282 2882; x_wconf 82' lang='lat' dir='ltr'>De</span> <span class='ocrx_word' id='word_1_313' title='bbox 301 2838 486 2886; x_wconf 57' lang='lat' dir='ltr'>bebdomadibus</span> <span class='ocrx_word' id='word_1_314' title='bbox 503 2841 635 2887; x_wconf 73' lang='lat' dir='ltr'>inscribitur</span> <span class='ocrx_word' id='word_1_315' title='bbox 648 2846 742 2899; x_wconf 83' lang='lat' dir='ltr'>propter</span> <span class='ocrx_word' id='word_1_316' title='bbox 762 2841 807 2884; x_wconf 84' lang='lat' dir='ltr'>boo</span> <span class='ocrx_word' id='word_1_317' title='bbox 825 2841 928 2885; x_wconf 86' lang='lat' dir='ltr'>initium:</span> 
     </span>
     <span class='ocr_line' id='line_1_38' title="bbox 139 2899 809 2960; baseline 0.007 -19"><span class='ocrx_word' id='word_1_318' title='bbox 139 2899 248 2944; x_wconf 68' lang='lat' dir='ltr'>bononiae</span> <span class='ocrx_word' id='word_1_319' title='bbox 259 2904 286 2944; x_wconf 80' lang='lat' dir='ltr'>not</span> <span class='ocrx_word' id='word_1_320' title='bbox 300 2913 331 2945; x_wconf 74' lang='lat' dir='ltr'>eo·</span> <span class='ocrx_word' id='word_1_321' title='bbox 340 2901 525 2949; x_wconf 71' lang='lat' dir='ltr'>bebdomadibus</span> <span class='ocrx_word' id='word_1_322' title='bbox 539 2904 630 2948; x_wconf 67' lang='lat' dir='ltr'>noeto-io</span> <span class='ocrx_word' id='word_1_323' title='bbox 640 2903 750 2960; x_wconf 66' lang='lat' dir='ltr'>dionidi,</span> <span class='ocrx_word' id='word_1_324' title='bbox 764 2907 809 2948; x_wconf 76' lang='lat' dir='ltr'>etc.</span> 
     </span>
    </p>
   </div>
   <div class='ocr_carea' id='block_1_4' title="bbox 0 0 1005 3342">
    <p class='ocr_par' dir='ltr' id='par_1_9' title="bbox 0 0 1005 3342">
     <span class='ocr_line' id='line_1_39' title="bbox 0 0 1005 3342; baseline 0 0"><span class='ocrx_word' id='word_1_325' title='bbox 0 0 1005 3342; x_wconf 95' lang='lat' dir='ltr'> </span> 
     </span>
    </p>
   </div>
  </div>
 </body>
</html>
