1992 3342
175 236 206 274 os
222 236 382 276 nunsunrrons
399 237 544 276 suessonum
560 240 585 275 nr
602 239 659 277 osso
674 240 780 278 suumn.
829 231 875 278 889

108 314 131 361 a.
151 316 279 378 preterea,
298 317 325 365 ad
349 315 474 368 libertatem
497 312 582 365 arbitrii
603 316 703 379 pertinet
724 317 786 380 qndd
805 317 875 368 trumo

75 385 150 448 possit
168 386 251 449 eligere
266 387 351 437 bouum
364 391 388 436 et
401 387 493 436 matum.
508 387 552 436 Sed
565 387 658 438 tibertus
674 388 759 438 arbitrii
773 401 819 438 non
832 388 876 438 mi·

76 459 155 506 nuttur
164 457 188 506 in
205 457 291 520 angelis
306 457 386 508 beatis.
399 458 458 522 Ergo
471 461 569 521 possunt
582 471 686 521 peceare.

108 530 154 580 Sed
169 533 246 579 contra
259 534 307 593 est,
321 531 380 592 quod
394 529 531 592 Augustinus
542 529 610 593 dicit,
623 530 662 581 xi.
676 539 757 595 super
768 531 828 582 Gen.
839 531 875 582 od

76 599 130 659 uu,
141 600 201 662 qndd
211 600 250 650 itta
260 605 340 650 natura
352 615 401 664 quae
412 613 507 664 peecare
523 614 569 650 non
584 605 672 665 potest,
690 602 714 651 in
730 603 816 653 sanctis
831 617 873 652 an-

76 672 134 736 getis
151 677 194 722 est.
209 675 267 736 Ergo
280 671 353 722 saneti
365 671 441 736 angeli
453 686 548 735 peomne
561 685 608 722 non
619 678 724 736 possunt.
802 712 806 717 .

109 744 270 806 (Concuusro.
282 769 313 781 -
326 743 384 793 Cium
398 757 444 794 non
461 744 533 808 possit
549 746 642 808 angelus
659 746 738 799 heatus
751 746 873 811 quidquam

76 814 136 865 rslle
146 815 181 866 rel
192 828 258 877 egere
266 853 272 876 ,
281 814 326 864 nisi
339 815 409 864 Deum
423 815 552 879 attendens,
564 816 604 879 qui
612 819 648 866 est
656 816 706 880 ipsa
716 817 813 881 bonitas,
826 831 872 869 non

74 888 153 950 potest
165 886 239 949 atiquo
253 890 320 950 panto
334 885 452 950 peecare.)

106 957 242 1020 Respondes
254 957 388 1020 dicendum,
402 956 463 1020 qudd
480 958 556 1022 augeli
571 957 633 1008 beati
648 971 743 1022 peccare
756 973 802 1008 non
814 973 873 1024 pos-

73 1030 136 1078 sunt.
158 1029 229 1090 Cujus
242 1028 299 1078 ratio
312 1031 359 1092 est,
376 1028 429 1092 quia
448 1042 527 1078 eorum
540 1029 655 1078 beatitudo
673 1029 697 1077 in
712 1031 755 1081 tuoe
770 1030 874 1080 consistit

71 1098 133 1163 qudd
149 1113 190 1162 per
201 1099 322 1150 essentiam
333 1101 402 1150 [teum
417 1099 503 1151 vident.
515 1099 620 1150 Essentia
631 1103 707 1150 autem
720 1101 760 1150 Dei
776 1106 811 1151 est
822 1105 872 1165 ipsa

73 1171 174 1220 essentia
191 1171 299 1221 bonitatis
314 1187 319 1220 ι
334 1172 394 1222 unde
412 1173 456 1222 hoo
473 1173 539 1222 ruodo
554 1185 579 1222 se
597 1172 667 1222 hahet
680 1172 774 1234 augelus
790 1173 871 1223 ridens

72 1243 146 1292 Iteuru
161 1240 190 1291 ad
206 1241 298 1306 ipsum,
312 1241 370 1293 siout
388 1256 412 1293 se
426 1243 494 1294 habet
508 1241 636 1306 quicunque
652 1257 699 1294 non
712 1243 791 1294 ridens
801 1244 872 1294 Deum

72 1313 101 1362 art
115 1325 258 1364 communem
268 1314 378 1364 rationem
390 1314 453 1365 boni.
465 1314 608 1378 impossibile
624 1316 659 1364 est
673 1318 749 1365 autem
761 1314 822 1378 qudd
831 1315 874 1366 ati·

72 1383 126 1448 quis
142 1385 265 1448 quidquam
279 1385 334 1436 vetit
348 1385 384 1436 uel
400 1390 520 1449 operetur,
534 1385 579 1435 nisi
591 1386 714 1436 attendens
728 1385 756 1434 ad
769 1386 870 1450 bonum,

70 1457 111 1506 vel
119 1454 180 1518 qndd
189 1457 244 1506 retii
252 1457 362 1508 divertere
371 1457 385 1506 tu
393 1457 453 1507 bono
463 1455 604 1520 inquantum
617 1456 749 1520 hujusmodi
762 1457 873 1520 :angelus

71 1527 142 1591 igitur
160 1528 238 1578 beatus
258 1541 305 1578 nou
320 1532 396 1592 potest
410 1528 470 1578 nette
493 1526 531 1578 rel
549 1541 630 1590 agere,
644 1526 690 1577 nisi
705 1527 827 1578 attendens
843 1530 871 1580 ad

70 1601 144 1650 Deum
155 1599 204 1659 ;sio
216 1603 293 1650 autem
302 1600 380 1662 voiono
389 1600 425 1650 uel
437 1613 522 1662 agens,
533 1612 580 1648 non
595 1602 670 1662 potest
678 1611 775 1662 peecare
791 1614 798 1648 ι
810 1601 871 1651 unde

71 1672 168 1734 angelus
180 1671 260 1722 beatus
274 1671 335 1721 nulio
346 1672 410 1722 ruodo
421 1683 515 1735 pensare
525 1674 610 1734 potest.

104 1741 136 1791 nd
149 1741 246 1805 primum
262 1755 314 1804 ergo
325 1742 443 1793 dioeudum
453 1781 459 1802 ,
469 1741 530 1805 quod
539 1742 624 1792 bonum
635 1744 734 1791 creatum
747 1739 772 1790 in
783 1755 808 1791 se
816 1755 871 1795 con·

69 1812 194 1864 sideratum
216 1813 311 1863 deiicere
330 1817 420 1877 potsst;
438 1815 478 1863 sed
497 1826 526 1862 en
543 1812 704 1876 coniunctione
722 1811 824 1876 perfecta
840 1814 870 1864 ad

69 1885 156 1934 bonum
174 1885 299 1936 imreatum
311 1923 317 1945 ‚
329 1885 402 1948 qualis
412 1889 448 1935 est
464 1884 594 1948 conjunctio
609 1884 769 1948 beatitudiuis,
783 1885 869 1950 adipis·

69 1956 130 2006 citur
145 1954 206 2018 quid
221 1969 314 2019 peecare
328 1969 375 2005 non
391 1956 479 2020 possit,
489 1954 575 2005 ratione
586 1955 634 2018 iam
645 1954 715 2004 diott.

102 2027 136 2076 nd
144 2027 269 2078 secundum
283 2025 416 2088 dicendum,
427 2025 487 2090 qudd
500 2025 597 2076 virtutes
610 2025 731 2077 rationales
742 2039 768 2076 se
782 2027 869 2078 habeut

69 2100 99 2148 ad
116 2097 239 2160 opposita,
253 2097 275 2148 iu
290 2097 335 2148 iilis
351 2098 380 2147 ad
397 2109 447 2161 qua
461 2110 508 2146 nou
521 2096 652 2152 ordinantur
670 2096 814 2159 namn-ditem
828 2099 869 2150 aed

69 2172 180 2234 quantum
192 2169 220 2219 ad
231 2169 269 2220 iila
283 2169 373 2233 adque
387 2169 518 2218 naturaiiter
531 2166 675 2226 ordinantur,
687 2180 734 2216 non
745 2181 770 2218 se
783 2169 869 2221 habent

68 2243 99 2292 ad
113 2240 234 2304 opposita:
250 2240 378 2290 intellectus
391 2240 453 2290 enirn
467 2252 515 2290 non
527 2241 604 2302 potest
618 2251 665 2287 non
680 2237 789 2289 essentne
803 2241 868 2302 prin-

68 2312 137 2376 cipiis
157 2311 289 2362 naturaliter
304 2311 377 2374 notis3
392 2314 416 2360 et
434 2309 538 2360 similiter
552 2309 656 2360 uoluntas
672 2322 718 2360 uon
733 2314 808 2373 potest
821 2325 868 2362 non

69 2383 186 2436 adherere
200 2384 258 2432 bono
272 2380 297 2432 in
313 2385 421 2445 quantum
437 2384 472 2432 est
483 2382 585 2440 bonum,
598 2379 653 2443 qnia
664 2378 689 2429 in
704 2381 789 2431 bonum
803 2386 869 2432 natu·

68 2455 148 2506 naliter
157 2454 272 2504 ordinatur
282 2454 341 2504 siout
350 2453 449 2502 insnum
460 2452 582 2516 objectum.
593 2451 703 2502 Voluntas
716 2448 785 2515 igitur
794 2453 870 2517 angeli

68 2541 94 2578 se
106 2527 175 2577 habet
188 2526 216 2575 ad
227 2524 346 2589 opposito,
359 2527 467 2588 quantum
478 2525 507 2573 ad
519 2523 592 2572 multa
604 2522 710 2572 iacienda
722 2523 760 2574 rei
772 2537 819 2574 non
835 2524 870 2574 ia-

66 2597 163 2661 cienda;
176 2597 217 2648 sed
227 2600 335 2659 quantum
347 2596 375 2645 ad
384 2597 459 2659 ipsnru
471 2597 556 2655 Deum,
566 2607 634 2658 quem
643 2594 721 2644 uident
731 2609 781 2647 esse
794 2595 868 2659 ipsam

67 2668 191 2720 ementium
203 2667 322 2730 bonitatis,
334 2681 379 2716 uon
391 2680 416 2716 se
428 2667 514 2717 habent
523 2667 550 2716 ad
565 2667 679 2729 opposita,
688 2667 730 2716 sed
741 2665 866 2718 seeundum

68 2743 145 2806 ipsum
158 2738 273 2790 adomnia
285 2739 425 2802 diriguntur,
438 2739 589 2802 quodeunque
604 2736 761 2802 oppositorum
774 2738 869 2803 eligant,

70 2812 133 2876 quod
149 2812 198 2862 sine
208 2815 300 2874 peccato
311 2813 354 2860 est.

103 2885 135 2932 nd
151 2881 243 2932 tertium
259 2881 391 2944 dicendum,
402 2879 462 2945 qudd
475 2880 573 2930 liberum
587 2877 705 2930 arbitrium
717 2878 750 2930 sio
762 2892 788 2930 sa
801 2881 871 2932 habet

69 2955 99 3006 ad
112 2953 241 3018 eligendum
257 2965 283 3004 es
293 2966 344 3017 qua
355 2953 446 3004 suntad
463 2953 544 3016 tinem,
556 2951 615 3004 sicut
626 2963 652 3002 se
659 2951 730 3006 ornet
740 2950 870 3004 intellectus
