1992 3342
126 272 173 329 462
335 279 398 317 arna
409 279 429 329 ι,
440 278 533 323 nnasn.
551 277 609 323 aaa,
626 276 683 315 aar.
700 276 718 313 r,

124 358 243 411 individua
258 356 393 418 masmana.
402 371 417 401 u
427 354 518 418 Sierpo
533 356 586 403 sunt
599 354 677 417 plures
685 351 823 417 personnis
837 351 931 416 divim,

125 428 228 495 seqnitur
238 426 299 492 quod
309 426 356 479 sint
366 426 444 490 plures
451 424 586 477 mistantie
598 440 603 473 :
616 424 677 487 quod
687 423 779 475 uidetur
787 424 931 475 hereticum.

158 505 183 553 i.
196 501 324 562 praterea,
338 497 458 562 pluralitas
471 496 640 561 proprietatum
652 494 807 545 absolutamnr
821 509 869 547 non
880 496 934 547 iacit

125 570 297 625 demostenen
314 583 482 635 personarum,
499 582 575 633 neque
595 566 619 616 in
637 568 697 629 ileo,
712 581 788 631 neque
800 566 826 617 in
842 568 910 619 nohis
926 583 932 616 :

126 641 198 693 multo
213 641 283 705 igitur
293 640 371 691 minius
388 640 506 705 pluralitas
521 639 670 691 relationum.
683 639 729 689 Sel
742 638 768 688 in
779 640 828 690 ileo
842 652 891 691 non
900 643 936 689 est

127 718 173 771 alie
180 718 303 782 pluralitas
314 718 361 769 nisi
373 717 525 778 relationum,
535 719 561 767 ut
572 714 641 779 supra
652 714 738 765 dietum
750 717 788 767 est
802 730 809 765 ι
823 727 881 778 ergo
889 728 936 765 unu

127 794 204 855 potest
215 789 262 840 nini
275 788 337 854 quiri
349 789 375 840 in
387 791 434 841 [teo
446 788 494 840 siut
505 788 583 851 plures
597 800 709 851 persone.

161 866 184 911 a.
194 864 325 926 emtorea,
339 861 428 913 boetius
445 859 501 912 uel
517 860 545 920 (le
563 860 610 910 ileo
626 860 722 923 loquens
734 856 778 923 (l),
791 856 854 921 quoe
869 876 884 907 «
894 860 939 910 luno

128 930 184 983 uere
196 946 268 983 unum
283 938 333 997 est,
347 933 374 983 iu
390 946 437 996 quo
448 931 526 981 nullus
538 933 574 981 ost
592 943 710 983 numerus.
730 944 745 976 »
759 930 806 981 Sed
818 930 940 993 pluralitas

131 1004 242 1070 importat
254 1018 375 1055 numerum
390 1016 461 1066 :erpo
474 1016 522 1053 uon
535 1006 589 1053 suut
601 1002 679 1067 plures
689 1014 793 1065 persone
807 1000 939 1053 indivisis

163 1079 187 1126 t.
198 1076 328 1139 Praeterea,
338 1074 468 1138 ubieunque
479 1078 515 1125 est
524 1087 648 1137 numerus,
661 1071 694 1123 ini
702 1075 737 1126 est
746 1075 821 1123 totum
831 1077 858 1125 ot
867 1087 921 1139 pars
932 1090 938 1123 z

132 1146 154 1198 si
169 1146 241 1211 igitm
251 1147 277 1197 in
290 1148 337 1199 ileo
349 1146 380 1198 sit
391 1159 501 1197 uumerus
515 1158 678 1211 personarum,
693 1143 776 1195 onitin
790 1146 838 1195 iteo
852 1159 940 1210 ponere

130 1221 204 1271 totum
217 1223 242 1269 et
254 1222 362 1283 partem,
375 1218 438 1281 quod
449 1216 591 1281 simplicitati
609 1215 695 1269 divine
708 1220 830 1279 repugnat.

164 1290 211 1341 Sed
225 1294 305 1341 watra
318 1292 369 1352 est,
379 1288 442 1353 quoi
455 1288 511 1339 dicit
527 1287 664 1341 immanius
678 1302 684 1337 :
700 1304 714 1335 «
725 1287 776 1339 ilia
787 1291 824 1340 est
842 1302 939 1353 persona

133 1361 208 1413 Patris
217 1400 226 1426 ,
237 1363 283 1412 alia
293 1361 359 1425 Filii,
367 1360 412 1411 alia
424 1359 524 1424 Spiritus
534 1358 617 1410 saneti.
625 1375 639 1406 »
651 1360 711 1422 Ergo
722 1360 790 1409 Pater
801 1363 825 1409 et
834 1360 907 1411 Filius
916 1366 940 1411 et

133 1432 231 1497 Spiritus
238 1436 392 1483 mnotmsunt
401 1432 480 1496 plures
489 1444 604 1495 persona.

165 1505 318 1569 (sermnem.
325 1530 357 1541 -
365 1503 423 1555 (iam
432 1502 458 1552 iu
468 1501 554 1553 (livinis
563 1501 610 1553 siut
619 1502 697 1566 plures
705 1514 742 1551 res
754 1500 907 1553 subsistentes
915 1502 940 1552 in

134 1574 212 1625 dimna
225 1578 323 1638 natura,
336 1575 415 1638 plures
426 1586 517 1639 quoque
530 1586 640 1639 personas
651 1572 685 1621 ihi
699 1585 750 1623 esse
762 1585 859 1624 necesse
870 1574 925 1639 est.)

166 1646 302 1709 impondeo
313 1645 449 1708 luendum,
457 1643 518 1709 quod
529 1646 607 1709 plures
616 1656 666 1694 esse
677 1656 786 1707 personas
796 1643 822 1693 in
833 1645 934 1711 divinis,

134 1716 237 1781 sequitur
246 1730 274 1767 er
283 1717 415 1780 promissis.
424 1718 547 1767 &tensum
555 1719 590 1767 est
598 1714 791 1781 enimsuprt(qu.
803 1720 844 1779 ae,
854 1722 898 1767 art.
909 1718 941 1783 i),

135 1786 196 1851 quod
210 1788 255 1837 hoo
269 1800 362 1851 nomen,
378 1803 498 1853 persono,
509 1787 630 1855 ,signifieat
648 1786 673 1835 in
688 1785 773 1837 diuinis
790 1787 942 1852 relationem,

134 1862 219 1909 utrem
227 1858 389 1911 subsistentem
397 1860 423 1910 in
431 1863 514 1923 natura
525 1857 694 1923 diuina3supri
702 1861 781 1908 autem
791 1858 900 1910 habitum
910 1864 944 1911 est

134 1930 185 1996 (qu.
196 1933 237 1994 2¹1,
245 1934 289 1981 art.
301 1936 326 1994 l,
339 1931 396 1996 eto.)
409 1931 476 1997 sputi
492 1935 546 1982 sunt
557 1932 634 1997 plures
646 1929 771 1981 relationes
786 1931 862 1982 reales
874 1932 900 1983 in
911 1932 945 1982 di·

135 2001 197 2053 uinis
208 2017 215 2051 ε
225 2003 286 2053 uurle
296 1970 470 2069 sepultusqultd
481 2002 527 2053 sint
538 2002 614 2067 plures
622 2015 660 2052 res
669 2001 820 2053 subsistentes
830 2002 857 2053 in
867 2004 944 2055 diviua

136 2076 231 2137 natura,
243 2077 268 2124 et
277 2076 321 2126 hoe
329 2077 365 2133 est
384 2088 433 2125 esse
446 2074 524 2139 plures
534 2088 644 2138 personas
657 2073 682 2124 in
695 2072 788 2123 divinis.

169 2146 204 2196 ld
212 2145 311 2209 primunr
319 2154 374 2209 er'go
384 2146 519 2209 dicendum,
530 2144 589 2210 qued
596 2144 746 2207 ,substantio
756 2159 803 2197 non
814 2146 912 2211 ponitur
920 2148 944 2197 in

136 2214 274 2267 ‹lilllnitione
288 2216 393 2282 persona
408 2215 535 2267 seeundim
551 2216 611 2281 quod
624 2216 739 2280 signifieat
751 2216 892 2283 essentiam,
905 2219 944 2270 sed

136 2287 261 2338 meandum
272 2290 334 2353 quod
348 2288 463 2352 sanificat
475 2289 618 2355 suppositum
629 2288 663 2353 (t)
677 2304 683 2338 :
698 2289 760 2353 quoi
779 2293 845 2353 patet
858 2304 889 2341 ex
901 2293 945 2341 hoe

170 2431 202 2494 (l)
217 2436 336 2493 colligitur
348 2448 378 2481 ex
392 2436 453 2494 libro
468 2439 480 2483 1
493 2438 530 2483 De
549 2436 685 2486 Trinitote,
697 2440 751 2483 ante
764 2436 887 2496 medinm,
903 2438 943 2483 ubl

138 2495 188 2540 alt:
203 2497 268 2542 Deus
280 2498 296 2542 d
306 2498 378 2543 sollo
390 2498 487 2558 differt,
497 2511 541 2545 neo
552 2498 590 2544 oet
603 2498 770 2545 accidentibus
784 2498 822 2544 oei
833 2500 947 2546 iubatos·

137 2556 238 2604 stottona
247 2559 395 2619 differentiis
404 2564 433 2607 in
442 2562 549 2618 subjecto
554 2562 643 2621 positia
654 2561 737 2609 diatot.
748 2562 793 2607 Uli
801 2564 862 2609 uerti
873 2563 948 2608 stolia

140 2618 296 2678 differentia,
305 2624 378 2669 nollo
387 2624 424 2670 toi
437 2625 537 2669 omnino
549 2621 702 2682 pluraliter,
713 2637 789 2683 quare
801 2638 846 2671 ater
859 2639 948 2671 nume-

138 2694 192 2727 ros.
210 2684 294 2741 latter
303 2688 388 2731 unitos
404 2686 643 2735 pontemollem
658 2686 722 2744 quod
736 2688 807 2733 terlio
822 2690 949 2747 repetitor

137 2745 217 2798 Dese,
230 2751 278 2793 tres
291 2750 396 2795 sanitates
408 2762 458 2795 sos
468 2750 567 2809 sactum
577 2750 763 2811 pluralitatem,
775 2754 820 2797 ete.

171 2814 204 2877 (Ξ)
217 2820 288 2863 Prout
305 2818 393 2877 integri
409 2826 433 2866 et
448 2819 557 2877 specilici
574 2822 742 2880 significatione
761 2822 890 2883 aoeipitur,
906 2836 950 2868 seu

137 2889 192 2923 eum
202 2880 315 2936 adiuncto
327 2882 368 2929 illo
381 2883 532 2935 individuo,
545 2891 571 2929 ut
584 2897 638 2931 mox
649 2900 655 2927 ι
671 2884 759 2941 alioqui
773 2885 871 2941 precius
890 2886 950 2931 συὸ-

137 2944 230 2990 ernasto
247 2943 372 2989 mannaim
390 2947 522 3002 peaerioam
540 2952 564 2993 et
582 2947 747 3003 incompletam
766 2948 890 2993 notionem
910 2962 952 2995 ao·

138 3008 220 3064 cepta,
235 3005 259 3050 iu
272 3005 352 3052 eadem
366 3019 471 3064 persone
484 2996 617 3057 definitione
629 3010 725 3068 ponitur
738 3016 765 3057 ut
777 3010 922 3057 abstrahens
936 3012 951 3057 i
