1992 3342
119 255 165 305 tta
279 252 283 258 '
323 263 383 303 rans
398 260 421 314 s,
436 259 529 309 cunr.
546 258 591 313 ra,
610 257 664 301 aar.
679 257 715 301 rs.

119 341 209 394 remoti
221 341 348 404 liliatione,
356 352 402 390 uon
410 344 512 391 remanet
521 338 651 405 hypostasis
661 334 715 389 ruti
721 376 729 404 ,
738 341 763 390 et
774 336 855 391 eadem
864 341 922 406 patio

121 418 157 465 cst
172 414 201 465 de
217 413 267 464 aliis
278 412 393 478 personis.

151 485 161 552 (
168 488 311 537 Cosmusro.
319 512 349 522 -
357 484 480 536 hbstructis
492 484 561 535 totali
572 484 722 537 abstractione
734 484 923 549 proprietalibus,

121 560 168 612 sola
181 558 282 610 essentia
298 561 322 609 et
331 570 378 607 non
388 570 494 622 persona
506 560 636 617 remuueut;
651 556 741 607 iormali
751 556 807 609 serb
823 558 922 608 abstrac-

120 633 182 683 tione
195 628 499 694 abstractisproprietatibus
508 643 555 679 nou
564 627 733 694 personalibus,
741 633 862 679 remanent
872 642 924 693 per·

120 717 195 766 sona,
206 704 247 753 sed
260 701 382 753 abstractis
392 700 482 753 turmali
490 700 641 753 abstractione
651 701 811 765 personatibus
819 703 924 767 proprie·

121 775 219 839 tatibus,
233 787 280 825 non
291 777 411 825 mmauent
428 772 590 837 hypostases.)
668 796 671 803 ·

152 847 286 911 hespondeo
300 845 419 897 mudum
426 883 436 909 ,
449 844 510 909 publ
526 846 611 909 duplex
623 846 654 895 sit
667 845 793 895 abstractio
806 859 849 909 per
858 846 925 898 intel-

120 919 205 969 lectum
215 935 221 969 :
232 918 388 983 conquinisce,
399 915 524 969 securmhm
536 914 597 981 qubd
609 917 738 968 uniuersale
752 919 899 970 abstrahitur
915 921 926 971 'a

121 991 269 1055 particulari,
282 994 308 1041 ut
321 989 406 1041 animm
424 989 453 1039 ab
465 989 571 1053 hominm
586 989 631 1040 alia
648 988 704 1039 narb
718 990 847 1041 secundiani
865 992 925 1057 qubd

122 1063 194 1115 torma
206 1063 342 1115 abstrahitur
353 1060 367 1112 a
377 1062 480 1125 mamria,
491 1061 550 1111 aaut
560 1060 633 1111 tonna
642 1061 721 1111 circuli
734 1062 876 1114 abstrahitur
887 1078 928 1130 per

121 1137 263 1188 intellectum
272 1136 301 1186 ab
312 1135 374 1186 omni
385 1134 483 1185 materia
490 1133 596 1184 sensibili
603 1132 647 1198 (t).
661 1134 724 1184 luter
733 1134 776 1184 bas
787 1139 868 1185 auteur
877 1138 928 1187 abs·

128 1208 254 1261 tractiones
263 1209 313 1261 hec
322 1212 360 1259 est
368 1205 509 1269 doenum,
524 1204 585 1269 qubd
597 1206 622 1255 iu
636 1205 848 1271 abstractioueque
857 1209 886 1259 m
894 1223 929 1260 se·

126 1280 224 1331 caudium
237 1279 366 1332 uniuersale
384 1282 408 1330 et
424 1278 575 1343 particulare,
586 1290 638 1329 uou
650 1282 753 1327 remanet
767 1277 792 1327 iu
808 1279 929 1333 intellectu

125 1352 149 1403 id
162 1352 269 1417 aquom
284 1350 406 1401 abductio
417 1366 424 1400 ι
436 1348 525 1401 remoti
533 1349 593 1401 cuim
605 1349 633 1400 ab
644 1349 737 1400 bomine
748 1350 884 1404 differentia
894 1367 929 1403 ra·

125 1424 219 1487 bonati,
232 1436 279 1475 nou
292 1426 395 1475 remanet
406 1422 431 1473 iu
443 1422 560 1473 intellectu
571 1420 656 1480 dmnu,
672 1420 713 1472 sed
722 1420 807 1471 solum
819 1424 928 1475 am‘mol.

126 1496 154 1545 ln
166 1495 319 1545 abstractione
330 1492 387 1546 verb
400 1507 452 1558 quar
461 1492 591 1545 recuditur
604 1491 730 1543 secuudbm
739 1492 839 1545 iorruam
855 1493 871 1546 a
884 1510 931 1547 una·

124 1567 192 1631 teria,
201 1570 324 1631 utrumqm
336 1566 445 1617 numetis
454 1565 572 1619 intellectu
584 1580 589 1615 :
600 1564 752 1615 abstrahendo
760 1565 827 1615 euim
835 1567 930 1618 immam

125 1637 204 1687 circuti
214 1638 242 1689 ab
251 1650 297 1688 ere
303 1673 313 1700 ,
325 1641 429 1688 remanet
445 1650 548 1688 scoram
559 1635 584 1687 in
597 1634 716 1685 intellectu
727 1640 807 1687 nomm
825 1642 850 1688 et
861 1638 930 1690 iutel-

125 1708 200 1759 lectus
208 1708 287 1758 circuli
296 1712 320 1758 et
327 1708 459 1759 intellectus
469 1709 528 1761 aris.
541 1708 649 1767 ocensis
663 1711 740 1757 armus
749 1707 775 1757 in
785 1708 873 1761 dirime
886 1724 930 1762 nou

126 1779 157 1829 sit
169 1778 299 1829 uniuersale
312 1792 386 1844 nepus
397 1780 542 1844 particulare,
552 1792 595 1829 nec
608 1778 713 1829 formast
724 1778 821 1830 materia
831 1818 839 1843 ,
850 1795 933 1833 seeun-

126 1848 181 1901 dirm
196 1862 260 1913 rem,
271 1855 350 1902 mareu
362 1850 487 1902 secundinus
499 1852 593 1903 modum
605 1850 747 1915 dgnidmudi
755 1852 878 1905 iuuenilem
889 1854 929 1905 ali

126 1934 172 1985 qua
184 1920 308 1973 similitudo
319 1923 400 1974 horum
411 1922 435 1971 in
447 1921 541 1979 diviuisr
560 1920 687 1974 secundam
700 1936 770 1985 quem
781 1926 878 1976 modum
889 1928 933 1977 lia·

126 2006 247 2044 ruaseeuus
261 1992 333 2057 dicit,
344 1992 406 2058 pubd
423 2006 565 2046 «commune
579 1998 617 2043 est
638 1994 779 2059 substantia,
794 1998 931 2060 particulare

127 2065 182 2118 verb
193 2065 334 2131 hypostasis.
349 2082 364 2113 a
380 2065 488 2129 stipites
497 2066 615 2130 loqrramur
628 2067 656 2117 de
669 2066 826 2119 abstractione
840 2084 893 2135 qua
909 2071 931 2120 tit

129 2136 254 2188 secundirm
264 2136 395 2189 uniuersale
406 2141 432 2188 et
439 2138 574 2203 particulare
582 2176 591 2202 ,
602 2138 698 2189 remotis
708 2140 891 2205 proprietatibus
898 2156 932 2193 re

129 2210 236 2261 manetin
247 2210 365 2261 intellectu
381 2211 480 2261 essentia
493 2211 630 2275 communis,
645 2225 690 2263 uon
703 2216 780 2264 aulem
796 2214 932 2279 hypostasis

128 2281 217 2346 Patn's,
227 2296 278 2347 qua
294 2285 330 2334 est
340 2281 407 2345 quasi
419 2282 564 2347 particulare.
576 2282 600 2332 Si
608 2282 664 2335 serb
677 2284 796 2348 loquamur
805 2288 933 2339 murdim

130 2353 221 2403 modum
235 2352 393 2405 abstractionis
410 2354 488 2405 forme
501 2353 633 2418 amataria,
643 2355 736 2407 remotis
753 2357 933 2421 pmprietetlbos

130 2435 176 2474 nou
188 2426 361 2489 personalibus,
376 2429 479 2477 remanet
492 2425 624 2477 intellectus
641 2428 795 2493 hypostaseon
815 2433 841 2481 et
852 2445 932 2496 perso

164 2548 197 2612 (1)
212 2554 289 2606 Qualis
301 2555 385 2601 dminus
398 2568 426 2602 sa
441 2563 497 2614 enar·
513 2554 612 2603 affichni
626 2558 777 2615 qualitatibus
794 2560 934 2618 cuicumque

131 2615 208 2659 sensui
220 2628 263 2673 per
273 2628 299 2661 ee
312 2619 432 2672 eburiise
441 2624 537 2669 ut‘suut
550 2622 640 2667 coleres
649 2620 726 2679 quoad
735 2622 823 2682 uisum,
834 2636 932 2681 sapores
987 2660 988 2663 ,

131 2678 207 2731 quand
218 2683 322 2736 gustum,
338 2681 409 2738 trigue
422 2687 446 2726 et
454 2682 518 2730 calor
530 2683 607 2739 quoad
618 2689 714 2743 tactum,
727 2690 774 2729 etc.
783 2686 829 2730 Per
838 2688 934 2745 opposi-
987 2724 988 2729 ,

130 2743 180 2809 tum
194 2738 222 2783 ad
236 2744 364 2787 murinae
374 2744 558 2801 semispatham
575 2758 627 2803 que
640 2748 722 2792 subest
734 2748 823 2793 tautdm
840 2750 935 2805 quanti·

131 2806 191 2855 tan,
206 2812 251 2872 uec
263 2813 357 2851 mrum
364 2817 411 2861 per
421 2818 447 2852 se
459 2806 552 2858 afficere
562 2814 654 2870 potest,
670 2810 710 2855 sed
721 2821 765 2867 per
777 2810 868 2856 medias
882 2818 933 2859 tnn-
987 2834 988 2839 =

131 2868 180 2906 tum
188 2863 314 2937 coabbates
324 2879 376 2923 prro
383 2869 510 2928 trembilos
521 2872 674 2929 appretiantur.
688 2872 753 2917 Unde
763 2874 860 2919 remotis
871 2876 935 2932 olus·
987 2870 988 2913 ἒ

133 2923 195 3034 ἶφι
208 2926 356 3039 ”ambulantum
369 2931 524 2988 qualitatibus
534 2934 564 2982 ab
577 2934 694 2984 mucltectn
712 2936 801 2985 tautum
814 2936 867 2988 hmo
881 2948 932 2987 tnr-

159 2998 192 3031 rra
206 2998 294 3048 percipi
331 3022 341 3040 ,
987 3012 988 3047 t
