1992 3342
134 213 181 269 tto
323 222 383 260 rans
397 222 417 272 r,
432 220 525 267 panem
542 218 611 271 mlv,
629 220 682 259 aar.
699 220 733 259 ιε.

135 300 189 351 dnn
202 298 354 363 generationis
369 302 406 348 εει
425 293 498 349 forma
510 298 618 361 generati.
634 296 680 347 Sed
699 298 762 347 Dens
779 298 815 345 est
832 294 936 359 primum

135 383 206 431 agens
219 372 318 420 ornnlnm
333 384 339 418 ε
353 382 399 419 non
412 382 466 431 ergo
481 372 517 419 εει
530 380 598 417 musa
612 368 688 417 finalis
699 366 811 417 omnium.

168 446 192 492 t.
208 443 333 500 Praeterea,
344 440 413 491 duem
424 440 499 491 omnia
517 442 636 503 appetunt.
652 439 695 489 Sed
709 440 781 489 ileum
794 451 842 487 nou
857 436 937 488 omnia

136 516 258 577 appetunt,
271 512 324 576 qnia
335 526 408 576 neque
417 512 491 562 emnia
502 512 576 577 ipsum
585 514 734 574 cognoscunt.
743 510 808 560 Deus
819 524 877 575 ergo
889 522 936 559 non

135 588 172 634 εει
191 585 293 633 emnium
305 583 366 633 linis,

169 658 191 704 ι.
204 655 332 719 Praeterea,
349 654 424 705 llnalis
440 667 509 704 eausa
528 657 565 703 εει
582 654 657 717 prima
675 665 804 703 causarum.
825 652 852 703 Si
867 652 937 716 igitur

137 727 200 777 neus
213 725 245 774 sit
255 738 324 775 musa
342 738 411 788 agens
424 729 449 775 et
464 738 533 775 cansa
543 724 628 787 finalis,
641 724 742 788 seqrritnr
751 722 814 788 qubd
824 724 851 773 in
866 738 895 775 en
908 724 937 773 sit

137 796 200 860 prius
212 800 237 846 ει
248 797 361 861 postcom
371 812 378 847 ε
390 796 451 860 qnod
460 801 496 847 est
505 796 651 861 impossibile.
703 848 704 855 ,

170 868 215 919 sed
236 873 311 918 centn
333 873 368 919 est
385 870 444 933 qnod
466 868 547 917 dicitur
566 866 682 917 Propero.
702 866 754 917 lllll
768 882 805 916 :c
824 866 936 917 Universa

136 942 229 1003 propter
245 940 390 1004 semetipsum
403 943 509 1004 operatus
517 943 554 990 est
572 938 718 989 Dominus.»

170 1012 328 1069 (concinere.
339 1010 433 1063 -ntun
443 1012 507 1061 Dens
515 1011 545 1061 ait
553 1011 650 1075 primurn
659 1022 737 1073 agens,
746 1010 835 1075 primm
846 1023 935 1075 quoqne

137 1082 190 1133 tlnis
202 1084 303 1134 emnium
313 1082 440 1133 necessario
453 1085 511 1145 εει.)

168 1154 302 1217 Respondeo
311 1153 445 1217 dicendum,
456 1153 518 1218 qndd
528 1164 595 1204 omne
605 1166 674 1216 agens
684 1154 729 1217 agit
737 1156 833 1217 propter
845 1152 916 1205 linem
927 1168 933 1198 ι

137 1224 239 1287 abequin
252 1238 282 1275 ει
295 1225 383 1275 actione
403 1224 491 1286 agentis
506 1238 551 1275 non
569 1224 640 1287 magis
658 1227 791 1287 sequeretur
808 1226 855 1285 linc
870 1224 935 1289 quam

136 1295 200 1360 illud,
210 1296 253 1345 nisi
267 1296 293 1346 in
300 1308 353 1345 casn
365 1312 371 1345 :
385 1299 420 1345 εει
429 1298 506 1346 annm
518 1295 577 1346 idem
590 1295 641 1345 linis
653 1296 740 1359 agentis
753 1298 776 1346 et
785 1296 897 1360 patientis
911 1295 935 1343 in

136 1369 246 1431 mntem
257 1366 401 1430 hujusmodi3
417 1367 458 1416 sed
471 1367 535 1416 ubter
548 1370 571 1417 ει
584 1366 659 1425 alitem
673 1374 743 1415 unum
762 1366 825 1416 enim
840 1370 864 1417 et
876 1367 934 1417 idem

137 1443 172 1490 εει
184 1439 243 1503 quod
256 1451 326 1501 agens
339 1438 436 1489 intendit
448 1438 592 1502 imprimere,
606 1440 630 1487 et
647 1437 707 1500 qnod
724 1436 817 1500 patiens
840 1437 935 1489 intendit

137 1511 253 1575 recipere3
268 1515 321 1561 snnt
333 1513 410 1561 ιειειε
429 1511 532 1573 quadam
545 1522 596 1573 pne
611 1508 680 1559 simul
695 1512 765 1572 agunt
782 1513 807 1559 et
819 1510 936 1575 patiuntur

138 1581 207 1646 (nno
221 1584 274 1631 sunt
286 1581 377 1643 agentia
388 1582 535 1644 imperfecta)
546 1596 553 1644 ;
565 1580 634 1631 ethis
644 1580 749 1631 conuenit
758 1580 901 1644 qnbdetiam
913 1580 936 1629 iu

139 1653 225 1716 egendo
238 1652 355 1702 intendant
365 1652 450 1716 aliquid
462 1652 587 1715 requirere.
598 1652 645 1702 Sed
654 1650 730 1715 prime
742 1654 834 1715 agenti,
850 1653 891 1717 qui
903 1654 936 1701 est

139 1735 209 1786 agens
224 1722 328 1783 tantiam
342 1736 389 1773 non
399 1724 507 1773 convenit
521 1736 587 1786 agere
604 1726 696 1787 propter
709 1724 884 1786 acquisitionem
899 1721 936 1773 ali·

140 1794 206 1857 cnjus
214 1793 275 1851 linis,
283 1795 322 1845 sed
332 1794 430 1844 intendit
439 1792 513 1844 solium
521 1794 687 1845 communicare
698 1808 763 1844 suam
771 1794 936 1858 perfectionem

141 1879 192 1930 qnae
205 1865 300 1929 catejas
312 1866 410 1916 bonitas.
425 1867 456 1916 Et
472 1878 615 1929 unaquaeque
626 1870 729 1915 creatura
741 1864 842 1915 intendit
858 1881 936 1918 cense-

141 1935 181 1999 qui
196 1948 260 1985 suern
270 1936 447 1999 perfectionem,
459 1950 511 2000 qnae
522 1941 557 1987 est
570 1937 692 1987 similitudo
705 1936 855 1999 perfectionis
869 1943 892 1989 et
900 1940 938 1989 bc

142 2006 220 2057 nitatis
230 2007 323 2057 divine.
333 2008 372 2057 Sic
382 2020 436 2071 crgo
445 2008 619 2059 diviuabnnitas
627 2011 662 2059 est
676 2007 728 2066 linis
737 2020 814 2057 rerum
828 2010 935 2060 emnium.

174 2079 208 2128 nd
220 2078 316 2143 primurn
327 2093 381 2143 ergo
394 2080 527 2143 dicendum,
539 2079 600 2144 qnbd
611 2092 677 2143 agere
689 2082 779 2143 propter
789 2079 937 2145 indigentiam

143 2162 190 2200 non
203 2154 238 2201 εει
247 2148 291 2199 uisi
302 2150 389 2213 agentis
401 2149 538 2215 imperfecti,
551 2151 611 2214 quod
624 2154 700 2200 natum
716 2155 751 2201 est
762 2164 830 2213 egere
845 2156 869 2201 ει
877 2154 935 2217 pati;
982 2198 983 2201 ,

144 2223 185 2271 sed
195 2223 239 2272 hnc
253 2224 302 2272 Deo
312 2235 359 2271 non
372 2222 489 2285 competit.
503 2223 533 2272 Et
548 2222 599 2272 ideo
612 2222 662 2286 ipse
676 2223 736 2272 solus
751 2226 786 2272 est
799 2224 899 2274 maximi
911 2224 938 2273 li·
982 2230 983 2289 j

143 2291 238 2355 beralis,
254 2293 307 2357 quia
325 2306 371 2343 non
391 2294 438 2356 agit
455 2298 547 2357 propter
563 2308 627 2345 suam
646 2292 784 2355 utilitatem,
802 2295 844 2344 sed
868 2294 937 2345 solim
982 2318 983 2393 p

144 2370 235 2429 propter
247 2379 311 2416 suam
323 2365 455 2415 bonitatem.
982 2396 983 2417 r

176 2437 210 2487 nd
225 2437 347 2487 secundnm
359 2436 493 2499 dicendum,
502 2434 562 2501 quod
576 2436 649 2486 forma
663 2435 763 2499 generati
775 2448 823 2487 nnn
838 2442 874 2489 cst
887 2436 936 2488 finis
982 2422 983 2461 t

145 2507 304 2572 generationis,
315 2507 359 2557 nisi
370 2506 395 2556 in
404 2512 513 2570 quantum
524 2510 559 2557 est
572 2506 694 2558 similitudo
704 2508 783 2557 lenna
798 2509 935 2569 generantis,
982 2504 983 2533 l

145 2580 205 2643 qnod
222 2592 286 2628 snam
303 2577 475 2628 similitudinem
491 2579 657 2631 communicare
673 2578 783 2641 intendit;
795 2578 856 2629 alias
869 2579 937 2630 torma

145 2648 248 2714 generati
264 2652 325 2699 esset
343 2648 439 2699 nobilior
454 2652 588 2713 generante,
600 2649 652 2701 edm
669 2649 722 2699 linis
742 2649 772 2699 sit
791 2650 891 2701 nobilior
902 2649 936 2700 bis
982 2650 983 2671 l

146 2734 197 2783 qnae
211 2719 305 2768 suntad
319 2720 395 2769 linem.

178 2790 213 2839 nd
224 2790 313 2839 eninm
322 2790 442 2842 dicendum
451 2830 458 2855 ,
467 2790 528 2855 pndd
537 2792 612 2843 omnia
624 2796 732 2857 appetunt
744 2793 815 2841 licum
825 2794 853 2841 nt
864 2791 935 2853 linem,

147 2860 274 2923 appetendo
284 2860 435 2924 quodcunque
444 2863 539 2922 benum,
549 2864 597 2914 sire
611 2864 711 2929 appetita
724 2861 879 2925 intelligibili,
893 2863 936 2913 sire

147 2930 265 2993 sensibili,
280 2929 329 2980 sire
348 2932 458 2996 naturali,
471 2932 512 2997 qni
527 2938 562 2986 est
580 2934 631 2987 sine
648 2934 793 2999 cognitione3
812 2933 868 2997 quia
884 2932 936 2983 nibil
