1992 3342
134 250 181 297 tw
330 257 392 295 raas
404 257 427 307 r,
443 257 621 307 consumam,
637 256 692 295 aur.
708 256 727 293 r.

136 334 230 387 lPatre
242 334 324 385 missus
341 333 414 384 estin
430 333 539 384 mundum
557 346 600 396 per
613 337 750 398 assumptam
769 336 930 401 ermemiri

134 420 226 471 semper
234 406 278 456 fuit
289 403 411 455 menalium
420 402 588 469 nummum.)

167 476 300 542 Respondeo
313 475 445 538 moenium,
459 473 519 539 quon
529 474 555 523 iu
563 475 651 527 ratione
662 476 779 526 missionis
788 476 834 528 duo
844 478 930 543 impor-

137 553 214 601 tantur
227 565 233 598 :
249 561 344 612 quornm
355 560 425 597 unum
436 552 470 599 est
482 546 590 598 habitudo
600 547 661 599 missi
677 548 707 597 ad
722 560 776 599 ιιιι
790 547 804 597 l
817 563 866 612 quo
879 550 930 599 mit-

136 622 204 683 titnr3
217 618 278 670 aiud
290 622 324 669 est
333 618 442 670 habitudo
451 618 514 669 missi
529 618 557 669 au
567 617 690 669 terminum
705 618 736 667 aul
744 632 814 683 quem
826 620 930 671 mittitur.

137 693 318 742 Periocautem
328 689 389 754 quod
397 691 478 755 aliquis
487 690 735 751 mittitur,ostenclitm
745 691 932 756 processionum·
981 708 982 743 ι

140 762 192 813 ulum
203 762 266 812 missi
278 761 291 812 l
302 762 421 813 mittente:
432 763 469 812 uel
481 762 607 813 secundim
616 762 749 826 imperium,
759 761 819 813 sicut
829 763 933 813 dominus
981 766 982 769 ’

139 833 210 885 mittit
219 833 499 898 seruum3relsecuudium
513 833 631 884 consilium
639 872 646 894 ,
655 836 680 882 ιι
693 832 713 883 sl
726 832 875 885 consiliarius
883 834 934 885 mil-

137 911 186 958 tere
199 906 285 955 dicatur
297 919 372 969 regem
386 906 414 957 ad
425 905 564 968 bellandum
579 906 617 955 uel
629 904 756 955 secundim
767 905 899 969 originem,
911 909 933 955 ut

139 978 160 1029 ai
170 977 256 1029 dicutur
266 976 326 1041 quel
336 977 377 1027 llos
388 976 496 1027 emittitur
505 977 534 1026 alr
548 976 636 1027 arbore.
647 976 779 1027 Ostenditur
788 976 861 1027 etiam
872 978 935 1028 lunil-

137 1048 194 1099 ludo
209 1049 237 1099 ad
247 1047 367 1099 terminum
378 1048 482 1111 atquem
492 1047 607 1111 mittitur,
620 1052 647 1099 ιι
656 1044 732 1111 aliquo
744 1048 814 1099 modo
830 1048 867 1098 ibi
888 1062 933 1099 esse

136 1120 246 1185 incipiam
259 1120 298 1171 rel
308 1119 362 1183 quia
374 1118 437 1183 priis
449 1120 482 1169 mi
494 1119 586 1170 omnino
596 1133 643 1171 non
653 1122 702 1169 erat
714 1117 763 1183 quo
774 1118 886 1183 mittitur,
901 1120 934 1171 rel

139 1193 193 1257 quia
207 1192 288 1257 incipit
303 1191 335 1242 ibi
347 1192 422 1255 aliquo
435 1193 502 1242 modo
515 1204 564 1241 esse
576 1204 621 1255 qno
635 1190 700 1255 priis
711 1204 759 1240 non
777 1196 836 1241 erat.
861 1190 935 1242 llissio

139 1261 208 1327 igitur
220 1264 301 1314 diuina
318 1276 421 1328 personae
434 1263 557 1313 conuenire
569 1265 658 1327 potest,
673 1261 799 1321 secantium
812 1261 877 1325 quod
890 1262 935 1313 im-

139 1338 217 1399 portat
233 1348 261 1385 ex
270 1347 316 1384 una
331 1337 396 1398 parte
412 1333 579 1398 pmoessionem
592 1332 710 1396 originis'a
724 1334 847 1397 mittente,
861 1337 885 1385 et
898 1346 936 1382 se-

141 1404 241 1456 cundum
253 1404 313 1470 quod
326 1404 433 1468 importat
444 1418 473 1456 ex
488 1404 534 1455 alia
543 1408 607 1469 parte
620 1417 704 1454 norum
716 1404 811 1455 modum
824 1404 937 1455 existendi

141 1476 166 1526 in
183 1476 228 1527 alio
241 1492 247 1526 :
262 1476 321 1527 sicum
333 1476 402 1525 lilius
414 1475 498 1526 dicitm
508 1489 557 1527 esse
572 1475 654 1525 missus
665 1474 679 1524 l
690 1477 756 1525 Patre
768 1474 794 1525 iu
812 1476 937 1537 mundum,

141 1546 267 1597 secuudum
276 1544 337 1610 quot
345 1546 441 1611 incoepit
449 1560 499 1597 esse
510 1546 536 1597 in
544 1546 628 1597 mundo
636 1560 678 1610 per
686 1558 779 1596 carnem
790 1550 938 1611 assumptam,

142 1619 167 1668 ct
177 1621 255 1669 tamen
269 1619 347 1667 «ante
359 1617 384 1667 in
397 1620 482 1669 mundo
495 1622 556 1682 erat,
568 1634 582 1666 ι
596 1616 712 1668 allicitur
725 1618 811 1681 loom,
825 1619 845 1669 L

174 1691 208 1741 Ad
221 1691 319 1755 primum
332 1705 387 1755 ergo
400 1692 534 1757 dicendum,
549 1691 608 1759 quod
625 1691 702 1743 missio
716 1691 825 1756 importat
842 1694 940 1745 minora·

142 1762 229 1814 tionem
241 1762 266 1811 in
278 1776 306 1813 eo
319 1762 358 1827 qni
368 1764 473 1828 mittitur,
485 1762 611 1815 secundum
621 1762 681 1828 qutd
697 1762 807 1827 importat
817 1766 941 1829 prooemio

144 1843 198 1885 uem
210 1832 223 1883 l
235 1832 347 1898 principio
359 1834 475 1899 mittente,
484 1839 524 1886 aut
533 1834 655 1886 secuudum
667 1834 798 1899 imperium,
810 1840 852 1886 aut
862 1851 940 1888 secun-

144 1905 198 1957 dum
218 1904 350 1969 mutilium
364 1906 418 1970 qrria
436 1907 552 1971 imperans
570 1910 604 1957 est
621 1906 708 1971 major,
729 1909 753 1957 et
765 1907 893 1959 consilians
911 1911 941 1959 ιιι

144 1975 275 2042 sapientior.
288 1975 333 2026 Sed
346 1976 372 2026 iu
383 1977 466 2028 divinis
474 1989 521 2028 non
530 1977 638 2041 importat
657 1976 701 2027 nisi
713 1980 887 2041 processionem
900 1980 941 2031 ori·

145 2048 217 2113 ginis,
230 2062 281 2113 qum
296 2051 331 2099 est
343 2048 468 2100 smundim
482 2049 643 2115 mqualitatem
653 2047 755 2113 utsupra
767 2049 855 2099 dictum
869 2054 912 2102 est.

176 2120 211 2170 tl
223 2119 347 2169 secundum
365 2120 497 2184 dicendum,
515 2119 575 2185 quod
592 2118 647 2170 illud
662 2119 724 2183 quod
743 2118 776 2169 sic
794 2121 910 2186 mittitur,
920 2126 943 2172 ut

146 2190 243 2254 incipiat
257 2203 305 2240 esse
313 2190 353 2240 ubi
365 2190 430 2255 prius
439 2192 501 2241 nullo
510 2190 576 2241 molo
592 2194 656 2255 erat,
668 2186 709 2241 sul
722 2189 831 2245 missione
843 2194 943 2244 localiter

146 2265 264 2325 movetm3
275 2262 334 2311 unde
343 2260 558 2327 oportetquirlloco
568 2264 685 2325 separetur
697 2260 833 2313 amittente.
849 2264 894 2315 Sed
903 2266 944 2315 hoc

146 2345 193 2383 ιιι
207 2332 288 2383 accidit
301 2332 325 2382 in
340 2332 447 2383 missione
461 2332 542 2386 diuinae
555 2346 657 2397 persona
663 2372 672 2398 ‚
682 2332 736 2397 quia
749 2346 849 2397 persona
868 2336 944 2387 diuina

148 2402 230 2467 missa,
247 2405 306 2455 sicut
321 2413 368 2454 non
384 2404 467 2470 incipit
479 2418 528 2455 esse
545 2404 585 2454 ubi
602 2404 667 2469 priis
680 2417 726 2453 nou
743 2404 833 2469 luerat,
850 2406 884 2457 ita
902 2421 943 2457 nec

148 2475 231 2525 desinit
243 2488 292 2527 esse
305 2476 344 2525 ubi
358 2476 430 2526 fuerat
441 2476 516 2526 :unde
527 2476 578 2525 talis
589 2474 666 2527 missio
679 2478 714 2527 est
726 2474 775 2526 sine
789 2478 944 2541 separatione,

148 2547 190 2596 sed
202 2547 272 2598 habet
284 2548 354 2597 solam
363 2547 531 2597 distinctionem
541 2546 645 2610 originis.
801 2554 804 2559 “

179 2617 213 2668 ld
226 2616 317 2667 tertium
327 2616 518 2682 dicentumqml
528 2616 625 2680 obiectio
634 2616 672 2668 illa
683 2618 784 2682 procedit
797 2618 827 2669 de
836 2620 945 2671 missione

148 2701 198 2807 guae
213 2688 239 2768 iit
251 2689 375 2741 secordiam
389 2693 475 2741 motum
491 2689 599 2753 localem,
616 2702 666 2754 quae
684 2690 814 2742 nonhabet
830 2692 908 2744 locum
922 2694 944 2743 in

163 2770 240 2807 ιιιιιι.
