1992 3342
176 213 206 251 nn
223 213 366 254 andrunnun
383 215 482 254 nourrii
498 215 581 260 onoau
596 215 700 254 cuman.
791 206 835 252 est

73 291 82 354 l
88 293 389 344 Concanum-Daemones
402 290 487 356 aliqui,
499 290 551 341 cim
563 292 594 341 ad
605 291 733 342 universale
750 292 835 342 meum

40 359 190 427 inclinentur,
205 377 252 414 nou
268 368 320 414 sunt
333 362 464 414 naturaliter
475 361 552 426 mali.)

43 437 45 442 '
73 434 209 498 Respondeo
223 433 350 497 dicendum,
366 432 425 498 qnid
438 447 505 484 cume
518 434 636 496 quodest,
648 433 789 496 inquantum
801 437 838 485 est

40 508 64 556 ct
75 508 180 557 naturam
190 505 258 555 habet
270 505 379 568 aliquam,
387 504 411 554 in
419 505 505 554 bouum
516 504 606 567 aliquod
615 504 746 554 naturaliter
755 505 837 567 tendit,

40 579 122 640 utpote
136 589 164 625 ex
178 575 289 640 principio
303 576 361 626 bono
375 576 489 636 existens,
504 575 559 638 quia
572 588 663 638 semper
675 575 769 626 allectus
781 589 837 626 con-

41 647 139 696 uertitur
150 646 174 696 in
188 661 253 696 suum
266 646 410 711 principium.
421 645 537 710 Contingit
546 650 621 696 autem
634 645 701 697 alicui
714 647 774 696 bono
787 660 839 710 par·

40 717 132 767 ticulnri
150 719 239 782 aliquod
257 719 341 768 malum
361 732 412 768 csse
432 719 580 782 adjunctum,
598 716 724 780 sicut'igui
742 718 839 780 oonjun·

42 789 105 851 gitur
117 790 160 838 hoc
174 790 273 848 mallim,
287 791 346 852 quod
359 797 395 840 est
408 803 458 840 esse
478 789 658 853 consumptivum
677 790 786 852 aliorum;
800 789 840 839 sed

41 860 103 910 bonu
117 860 239 910 universali
252 862 338 911 nullum
353 862 435 910 malum
446 864 522 924 potest
535 874 585 910 esse
596 859 736 923 adjunctum.
751 861 775 910 Si
784 873 838 923 ergo

41 931 129 994 aliquid
136 931 175 990 sit,
185 933 250 995 cujus
259 935 338 982 natura
345 933 461 982 ordinetur
469 933 492 982 iu
502 932 593 995 aliquod
601 932 684 981 bunum
694 932 838 996 particulare,

41 1006 120 1065 potest
133 1003 265 1053 naturaliter
276 1005 370 1054 tendere
384 1003 408 1052 iu
422 1003 511 1067 aliquod
528 1003 611 1052 malum
621 1041 628 1065 ,
638 1016 684 1052 nou
695 1003 720 1052 iu
731 1008 839 1066 quantum

42 1074 141 1137 malum,
157 1075 195 1124 sed
207 1089 246 1138 per
257 1075 374 1137 accidens,
389 1075 532 1139 inquantum
545 1076 735 1139 estcoujuuctum
749 1075 839 1126 cuidam

41 1144 118 1206 bouo;
133 1144 152 1194 si
161 1145 215 1196 veri
232 1145 315 1209 aliquid
325 1145 356 1195 sit
369 1145 434 1209 eujus
448 1149 529 1196 natura
539 1146 655 1198 ordinetur
664 1143 689 1194 in
700 1146 785 1195 bouum
799 1159 841 1196 se-

42 1213 143 1264 cuudum
158 1229 300 1267 cornmuuem
317 1218 369 1267 boui
383 1217 508 1282 rationem,
522 1219 567 1267 hoc
582 1216 706 1266 secundnm
720 1229 787 1266 snam
802 1230 842 1266 na·

41 1291 119 1335 turam
139 1300 185 1337 non
199 1293 273 1352 potest
292 1289 384 1339 tendere
394 1288 423 1338 in
435 1289 526 1352 aliquod
540 1289 633 1338 malum.
649 1287 794 1338 Manifestum
805 1292 841 1338 est

41 1363 121 1408 autern
139 1358 199 1422 qudd
212 1360 318 1424 quaelibet
339 1365 419 1411 natura
434 1359 594 1410 intellectualis
606 1361 675 1410 habet
691 1360 797 1410 ordinem
817 1360 841 1409 in

42 1430 131 1480 honum
146 1431 272 1482 universale
285 1433 345 1496 quod
358 1435 439 1497 potest*
449 1432 632 1496 apprehendere,
643 1435 666 1480 et
674 1432 733 1494 quod
747 1436 781 1480 est
799 1430 841 1480 ob-

40 1503 131 1568 jectum
146 1503 277 1554 uoluntatis.
291 1503 354 1555 Unde
368 1503 417 1554 cirin
432 1505 548 1554 mmoues
566 1502 612 1552 siut
629 1501 761 1553 substantiae
775 1501 841 1552 intel-

42 1572 162 1636 lectuales,
179 1573 240 1626 nullo
256 1577 322 1626 modo
336 1578 431 1640 possunt
439 1576 523 1626 habere
537 1572 705 1624 inclinationem
716 1573 843 1623 naturalem

42 1643 69 1694 in
80 1644 169 1708 aliquod
181 1647 329 1710 quodcunque
342 1648 439 1711 malum3
449 1649 472 1698 et
483 1647 535 1696 ideo
544 1659 591 1697 non
602 1647 698 1710 possunt
711 1657 761 1696 esse
771 1646 843 1693 uatu-

44 1715 125 1766 raliter
139 1717 202 1766 mali.

78 1789 114 1837 ad
124 1788 222 1851 primum
234 1802 287 1852 ergo
304 1788 431 1852 dicendum,
445 1788 506 1853 quod
520 1788 658 1851 Augustinus
670 1785 754 1837 ibidem
767 1799 843 1849 repre-

44 1859 128 1909 hendit
141 1861 290 1924 Porphyrium
303 1860 330 1910 de
342 1862 386 1910 hoc
401 1862 461 1925 quod
474 1859 545 1922 dixit,
556 1859 616 1922 quod
627 1876 640 1906 a<
651 1859 767 1908 demones
778 1859 843 1907 eraut

45 1931 181 1981 naturaliter
191 1931 291 1996 lailaces,
303 1950 317 1979 n
332 1933 409 2000 diceus
422 1945 461 1983 eos
475 1945 521 1981 non
532 1943 581 1980 esse
596 1929 728 1979 naturaliter
741 1928 842 1989 fallaces,

45 2006 87 2054 sed
105 2003 196 2067 propria
211 2005 335 2056 voluntate.
350 2003 486 2068 Porphyrius
504 2006 579 2052 autem
599 2003 641 2050 hac
659 2001 746 2051 ratione
767 1999 844 2063 posuit

45 2078 164 2128 daemones
183 2089 233 2126 esse
259 2076 339 2126 naturll
358 2076 464 2137 lallaces,
478 2074 531 2138 quia
551 2073 649 2137 ponebat
665 2073 777 2122 daemoues
793 2085 843 2122 esse

45 2146 155 2197 animalia
165 2147 274 2198 habentia
285 2151 388 2198 naturam
400 2146 542 2196 sensitivam.
553 2145 637 2194 Natura
645 2146 720 2192 autem
733 2143 843 2193 sensitiva

45 2219 165 2270 ordinatur
177 2221 205 2269 ad
227 2219 318 2283 aliquod
331 2219 414 2270 bonum
427 2217 574 2282 particulare,
588 2215 625 2265 oui
641 2217 717 2278 potest
730 2227 779 2264 esse
791 2228 845 2265 oon-

43 2294 152 2356 juuctum
169 2289 264 2354 malum;
280 2294 303 2342 et
319 2288 440 2341 secundum
456 2290 499 2338 lroc
511 2286 609 2351 aliquam
623 2284 792 2335 inclinationem
803 2298 845 2334 ua-

44 2363 144 2412 luralem
162 2363 246 2412 hahere
267 2365 342 2426 potest
362 2362 389 2412 ad
407 2362 508 2421 malum,
525 2373 567 2422 per
588 2357 692 2407 accidens
710 2360 801 2420 tamen,
820 2357 845 2406 iu

44 2438 156 2500 qnantum
174 2434 258 2482 malum
270 2438 303 2482 est
314 2434 459 2496 conjunctum
475 2432 544 2481 hono.

80 2506 114 2556 nd
127 2506 250 2554 secundum
268 2505 402 2564 dicendum,
418 2503 479 2567 quod
493 2501 579 2552 malitia
591 2499 716 2563 aliquorum
729 2499 846 2551 homiuum

45 2580 124 2644 potest
133 2575 178 2625 dici
187 2575 322 2638 naturalis,
333 2577 369 2626 uel
379 2583 469 2639 propter
479 2572 663 2624 consuetudinem
675 2576 767 2635 quaeest
776 2572 846 2622 altera

46 2653 145 2708 natura,
162 2649 197 2698 rel
211 2652 302 2712 propter
318 2649 442 2698 naturalem
457 2645 626 2696 inclinationem
642 2647 745 2706 exparte
759 2647 846 2692 nature

46 2720 164 2771 sensitivae
187 2721 213 2769 ad
230 2720 328 2783 aliquam
349 2717 498 2769 inordinatum
520 2716 664 2781 passionem
678 2714 737 2764 sium
756 2712 847 2777 quidam

47 2793 156 2842 dicuutur
170 2791 302 2840 naturaliter
316 2789 418 2840 iracundi
431 2790 469 2839 uel
482 2786 667 2851 concupiscentes
685 2799 691 2834 ε
707 2798 753 2834 uon
770 2787 847 2833 autem

47 2880 78 2916 ex
89 2868 154 2928 parte
167 2867 252 2913 nature
264 2861 431 2913 intellectualis.

83 2935 116 2986 nd
129 2933 222 2984 nulium
240 2933 374 2995 dicendum,
389 2932 449 2996 qudd
466 2931 573 2985 animalia
591 2931 658 2982 nuta
670 2926 792 2980 secuudum
807 2939 848 2976 ua·
