1992 3342
115 248 161 295 562
297 256 357 293 rmus
373 256 396 305 1,
412 255 504 301 ounsr.
521 256 608 307 xxxix,
625 254 678 294 aur.
697 257 721 295 v.

146 336 181 385 td
196 333 322 385 secumdum
336 332 471 395 dioendum,
487 332 548 397 qnod
561 332 586 382 in
597 332 706 385 creaturis
719 338 856 396 generatum
868 352 916 387 nnn

115 406 200 471 accipit
217 411 319 456 mturam
332 406 436 455 eamdem
453 418 550 455 numero
567 404 633 467 quim
650 418 763 468 generans
776 406 863 469 habet,
875 411 917 459 sed

115 480 184 528 aliam
193 479 262 528 habet
273 490 437 541 numer03ane
445 476 527 539 incipit
542 475 566 525 iu
579 489 606 525 eo
617 490 667 525 esse
678 490 719 539 per
731 478 916 543 generationem,

115 551 144 601 de
159 563 231 612 novo,
244 552 268 599 et
281 548 365 599 desinit
377 561 427 599 esse
440 562 481 612 per
492 548 677 611 corruptionem
690 551 713 597 et
726 548 780 599 ideo
790 556 918 612 generalm-

115 627 139 673 et
148 620 298 683 corrumpitur
309 634 350 685 per
366 620 479 670 accidens.
492 621 535 669 Sed
549 620 609 672 lleus
620 620 710 682 genitus
721 621 834 671 eamdem
848 626 919 672 natu-

114 708 162 744 ram
177 706 272 742 numero
288 691 389 756 accipit,
405 706 475 757 qnam
493 705 607 756 generans
623 692 708 755 habet,
724 696 748 741 et
763 692 818 743 ideo
832 700 917 744 natura

114 765 192 815 divina
206 764 232 813 in
247 763 304 814 Filio
318 778 365 815 uon
377 769 513 829 generatur,
533 777 607 827 neque
621 777 662 828 per
677 776 716 826 se,
731 776 807 828 neque
820 778 865 829 per
880 779 919 817 ac·

114 837 201 887 cidens.
564 874 568 888 .

146 908 181 959 td
196 909 288 959 tertium
306 907 516 972 dicendum,un
531 906 586 958 licet
603 910 664 959 lleus
680 911 704 958 et
717 907 797 957 divina
816 911 921 962 essentia

115 979 162 1031 siut
171 980 233 1031 idem
246 980 369 1039 seomddm
382 995 445 1044 rem,
459 983 536 1037 tamen
550 980 638 1031 ratione
651 980 744 1031 alterius
757 980 820 1030 modi
831 981 922 1046 signill-

115 1052 181 1102 cundi
191 1057 282 1117 oportet
292 1052 356 1116 loqui
368 1052 518 1103 diversimode
531 1052 559 1103 de
572 1055 676 1116 utroque.

147 1125 181 1175 rtd
192 1129 296 1188 quartum
310 1125 446 1187 dicendmn‚
460 1124 522 1188 qnid
535 1124 634 1181 essentia
644 1124 721 1173 divina
737 1124 877 1188 praedicatur
892 1127 919 1177 de
977 1154 978 1193 p

115 1198 184 1247 Patre
194 1210 235 1261 per
246 1198 338 1247 modam
352 1196 492 1259 identitatis,
504 1200 598 1261 propter
610 1193 710 1245 divinam
724 1195 918 1259 simplicitatem,
977 1216 978 1259 3

116 1282 159 1319 nec
172 1273 249 1320 umen
258 1269 360 1333 sequitur
371 1268 432 1332 qndd
445 1268 517 1334 possit
530 1280 658 1332 supponere
671 1282 714 1332 pro
728 1270 807 1330 Patre,
822 1273 920 1331 propter
977 1264 978 1313 l

116 1340 230 1391 diversum
243 1341 334 1391 modum
346 1340 496 1402 significandi
512 1339 579 1389 Ratio
592 1342 670 1391 autem
683 1339 818 1402 procederet
837 1340 921 1390 inillis
977 1336 978 1359 ³

116 1425 211 1475 querum
221 1425 292 1461 unum
305 1412 439 1475 predicatur
449 1412 477 1461 de
493 1410 578 1472 altero,
592 1408 650 1461 siem
662 1410 791 1461 universale
805 1411 836 1463 de
846 1412 921 1477 parti-
977 1438 978 1491 p

117 1483 197 1535 culari.
977 1506 978 1527 1

147 1557 182 1605 rid
198 1555 303 1619 quintum
316 1555 453 1619 dicendum,
466 1554 527 1619 quod
539 1556 590 1605 hec
603 1558 638 1603 est
655 1552 785 1604 differentia
802 1555 865 1607 iuter
880 1570 923 1608 no·
977 1560 978 1585 l

116 1627 180 1676 mina
187 1627 329 1677 substantiva
340 1631 364 1677 et
375 1628 501 1691 adjectiva,
513 1626 573 1691 quod
584 1625 677 1675 nomina
687 1626 831 1677 substantiva
842 1628 923 1678 terunt
977 1634 978 1717 p

115 1712 181 1749 sunm
200 1698 357 1762 suppositum;
370 1699 484 1763 adjectiva
494 1698 550 1749 vend
567 1712 627 1761 non,
643 1698 683 1749 sed
698 1710 747 1747 rem
762 1698 919 1761 significatam
977 1720 978 1767 p

116 1773 206 1833 ponunt
215 1770 276 1821 cirea
281 1772 450 1824 substantivum
462 1787 468 1819 ι
478 1772 538 1823 unde
547 1771 655 1835 sophista
664 1769 742 1819 dicunt
753 1769 816 1833 quiid
826 1772 921 1823 nomina
977 1772 978 1787 ¹

116 1842 260 1893 substantiva
268 1847 413 1907 supponunt,
421 1843 535 1907 adjectiva
545 1840 600 1893 verd
609 1854 656 1891 non
666 1845 813 1906 supponunt,
824 1844 868 1894 sed
879 1858 918 1895 co·

116 1914 203 1977 pulsnt.
219 1914 316 1965 Nomina
332 1915 401 1977 igitur
419 1914 547 1979 personalia
563 1913 703 1965 substantiva
718 1918 814 1976 possunt
833 1916 864 1965 de
885 1930 922 1966 es

117 1986 190 2036 sentia
201 1985 329 2050 predicari,
341 1989 434 2051 propter
444 1986 587 2037 identitatem
597 1984 646 2053 rei;
658 1997 732 2047 neque
746 1985 851 2047 sequitur
861 1986 922 2051 quod
977 2010 978 2093 p

118 2058 245 2122 proprietas
260 2058 386 2121 personalis
400 2058 506 2111 distincta
522 2056 658 2108 determinet
671 2055 810 2118 essentiam,
824 2058 867 2107 sed
881 2072 923 2122 po-
977 2106 978 2127 ,

118 2130 181 2180 nitur
194 2130 256 2181 eirea
271 2129 412 2194 suppositum
426 2130 572 2194 importatum
586 2142 628 2193 per
642 2140 725 2177 nomen
741 2128 921 2179 substantivum.
977 2188 978 2191 Ἴ

117 2203 161 2255 Sed
175 2201 297 2253 notionalia
314 2205 337 2250 et
349 2202 478 2265 personalia
494 2200 610 2264 adjective
628 2211 674 2249 nen
689 2203 785 2262 possunt
798 2200 923 2263 predicari
977 2192 978 2263 i

119 2275 147 2323 de
165 2274 278 2337 essentia,
292 2273 336 2323 nisi
353 2274 381 2323 de
400 2273 475 2337 aliquo
495 2271 636 2325 substantivo
654 2270 771 2335 adjuncto.
789 2274 855 2324 Unde
872 2288 920 2325 uon
977 2270 978 2315 l

118 2358 238 2407 possumus
248 2344 323 2395 dicere
337 2343 397 2409 qudd
407 2363 421 2392 «
434 2345 532 2395 essentia
545 2347 581 2395 est
593 2356 716 2417 generans,
725 2360 738 2390 o
750 2357 874 2407 possumus
888 2350 924 2396 ta-
977 2332 978 2409 Ῐ

120 2430 172 2466 men
189 2417 264 2468 dicere
275 2417 335 2481 qndd
348 2435 361 2464 n
370 2418 468 2468 essentie
480 2421 515 2467 est
527 2430 563 2467 res
574 2429 684 2479 genereus
691 2452 698 2479 ,
711 2432 724 2463 o
735 2415 772 2467 vel
784 2433 798 2463 r
809 2418 873 2468 Deus
882 2432 922 2482 ge·
977 2412 978 2417 '

120 2501 218 2552 nereus,
227 2505 241 2537 o
256 2488 275 2539 si
292 2504 331 2539 ree
345 2494 369 2539 et
380 2490 447 2538 Deos
463 2492 593 2552 supponant
606 2501 646 2553 pro
657 2500 770 2551 persona,
782 2502 830 2539 non
846 2494 922 2541 autem

120 2559 140 2608 si
151 2564 280 2623 supponant
287 2574 329 2623 pro
340 2560 446 2611 essentia.
453 2561 517 2613 Unde
529 2573 575 2609 non
584 2562 620 2610 est
629 2559 793 2622 contradictio,
803 2559 824 2609 si
836 2560 923 2613 matur
977 2598 978 2611 r

121 2630 182 2695 quod
193 2631 292 2681 essentia
302 2636 337 2682 est
349 2649 364 2679 ι(
372 2646 409 2683 res
418 2645 531 2696 generans
540 2635 584 2681 »et
593 2644 650 2697 ures
660 2643 859 2702 magenerus»
871 2632 923 2697 qvia
977 2638 978 2689 i

121 2701 195 2763 primo
209 2716 248 2750 rer
263 2705 354 2753 tenetur
367 2718 408 2767 pro
419 2716 526 2768 persona,
540 2703 640 2755 secundi
651 2716 692 2767 pro
702 2701 809 2755 essentia.
977 2694 978 2709 ¹

152 2772 187 2821 ml
199 2776 289 2822 sertum
303 2774 442 2839 dicendum,
456 2775 518 2840 qudd
534 2776 606 2827 deitas
625 2775 650 2825 in
665 2778 776 2839 quantum
789 2776 825 2825 est
841 2790 888 2827 una
900 2778 923 2827 in

121 2843 225 2907 pluribus
235 2845 371 2909 suppositis,
380 2848 451 2898 halet
460 2848 582 2913 quamdam
590 2846 776 2901 convenientiam
787 2862 842 2897 cum
852 2848 922 2899 forma

121 2915 221 2965 nominis
237 2916 358 2968 collectivi.
371 2920 435 2976 Unde
444 2920 498 2969 enm
512 2920 596 2971 dicitur
611 2937 617 2970 :
632 2923 723 2979 «Peter
735 2922 770 2970 est
783 2919 922 2985 principium

121 2987 192 3038 totius
206 2986 313 3051 deitatis,
325 3005 339 3038 n
354 2994 430 3053 potest
444 2990 504 3042 sumi
513 3005 555 3055 pro
566 2992 713 3045 universitate
727 3004 888 3059 personarum,
900 2992 923 3042 in
