<?xml version="1.0" encoding="UTF-8"?>
<!DOCTYPE html PUBLIC "-//W3C//DTD XHTML 1.0 Transitional//EN"
    "http://www.w3.org/TR/xhtml1/DTD/xhtml1-transitional.dtd">
<html xmlns="http://www.w3.org/1999/xhtml" xml:lang="en" lang="en">
 <head>
  <title>
</title>
<meta http-equiv="Content-Type" content="text/html;charset=utf-8" />
  <meta name='ocr-system' content='tesseract 3.04.00' />
  <meta name='ocr-capabilities' content='ocr_page ocr_carea ocr_par ocr_line ocrx_word'/>
</head>
<body>
  <div class='ocr_page' id='page_1' title='image "./summatheologica04nicogoog_0276.png"; bbox 0 0 1992 3342; ppageno 0'>
   <div class='ocr_carea' id='block_1_1' title="bbox 377 198 862 242">
    <p class='ocr_par' dir='ltr' id='par_1_1' title="bbox 377 198 862 242">
     <span class='ocr_line' id='line_1_1' title="bbox 377 198 862 242; baseline 0.01 -6"><span class='ocrx_word' id='word_1_1' title='bbox 377 203 410 237; x_wconf 82' lang='lat' dir='ltr'>nu</span> <span class='ocrx_word' id='word_1_2' title='bbox 426 203 549 239; x_wconf 77' lang='lat' dir='ltr'>ruminus.</span> <span class='ocrx_word' id='word_1_3' title='bbox 817 198 862 242; x_wconf 70' lang='lat' dir='ltr'>tell</span> 
     </span>
    </p>
   </div>
   <div class='ocr_carea' id='block_1_2' title="bbox 53 276 919 2326">
    <p class='ocr_par' dir='ltr' id='par_1_2' title="bbox 53 276 919 413">
     <span class='ocr_line' id='line_1_2' title="bbox 55 276 919 340; baseline 0.005 -15"><span class='ocrx_word' id='word_1_4' title='bbox 55 299 65 325; x_wconf 78' lang='lat' dir='ltr'>u</span> <span class='ocrx_word' id='word_1_5' title='bbox 78 281 166 330; x_wconf 73' lang='lat' dir='ltr'>benun</span> <span class='ocrx_word' id='word_1_6' title='bbox 180 282 216 328; x_wconf 87' lang='lat' dir='ltr'>est</span> <span class='ocrx_word' id='word_1_7' title='bbox 228 278 250 327; x_wconf 79' lang='lat' dir='ltr'>‘nl</span> <span class='ocrx_word' id='word_1_8' title='bbox 261 278 321 340; x_wconf 78' lang='lat' dir='ltr'>quod</span> <span class='ocrx_word' id='word_1_9' title='bbox 334 280 371 327; x_wconf 83' lang='lat' dir='ltr'>est</span> <span class='ocrx_word' id='word_1_10' title='bbox 380 276 446 339; x_wconf 74' lang='grc'>(1).»</span> <span class='ocrx_word' id='word_1_11' title='bbox 456 277 484 326; x_wconf 83' lang='lat' dir='ltr'>ut</span> <span class='ocrx_word' id='word_1_12' title='bbox 492 276 524 327; x_wconf 87' lang='lat' dir='ltr'>sic</span> <span class='ocrx_word' id='word_1_13' title='bbox 533 276 624 329; x_wconf 80' lang='lat' dir='ltr'>ridetur</span> <span class='ocrx_word' id='word_1_14' title='bbox 633 276 692 340; x_wconf 83' lang='lat' dir='ltr'>qubrl</span> <span class='ocrx_word' id='word_1_15' title='bbox 700 278 784 329; x_wconf 83' lang='lat' dir='ltr'>ueritas</span> <span class='ocrx_word' id='word_1_16' title='bbox 795 280 825 329; x_wconf 86' lang='lat' dir='ltr'>sit</span> <span class='ocrx_word' id='word_1_17' title='bbox 838 282 862 329; x_wconf 93' lang='lat' dir='ltr'>in</span> <span class='ocrx_word' id='word_1_18' title='bbox 917 334 919 339; x_wconf 59' lang='grc'><em>,</em></span> 
     </span>
     <span class='ocr_line' id='line_1_3' title="bbox 53 348 413 413; baseline -0.006 -15"><span class='ocrx_word' id='word_1_19' title='bbox 53 354 130 413; x_wconf 86' lang='lat' dir='ltr'>rebus,</span> <span class='ocrx_word' id='word_1_20' title='bbox 144 354 171 399; x_wconf 90' lang='lat' dir='ltr'>et</span> <span class='ocrx_word' id='word_1_21' title='bbox 185 363 233 399; x_wconf 91' lang='lat' dir='ltr'>non</span> <span class='ocrx_word' id='word_1_22' title='bbox 246 348 272 397; x_wconf 84' lang='lat' dir='ltr'>in</span> <span class='ocrx_word' id='word_1_23' title='bbox 284 348 413 398; x_wconf 88' lang='lat' dir='ltr'>intellectu.</span> 
     </span>
    </p>

    <p class='ocr_par' dir='ltr' id='par_1_3' title="bbox 53 418 868 825">
     <span class='ocr_line' id='line_1_4' title="bbox 82 418 866 482; baseline -0.004 -12"><span class='ocrx_word' id='word_1_24' title='bbox 82 428 107 470; x_wconf 80' lang='lat'>2.</span> <span class='ocrx_word' id='word_1_25' title='bbox 122 420 263 481; x_wconf 83' lang='lat' dir='ltr'>Praeteree&#39;,</span> <span class='ocrx_word' id='word_1_26' title='bbox 278 418 389 482; x_wconf 78' lang='lat' dir='ltr'>quicquid</span> <span class='ocrx_word' id='word_1_27' title='bbox 404 423 439 468; x_wconf 89' lang='lat' dir='ltr'>cst</span> <span class='ocrx_word' id='word_1_28' title='bbox 457 432 553 481; x_wconf 80' lang='lat' dir='ltr'>uerum,</span> <span class='ocrx_word' id='word_1_29' title='bbox 572 419 670 469; x_wconf 80' lang='lat' dir='ltr'>ueritate</span> <span class='ocrx_word' id='word_1_30' title='bbox 682 433 764 469; x_wconf 81' lang='lat' dir='ltr'>uerum</span> <span class='ocrx_word' id='word_1_31' title='bbox 777 425 820 470; x_wconf 87' lang='lat' dir='ltr'>est.</span> <span class='ocrx_word' id='word_1_32' title='bbox 842 420 866 471; x_wconf 89' lang='lat' dir='ltr'>Si</span> 
     </span>
     <span class='ocr_line' id='line_1_5' title="bbox 53 489 868 554; baseline 0.005 -16"><span class='ocrx_word' id='word_1_33' title='bbox 53 492 123 554; x_wconf 75' lang='lat' dir='ltr'>igitur</span> <span class='ocrx_word' id='word_1_34' title='bbox 147 490 240 542; x_wconf 70' lang='lat' dir='ltr'>venas</span> <span class='ocrx_word' id='word_1_35' title='bbox 264 494 300 540; x_wconf 85' lang='lat' dir='ltr'>est</span> <span class='ocrx_word' id='word_1_36' title='bbox 321 490 346 541; x_wconf 86' lang='lat' dir='ltr'>in</span> <span class='ocrx_word' id='word_1_37' title='bbox 367 489 486 539; x_wconf 86' lang='lat' dir='ltr'>intellectu</span> <span class='ocrx_word' id='word_1_38' title='bbox 504 491 568 552; x_wconf 89' lang='lat' dir='ltr'>solo,</span> <span class='ocrx_word' id='word_1_39' title='bbox 583 491 640 539; x_wconf 84' lang='lat' dir='ltr'>nihil</span> <span class='ocrx_word' id='word_1_40' title='bbox 660 491 705 540; x_wconf 91' lang='lat' dir='ltr'>erit</span> <span class='ocrx_word' id='word_1_41' title='bbox 721 505 802 541; x_wconf 83' lang='lat' dir='ltr'>verum</span> <span class='ocrx_word' id='word_1_42' title='bbox 824 493 868 543; x_wconf 88' lang='lat' dir='ltr'>nisi</span> 
     </span>
     <span class='ocr_line' id='line_1_6' title="bbox 54 560 865 626; baseline 0.002 -15"><span class='ocrx_word' id='word_1_43' title='bbox 54 562 181 613; x_wconf 62' lang='lat' dir='ltr'>neonium</span> <span class='ocrx_word' id='word_1_44' title='bbox 198 560 262 625; x_wconf 85' lang='lat' dir='ltr'>qubd</span> <span class='ocrx_word' id='word_1_45' title='bbox 278 560 426 623; x_wconf 73' lang='lat' dir='ltr'>intelligitur.</span> <span class='ocrx_word' id='word_1_46' title='bbox 445 562 509 619; x_wconf 80' lang='lat' dir='ltr'>Quod</span> <span class='ocrx_word' id='word_1_47' title='bbox 524 564 559 611; x_wconf 88' lang='lat' dir='ltr'>est</span> <span class='ocrx_word' id='word_1_48' title='bbox 573 574 636 611; x_wconf 85' lang='lat' dir='ltr'>error</span> <span class='ocrx_word' id='word_1_49' title='bbox 649 562 795 625; x_wconf 85' lang='lat' dir='ltr'>antiquorum</span> <span class='ocrx_word' id='word_1_50' title='bbox 814 563 865 626; x_wconf 90' lang='lat' dir='ltr'>pbi-</span> 
     </span>
     <span class='ocr_line' id='line_1_7' title="bbox 56 632 868 697; baseline 0.007 -18"><span class='ocrx_word' id='word_1_51' title='bbox 56 635 215 697; x_wconf 87' lang='lat' dir='ltr'>losophorum,</span> <span class='ocrx_word' id='word_1_52' title='bbox 229 632 270 695; x_wconf 89' lang='lat' dir='ltr'>qui</span> <span class='ocrx_word' id='word_1_53' title='bbox 281 632 390 681; x_wconf 87' lang='lat' dir='ltr'>dicebant</span> <span class='ocrx_word' id='word_1_54' title='bbox 403 644 470 681; x_wconf 89' lang='lat' dir='ltr'>omne</span> <span class='ocrx_word' id='word_1_55' title='bbox 485 633 545 695; x_wconf 84' lang='lat' dir='ltr'>quod</span> <span class='ocrx_word' id='word_1_56' title='bbox 558 632 657 696; x_wconf 85' lang='lat' dir='ltr'>videtur,</span> <span class='ocrx_word' id='word_1_57' title='bbox 669 646 719 683; x_wconf 89' lang='lat' dir='ltr'>esse</span> <span class='ocrx_word' id='word_1_58' title='bbox 729 646 825 683; x_wconf 83' lang='lat' dir='ltr'>rerum:</span> <span class='ocrx_word' id='word_1_59' title='bbox 839 636 868 685; x_wconf 86' lang='lat' dir='ltr'>ad</span> 
     </span>
     <span class='ocr_line' id='line_1_8' title="bbox 54 700 867 767; baseline 0.004 -16"><span class='ocrx_word' id='word_1_60' title='bbox 54 706 112 765; x_wconf 79' lang='lat' dir='ltr'>quorl</span> <span class='ocrx_word' id='word_1_61' title='bbox 122 704 242 767; x_wconf 81' lang='lat' dir='ltr'>sequitur,</span> <span class='ocrx_word' id='word_1_62' title='bbox 254 701 434 753; x_wconf 82' lang='lat' dir='ltr'>contradictoria</span> <span class='ocrx_word' id='word_1_63' title='bbox 444 700 511 751; x_wconf 70' lang='lat' dir='ltr'>mmul</span> <span class='ocrx_word' id='word_1_64' title='bbox 523 715 574 753; x_wconf 86' lang='lat' dir='ltr'>esse</span> <span class='ocrx_word' id='word_1_65' title='bbox 586 717 655 766; x_wconf 84' lang='lat' dir='ltr'>vers,</span> <span class='ocrx_word' id='word_1_66' title='bbox 669 702 721 753; x_wconf 78' lang='lat' dir='ltr'>clun</span> <span class='ocrx_word' id='word_1_67' title='bbox 740 705 867 755; x_wconf 85' lang='lat' dir='ltr'>contradic-</span> 
     </span>
     <span class='ocr_line' id='line_1_9' title="bbox 56 773 616 825; baseline 0.009 -5"><span class='ocrx_word' id='word_1_68' title='bbox 56 776 112 824; x_wconf 84' lang='lat' dir='ltr'>toria</span> <span class='ocrx_word' id='word_1_69' title='bbox 126 775 199 824; x_wconf 72' lang='lat' dir='ltr'>mmm]</span> <span class='ocrx_word' id='word_1_70' title='bbox 212 773 226 822; x_wconf 79' lang='lat' dir='ltr'>l</span> <span class='ocrx_word' id='word_1_71' title='bbox 239 773 338 823; x_wconf 69' lang='lat' dir='ltr'>oliverus</span> <span class='ocrx_word' id='word_1_72' title='bbox 350 786 408 823; x_wconf 81' lang='lat' dir='ltr'>vera</span> <span class='ocrx_word' id='word_1_73' title='bbox 423 787 472 823; x_wconf 85' lang='lat' dir='ltr'>esse</span> <span class='ocrx_word' id='word_1_74' title='bbox 485 773 616 825; x_wconf 79' lang='lat' dir='ltr'>rideantur.</span> 
     </span>
    </p>

    <p class='ocr_par' dir='ltr' id='par_1_4' title="bbox 58 845 867 1192">
     <span class='ocr_line' id='line_1_10' title="bbox 85 845 867 908; baseline 0.003 -15"><span class='ocrx_word' id='word_1_75' title='bbox 85 850 108 893; x_wconf 76' lang='grc' dir='ltr'>ι.</span> <span class='ocrx_word' id='word_1_76' title='bbox 123 847 262 906; x_wconf 75' lang='lat' dir='ltr'>Praeterea,</span> <span class='ocrx_word' id='word_1_77' title='bbox 279 845 477 907; x_wconf 75' lang='lat' dir='ltr'>«propterquod</span> <span class='ocrx_word' id='word_1_78' title='bbox 493 845 670 908; x_wconf 84' lang='lat' dir='ltr'>unumquodque</span> <span class='ocrx_word' id='word_1_79' title='bbox 690 845 751 905; x_wconf 87' lang='lat' dir='ltr'>tale,</span> <span class='ocrx_word' id='word_1_80' title='bbox 768 851 792 895; x_wconf 89' lang='grc' dir='ltr'>ει</span> <span class='ocrx_word' id='word_1_81' title='bbox 810 847 867 895; x_wconf 81' lang='lat' dir='ltr'>illud</span> 
     </span>
     <span class='ocr_line' id='line_1_11' title="bbox 58 914 867 979; baseline 0.002 -16"><span class='ocrx_word' id='word_1_82' title='bbox 58 917 134 979; x_wconf 79' lang='lat' dir='ltr'>magis,</span> <span class='ocrx_word' id='word_1_83' title='bbox 144 933 160 964; x_wconf 79' lang='lat' dir='ltr'>u</span> <span class='ocrx_word' id='word_1_84' title='bbox 169 919 196 965; x_wconf 87' lang='lat' dir='ltr'>ut</span> <span class='ocrx_word' id='word_1_85' title='bbox 205 918 271 979; x_wconf 85' lang='lat' dir='ltr'>patet</span> <span class='ocrx_word' id='word_1_86' title='bbox 280 916 393 969; x_wconf 67' lang='lat' dir='ltr'>Poster„</span> <span class='ocrx_word' id='word_1_87' title='bbox 405 914 471 978; x_wconf 85' lang='lat' dir='ltr'>(text.</span> <span class='ocrx_word' id='word_1_88' title='bbox 484 914 516 977; x_wconf 80' lang='lat' dir='ltr'>t).</span> <span class='ocrx_word' id='word_1_89' title='bbox 528 914 573 965; x_wconf 81' lang='lat' dir='ltr'>Sed</span> <span class='ocrx_word' id='word_1_90' title='bbox 584 929 613 965; x_wconf 83' lang='lat' dir='ltr'>cx</span> <span class='ocrx_word' id='word_1_91' title='bbox 624 929 651 965; x_wconf 89' lang='lat' dir='ltr'>co</span> <span class='ocrx_word' id='word_1_92' title='bbox 663 915 723 979; x_wconf 87' lang='lat' dir='ltr'>qubd</span> <span class='ocrx_word' id='word_1_93' title='bbox 734 928 771 967; x_wconf 88' lang='lat' dir='ltr'>res</span> <span class='ocrx_word' id='word_1_94' title='bbox 781 920 816 967; x_wconf 87' lang='lat' dir='ltr'>est</span> <span class='ocrx_word' id='word_1_95' title='bbox 829 918 867 967; x_wconf 85' lang='lat' dir='ltr'>vel</span> 
     </span>
     <span class='ocr_line' id='line_1_12' title="bbox 60 985 867 1049; baseline 0.001 -15"><span class='ocrx_word' id='word_1_96' title='bbox 60 1001 104 1035; x_wconf 89' lang='lat' dir='ltr'>uon</span> <span class='ocrx_word' id='word_1_97' title='bbox 114 993 161 1049; x_wconf 86' lang='lat' dir='ltr'>est,</span> <span class='ocrx_word' id='word_1_98' title='bbox 176 990 215 1037; x_wconf 90' lang='lat' dir='ltr'>est</span> <span class='ocrx_word' id='word_1_99' title='bbox 227 986 309 1049; x_wconf 90' lang='lat' dir='ltr'>opinio</span> <span class='ocrx_word' id='word_1_100' title='bbox 320 986 358 1035; x_wconf 85' lang='lat' dir='ltr'>rel</span> <span class='ocrx_word' id='word_1_101' title='bbox 373 985 448 1037; x_wconf 82' lang='lat' dir='ltr'>oratio</span> <span class='ocrx_word' id='word_1_102' title='bbox 464 999 520 1035; x_wconf 83' lang='lat' dir='ltr'>vcra</span> <span class='ocrx_word' id='word_1_103' title='bbox 536 988 574 1036; x_wconf 82' lang='lat' dir='ltr'>rel</span> <span class='ocrx_word' id='word_1_104' title='bbox 585 986 660 1049; x_wconf 84' lang='lat' dir='ltr'>salsa,</span> <span class='ocrx_word' id='word_1_105' title='bbox 674 986 800 1037; x_wconf 75' lang='lat' dir='ltr'>secundum</span> <span class='ocrx_word' id='word_1_106' title='bbox 813 988 867 1037; x_wconf 88' lang='lat' dir='ltr'>Phi-</span> 
     </span>
     <span class='ocr_line' id='line_1_13' title="bbox 62 1057 866 1121; baseline 0.004 -16"><span class='ocrx_word' id='word_1_107' title='bbox 62 1059 177 1121; x_wconf 81' lang='lat' dir='ltr'>losophum</span> <span class='ocrx_word' id='word_1_108' title='bbox 187 1058 215 1107; x_wconf 93' lang='lat' dir='ltr'>in</span> <span class='ocrx_word' id='word_1_109' title='bbox 229 1057 393 1117; x_wconf 60' lang='lat' dir='ltr'>Prodicum..</span> <span class='ocrx_word' id='word_1_110' title='bbox 401 1059 489 1119; x_wconf 80' lang='lat' dir='ltr'>cepde</span> <span class='ocrx_word' id='word_1_111' title='bbox 497 1058 575 1107; x_wconf 79' lang='lat' dir='ltr'>cubet.</span> <span class='ocrx_word' id='word_1_112' title='bbox 588 1058 647 1119; x_wconf 82' lang='lat' dir='ltr'>Ergo</span> <span class='ocrx_word' id='word_1_113' title='bbox 654 1058 739 1107; x_wconf 83' lang='lat' dir='ltr'>ueritas</span> <span class='ocrx_word' id='word_1_114' title='bbox 748 1059 820 1121; x_wconf 84' lang='lat' dir='ltr'>magis</span> <span class='ocrx_word' id='word_1_115' title='bbox 829 1062 866 1108; x_wconf 83' lang='lat' dir='ltr'>e&#39;st</span> 
     </span>
     <span class='ocr_line' id='line_1_14' title="bbox 62 1128 420 1192; baseline 0.011 -19"><span class='ocrx_word' id='word_1_116' title='bbox 62 1128 85 1176; x_wconf 89' lang='lat' dir='ltr'>iu</span> <span class='ocrx_word' id='word_1_117' title='bbox 98 1130 162 1179; x_wconf 87' lang='lat' dir='ltr'>rebus</span> <span class='ocrx_word' id='word_1_118' title='bbox 169 1129 240 1192; x_wconf 71' lang='lat' dir='ltr'>quern</span> <span class='ocrx_word' id='word_1_119' title='bbox 251 1129 278 1177; x_wconf 91' lang='lat' dir='ltr'>in</span> <span class='ocrx_word' id='word_1_120' title='bbox 290 1128 420 1178; x_wconf 87' lang='lat' dir='ltr'>intellectu.</span> 
     </span>
    </p>

    <p class='ocr_par' dir='ltr' id='par_1_5' title="bbox 63 1198 866 1332">
     <span class='ocr_line' id='line_1_15' title="bbox 91 1198 866 1263; baseline 0.001 -14"><span class='ocrx_word' id='word_1_121' title='bbox 91 1200 134 1249; x_wconf 83' lang='lat' dir='ltr'>Sed</span> <span class='ocrx_word' id='word_1_122' title='bbox 147 1204 228 1251; x_wconf 81' lang='lat' dir='ltr'>contra</span> <span class='ocrx_word' id='word_1_123' title='bbox 242 1203 294 1262; x_wconf 89' lang='lat' dir='ltr'>est,</span> <span class='ocrx_word' id='word_1_124' title='bbox 307 1200 371 1262; x_wconf 78' lang='lat' dir='ltr'>qnod</span> <span class='ocrx_word' id='word_1_125' title='bbox 380 1199 531 1262; x_wconf 78' lang='lat' dir='ltr'>Philosophus</span> <span class='ocrx_word' id='word_1_126' title='bbox 542 1198 607 1261; x_wconf 88' lang='lat' dir='ltr'>dicit,</span> <span class='ocrx_word' id='word_1_127' title='bbox 613 1200 657 1260; x_wconf 85' lang='lat' dir='ltr'>Vl,</span> <span class='ocrx_word' id='word_1_128' title='bbox 670 1202 791 1263; x_wconf 72' lang='lat' dir='ltr'>Metopb„</span> <span class='ocrx_word' id='word_1_129' title='bbox 806 1199 866 1263; x_wconf 73' lang='lat' dir='ltr'>pubol</span> 
     </span>
     <span class='ocr_line' id='line_1_16' title="bbox 63 1270 832 1332; baseline -0.001 -16"><span class='ocrx_word' id='word_1_130' title='bbox 63 1289 75 1316; x_wconf 90' lang='grc'>«</span> <span class='ocrx_word' id='word_1_131' title='bbox 87 1285 163 1321; x_wconf 82' lang='lat' dir='ltr'>verum</span> <span class='ocrx_word' id='word_1_132' title='bbox 184 1276 211 1321; x_wconf 90' lang='lat' dir='ltr'>et</span> <span class='ocrx_word' id='word_1_133' title='bbox 230 1271 317 1321; x_wconf 84' lang='lat' dir='ltr'>falsum</span> <span class='ocrx_word' id='word_1_134' title='bbox 327 1284 375 1320; x_wconf 88' lang='lat' dir='ltr'>non</span> <span class='ocrx_word' id='word_1_135' title='bbox 393 1270 481 1321; x_wconf 84' lang='lat' dir='ltr'>suntin</span> <span class='ocrx_word' id='word_1_136' title='bbox 493 1272 575 1332; x_wconf 89' lang='lat' dir='ltr'>rebus,</span> <span class='ocrx_word' id='word_1_137' title='bbox 588 1270 663 1319; x_wconf 88' lang='lat' dir='ltr'>sedin</span> <span class='ocrx_word' id='word_1_138' title='bbox 676 1270 803 1321; x_wconf 85' lang='lat' dir='ltr'>intellectu.</span> <span class='ocrx_word' id='word_1_139' title='bbox 819 1289 832 1316; x_wconf 78' lang='lat' dir='ltr'>u</span> 
     </span>
    </p>

    <p class='ocr_par' dir='ltr' id='par_1_6' title="bbox 62 1339 868 1617">
     <span class='ocr_line' id='line_1_17' title="bbox 88 1339 866 1405; baseline -0.004 -14"><span class='ocrx_word' id='word_1_140' title='bbox 88 1343 252 1405; x_wconf 76' lang='lat' dir='ltr'>(Coronosro.</span> <span class='ocrx_word' id='word_1_141' title='bbox 268 1367 300 1377; x_wconf 88' lang='lat'>-</span> <span class='ocrx_word' id='word_1_142' title='bbox 310 1341 397 1390; x_wconf 75' lang='lat' dir='ltr'>venun</span> <span class='ocrx_word' id='word_1_143' title='bbox 410 1341 463 1390; x_wconf 79' lang='lat' dir='ltr'>clim</span> <span class='ocrx_word' id='word_1_144' title='bbox 478 1340 509 1391; x_wconf 90' lang='lat' dir='ltr'>sit</span> <span class='ocrx_word' id='word_1_145' title='bbox 522 1340 633 1389; x_wconf 88' lang='lat' dir='ltr'>terminus</span> <span class='ocrx_word' id='word_1_146' title='bbox 652 1339 795 1401; x_wconf 70' lang='lat' dir='ltr'>intellectis,</span> <span class='ocrx_word' id='word_1_147' title='bbox 807 1341 866 1389; x_wconf 90' lang='lat' dir='ltr'>sicut</span> 
     </span>
     <span class='ocr_line' id='line_1_18' title="bbox 62 1410 868 1476; baseline -0.001 -16"><span class='ocrx_word' id='word_1_148' title='bbox 62 1413 140 1462; x_wconf 88' lang='lat' dir='ltr'>bonurn</span> <span class='ocrx_word' id='word_1_149' title='bbox 149 1412 282 1476; x_wconf 78' lang='lat' dir='ltr'>appetitis,</span> <span class='ocrx_word' id='word_1_150' title='bbox 295 1410 418 1464; x_wconf 73' lang='lat' dir='ltr'>teutatem</span> <span class='ocrx_word' id='word_1_151' title='bbox 434 1426 527 1463; x_wconf 86' lang='lat' dir='ltr'>omnem</span> <span class='ocrx_word' id='word_1_152' title='bbox 545 1411 569 1460; x_wconf 90' lang='lat' dir='ltr'>iu</span> <span class='ocrx_word' id='word_1_153' title='bbox 586 1410 704 1461; x_wconf 87' lang='lat' dir='ltr'>intellectu</span> <span class='ocrx_word' id='word_1_154' title='bbox 717 1422 767 1459; x_wconf 85' lang='lat' dir='ltr'>esse</span> <span class='ocrx_word' id='word_1_155' title='bbox 778 1414 868 1472; x_wconf 87' lang='lat' dir='ltr'>oportet</span> 
     </span>
     <span class='ocr_line' id='line_1_19' title="bbox 62 1480 868 1547; baseline 0 -16"><span class='ocrx_word' id='word_1_156' title='bbox 62 1481 378 1547; x_wconf 83' lang='lat' dir='ltr'>principaliter,secundarib</span> <span class='ocrx_word' id='word_1_157' title='bbox 396 1486 472 1533; x_wconf 87' lang='lat' dir='ltr'>autem</span> <span class='ocrx_word' id='word_1_158' title='bbox 487 1482 514 1531; x_wconf 88' lang='lat' dir='ltr'>in</span> <span class='ocrx_word' id='word_1_159' title='bbox 531 1483 599 1533; x_wconf 86' lang='lat' dir='ltr'>robus</span> <span class='ocrx_word' id='word_1_160' title='bbox 619 1480 745 1532; x_wconf 79' lang='lat' dir='ltr'>secundum</span> <span class='ocrx_word' id='word_1_161' title='bbox 766 1480 868 1531; x_wconf 84' lang='lat' dir='ltr'>ordinem</span> 
     </span>
     <span class='ocr_line' id='line_1_20' title="bbox 64 1552 515 1617; baseline 0.004 -16"><span class='ocrx_word' id='word_1_162' title='bbox 64 1555 89 1602; x_wconf 86' lang='lat' dir='ltr'>ad</span> <span class='ocrx_word' id='word_1_163' title='bbox 100 1555 261 1615; x_wconf 84' lang='lat' dir='ltr'>intellectum,</span> <span class='ocrx_word' id='word_1_164' title='bbox 276 1552 349 1615; x_wconf 76' lang='lat' dir='ltr'>torro</span> <span class='ocrx_word' id='word_1_165' title='bbox 362 1554 515 1617; x_wconf 79' lang='lat' dir='ltr'>dependent.)</span> 
     </span>
    </p>

    <p class='ocr_par' dir='ltr' id='par_1_7' title="bbox 63 1623 869 2326">
     <span class='ocr_line' id='line_1_21' title="bbox 88 1623 867 1691; baseline 0.006 -18"><span class='ocrx_word' id='word_1_166' title='bbox 88 1626 225 1689; x_wconf 83' lang='lat' dir='ltr'>Respondeo</span> <span class='ocrx_word' id='word_1_167' title='bbox 234 1623 367 1686; x_wconf 83' lang='lat' dir='ltr'>dicendum,</span> <span class='ocrx_word' id='word_1_168' title='bbox 376 1623 437 1687; x_wconf 81' lang='lat' dir='ltr'>(prbrl</span> <span class='ocrx_word' id='word_1_169' title='bbox 445 1624 504 1675; x_wconf 87' lang='lat' dir='ltr'>sicut</span> <span class='ocrx_word' id='word_1_170' title='bbox 514 1628 611 1675; x_wconf 80' lang='lat' dir='ltr'>Bonum</span> <span class='ocrx_word' id='word_1_171' title='bbox 623 1625 725 1678; x_wconf 87' lang='lat' dir='ltr'>nominat</span> <span class='ocrx_word' id='word_1_172' title='bbox 735 1626 761 1676; x_wconf 89' lang='lat' dir='ltr'>id</span> <span class='ocrx_word' id='word_1_173' title='bbox 771 1626 794 1675; x_wconf 91' lang='lat' dir='ltr'>iu</span> <span class='ocrx_word' id='word_1_174' title='bbox 807 1628 867 1691; x_wconf 82' lang='lat' dir='ltr'>quoti</span> 
     </span>
     <span class='ocr_line' id='line_1_22' title="bbox 63 1694 869 1761; baseline 0.006 -18"><span class='ocrx_word' id='word_1_175' title='bbox 63 1696 128 1745; x_wconf 76' lang='lat' dir='ltr'>enuit</span> <span class='ocrx_word' id='word_1_176' title='bbox 142 1695 281 1760; x_wconf 87' lang='lat' dir='ltr'>appetitus,</span> <span class='ocrx_word' id='word_1_177' title='bbox 295 1694 328 1744; x_wconf 85' lang='lat' dir='ltr'>ila</span> <span class='ocrx_word' id='word_1_178' title='bbox 345 1697 436 1744; x_wconf 88' lang='lat' dir='ltr'>Verum</span> <span class='ocrx_word' id='word_1_179' title='bbox 448 1696 553 1747; x_wconf 85' lang='lat' dir='ltr'>nominat</span> <span class='ocrx_word' id='word_1_180' title='bbox 565 1696 588 1745; x_wconf 90' lang='lat' dir='ltr'>id</span> <span class='ocrx_word' id='word_1_181' title='bbox 598 1697 623 1747; x_wconf 91' lang='lat' dir='ltr'>in</span> <span class='ocrx_word' id='word_1_182' title='bbox 640 1698 700 1761; x_wconf 83' lang='lat' dir='ltr'>quod</span> <span class='ocrx_word' id='word_1_183' title='bbox 714 1697 787 1748; x_wconf 84' lang='lat' dir='ltr'>tendit</span> <span class='ocrx_word' id='word_1_184' title='bbox 800 1698 869 1749; x_wconf 88' lang='lat' dir='ltr'>intel-</span> 
     </span>
     <span class='ocr_line' id='line_1_23' title="bbox 63 1765 868 1832; baseline 0.012 -20"><span class='ocrx_word' id='word_1_185' title='bbox 63 1767 134 1817; x_wconf 82' lang='lat' dir='ltr'>lectos.</span> <span class='ocrx_word' id='word_1_186' title='bbox 149 1769 199 1817; x_wconf 84' lang='lat' dir='ltr'>lloc</span> <span class='ocrx_word' id='word_1_187' title='bbox 212 1770 294 1816; x_wconf 81' lang='lat' dir='ltr'>autem</span> <span class='ocrx_word' id='word_1_188' title='bbox 306 1765 378 1815; x_wconf 81' lang='lat' dir='ltr'>distet</span> <span class='ocrx_word' id='word_1_189' title='bbox 393 1766 454 1816; x_wconf 86' lang='lat' dir='ltr'>inter</span> <span class='ocrx_word' id='word_1_190' title='bbox 466 1767 597 1830; x_wconf 89' lang='lat' dir='ltr'>appetitum</span> <span class='ocrx_word' id='word_1_191' title='bbox 611 1772 634 1819; x_wconf 89' lang='lat' dir='ltr'>et</span> <span class='ocrx_word' id='word_1_192' title='bbox 648 1770 790 1820; x_wconf 85' lang='lat' dir='ltr'>intellectum</span> <span class='ocrx_word' id='word_1_193' title='bbox 797 1806 805 1832; x_wconf 93' lang='lat'>,</span> <span class='ocrx_word' id='word_1_194' title='bbox 819 1770 868 1823; x_wconf 86' lang='lat' dir='ltr'>sive</span> 
     </span>
     <span class='ocr_line' id='line_1_24' title="bbox 63 1836 867 1903; baseline 0.009 -19"><span class='ocrx_word' id='word_1_195' title='bbox 63 1850 217 1901; x_wconf 83' lang='lat' dir='ltr'>quamcunque</span> <span class='ocrx_word' id='word_1_196' title='bbox 238 1836 413 1899; x_wconf 80' lang='lat' dir='ltr'>cognitionem,</span> <span class='ocrx_word' id='word_1_197' title='bbox 425 1837 480 1900; x_wconf 80' lang='lat' dir='ltr'>ocia</span> <span class='ocrx_word' id='word_1_198' title='bbox 499 1837 601 1899; x_wconf 80' lang='lat' dir='ltr'>cognitio</span> <span class='ocrx_word' id='word_1_199' title='bbox 621 1844 656 1889; x_wconf 89' lang='lat' dir='ltr'>est</span> <span class='ocrx_word' id='word_1_200' title='bbox 667 1839 793 1889; x_wconf 78' lang='lat' dir='ltr'>secundum</span> <span class='ocrx_word' id='word_1_201' title='bbox 807 1839 867 1903; x_wconf 82' lang='lat' dir='ltr'>quod</span> 
     </span>
     <span class='ocr_line' id='line_1_25' title="bbox 63 1907 866 1972; baseline 0.005 -17"><span class='ocrx_word' id='word_1_202' title='bbox 63 1908 172 1969; x_wconf 80' lang='lat' dir='ltr'>cognitum</span> <span class='ocrx_word' id='word_1_203' title='bbox 184 1912 224 1959; x_wconf 91' lang='lat' dir='ltr'>est</span> <span class='ocrx_word' id='word_1_204' title='bbox 239 1907 266 1955; x_wconf 91' lang='lat' dir='ltr'>in</span> <span class='ocrx_word' id='word_1_205' title='bbox 278 1911 451 1972; x_wconf 79' lang='lat' dir='ltr'>cognoscente,</span> <span class='ocrx_word' id='word_1_206' title='bbox 464 1909 581 1971; x_wconf 89' lang='lat' dir='ltr'>appetitus</span> <span class='ocrx_word' id='word_1_207' title='bbox 594 1913 671 1959; x_wconf 87' lang='lat' dir='ltr'>autem</span> <span class='ocrx_word' id='word_1_208' title='bbox 685 1914 720 1959; x_wconf 87' lang='lat' dir='ltr'>cst</span> <span class='ocrx_word' id='word_1_209' title='bbox 738 1910 866 1959; x_wconf 78' lang='lat' dir='ltr'>secundina</span> 
     </span>
     <span class='ocr_line' id='line_1_26' title="bbox 64 1977 866 2045; baseline 0.002 -18"><span class='ocrx_word' id='word_1_210' title='bbox 64 1977 116 2038; x_wconf 82' lang='lat' dir='ltr'>oubd</span> <span class='ocrx_word' id='word_1_211' title='bbox 124 1984 241 2045; x_wconf 86' lang='lat' dir='ltr'>appetens</span> <span class='ocrx_word' id='word_1_212' title='bbox 253 1978 380 2029; x_wconf 87' lang='lat' dir='ltr'>inclinatur</span> <span class='ocrx_word' id='word_1_213' title='bbox 391 1978 417 2028; x_wconf 91' lang='lat' dir='ltr'>in</span> <span class='ocrx_word' id='word_1_214' title='bbox 428 1978 503 2041; x_wconf 82' lang='lat' dir='ltr'>ipsam</span> <span class='ocrx_word' id='word_1_215' title='bbox 512 1992 561 2029; x_wconf 85' lang='lat' dir='ltr'>rem</span> <span class='ocrx_word' id='word_1_216' title='bbox 575 1979 700 2043; x_wconf 86' lang='lat' dir='ltr'>appetitam</span> <span class='ocrx_word' id='word_1_217' title='bbox 714 1996 720 2029; x_wconf 90' lang='lat'>:</span> <span class='ocrx_word' id='word_1_218' title='bbox 736 1984 759 2029; x_wconf 88' lang='grc' dir='ltr'>ει</span> <span class='ocrx_word' id='word_1_219' title='bbox 773 1981 805 2029; x_wconf 89' lang='lat' dir='ltr'>sic</span> <span class='ocrx_word' id='word_1_220' title='bbox 817 1984 866 2029; x_wconf 90' lang='lat' dir='ltr'>ter·</span> 
     </span>
     <span class='ocr_line' id='line_1_27' title="bbox 64 2049 867 2115; baseline 0.006 -19"><span class='ocrx_word' id='word_1_221' title='bbox 64 2049 132 2100; x_wconf 83' lang='lat' dir='ltr'>uinus</span> <span class='ocrx_word' id='word_1_222' title='bbox 149 2050 270 2115; x_wconf 76' lang='lat' dir='ltr'>appetitus</span> <span class='ocrx_word' id='word_1_223' title='bbox 285 2050 360 2114; x_wconf 79' lang='lat' dir='ltr'>(quod</span> <span class='ocrx_word' id='word_1_224' title='bbox 373 2053 408 2101; x_wconf 88' lang='lat' dir='ltr'>est</span> <span class='ocrx_word' id='word_1_225' title='bbox 421 2049 524 2113; x_wconf 64' lang='lat' dir='ltr'>bouum</span> <span class='ocrx_word' id='word_1_226' title='bbox 538 2055 574 2101; x_wconf 90' lang='lat' dir='ltr'>est</span> <span class='ocrx_word' id='word_1_227' title='bbox 591 2051 615 2099; x_wconf 92' lang='lat' dir='ltr'>in</span> <span class='ocrx_word' id='word_1_228' title='bbox 635 2066 662 2101; x_wconf 88' lang='lat' dir='ltr'>re</span> <span class='ocrx_word' id='word_1_229' title='bbox 678 2050 813 2115; x_wconf 84' lang='lat' dir='ltr'>appetibili,</span> <span class='ocrx_word' id='word_1_230' title='bbox 828 2052 867 2101; x_wconf 83' lang='lat' dir='ltr'>sed</span> 
     </span>
     <span class='ocr_line' id='line_1_28' title="bbox 65 2119 867 2185; baseline 0.006 -18"><span class='ocrx_word' id='word_1_231' title='bbox 65 2121 167 2171; x_wconf 76' lang='lat' dir='ltr'>nmmos</span> <span class='ocrx_word' id='word_1_232' title='bbox 187 2120 329 2183; x_wconf 80' lang='lat' dir='ltr'>cognitionis</span> <span class='ocrx_word' id='word_1_233' title='bbox 349 2119 427 2183; x_wconf 78' lang='lat' dir='ltr'>(quod</span> <span class='ocrx_word' id='word_1_234' title='bbox 444 2125 480 2171; x_wconf 86' lang='lat' dir='ltr'>est</span> <span class='ocrx_word' id='word_1_235' title='bbox 502 2121 605 2185; x_wconf 80' lang='lat' dir='ltr'>cerum)</span> <span class='ocrx_word' id='word_1_236' title='bbox 625 2125 659 2171; x_wconf 90' lang='lat' dir='ltr'>est</span> <span class='ocrx_word' id='word_1_237' title='bbox 681 2121 708 2169; x_wconf 89' lang='lat' dir='ltr'>in</span> <span class='ocrx_word' id='word_1_238' title='bbox 728 2121 778 2184; x_wconf 86' lang='lat' dir='ltr'>ipso</span> <span class='ocrx_word' id='word_1_239' title='bbox 799 2121 867 2172; x_wconf 90' lang='lat' dir='ltr'>intel-</span> 
     </span>
     <span class='ocr_line' id='line_1_29' title="bbox 66 2187 867 2257; baseline 0.005 -18"><span class='ocrx_word' id='word_1_240' title='bbox 66 2187 118 2241; x_wconf 83' lang='lat' dir='ltr'>lectu</span> <span class='ocrx_word' id='word_1_241' title='bbox 127 2193 170 2257; x_wconf 74' lang='grc' dir='ltr'><strong>(ι).</strong></span> <span class='ocrx_word' id='word_1_242' title='bbox 186 2192 253 2241; x_wconf 85' lang='lat' dir='ltr'>Sicut</span> <span class='ocrx_word' id='word_1_243' title='bbox 264 2194 343 2241; x_wconf 69' lang='lat' dir='ltr'>auwm</span> <span class='ocrx_word' id='word_1_244' title='bbox 354 2194 445 2241; x_wconf 80' lang='lat' dir='ltr'>bouum</span> <span class='ocrx_word' id='word_1_245' title='bbox 458 2194 530 2243; x_wconf 86' lang='lat' dir='ltr'>estin</span> <span class='ocrx_word' id='word_1_246' title='bbox 548 2193 609 2243; x_wconf 84' lang='lat' dir='ltr'>rein</span> <span class='ocrx_word' id='word_1_247' title='bbox 619 2196 729 2255; x_wconf 85' lang='lat' dir='ltr'>quantum</span> <span class='ocrx_word' id='word_1_248' title='bbox 747 2193 816 2242; x_wconf 91' lang='lat' dir='ltr'>babet</span> <span class='ocrx_word' id='word_1_249' title='bbox 831 2207 867 2243; x_wconf 93' lang='lat' dir='ltr'>or-</span> 
     </span>
     <span class='ocr_line' id='line_1_30' title="bbox 65 2260 867 2326; baseline 0.005 -17"><span class='ocrx_word' id='word_1_250' title='bbox 65 2260 133 2311; x_wconf 85' lang='lat' dir='ltr'>dinem</span> <span class='ocrx_word' id='word_1_251' title='bbox 142 2264 171 2312; x_wconf 83' lang='lat' dir='ltr'>ad</span> <span class='ocrx_word' id='word_1_252' title='bbox 186 2262 335 2326; x_wconf 88' lang='lat' dir='ltr'>appetitum,</span> <span class='ocrx_word' id='word_1_253' title='bbox 346 2264 371 2311; x_wconf 89' lang='lat' dir='ltr'>et</span> <span class='ocrx_word' id='word_1_254' title='bbox 388 2265 481 2325; x_wconf 83' lang='lat' dir='ltr'>proptor</span> <span class='ocrx_word' id='word_1_255' title='bbox 492 2264 537 2313; x_wconf 89' lang='lat' dir='ltr'>boc</span> <span class='ocrx_word' id='word_1_256' title='bbox 549 2263 607 2313; x_wconf 87' lang='lat' dir='ltr'>ratio</span> <span class='ocrx_word' id='word_1_257' title='bbox 626 2262 734 2313; x_wconf 87' lang='lat' dir='ltr'>bonitatis</span> <span class='ocrx_word' id='word_1_258' title='bbox 754 2262 867 2313; x_wconf 86' lang='lat' dir='ltr'>derivatur</span> 
     </span>
    </p>
   </div>
   <div class='ocr_carea' id='block_1_3' title="bbox 67 2404 868 2961">
    <p class='ocr_par' dir='ltr' id='par_1_8' title="bbox 67 2404 868 2961">
     <span class='ocr_line' id='line_1_31' title="bbox 94 2404 868 2468; baseline 0.008 -19"><span class='ocrx_word' id='word_1_259' title='bbox 94 2404 124 2465; x_wconf 88' lang='lat' dir='ltr'>(l)</span> <span class='ocrx_word' id='word_1_260' title='bbox 139 2409 178 2453; x_wconf 80' lang='lat' dir='ltr'>Ab</span> <span class='ocrx_word' id='word_1_261' title='bbox 193 2408 279 2452; x_wconf 85' lang='lat' dir='ltr'>codem</span> <span class='ocrx_word' id='word_1_262' title='bbox 292 2419 364 2463; x_wconf 86' lang='lat' dir='ltr'>quem</span> <span class='ocrx_word' id='word_1_263' title='bbox 378 2418 456 2451; x_wconf 88' lang='lat' dir='ltr'>secum</span> <span class='ocrx_word' id='word_1_264' title='bbox 469 2407 640 2463; x_wconf 82' lang='lat' dir='ltr'>colloquentem</span> <span class='ocrx_word' id='word_1_265' title='bbox 651 2407 751 2468; x_wconf 84' lang='lat' dir='ltr'>inducit,</span> <span class='ocrx_word' id='word_1_266' title='bbox 766 2409 868 2467; x_wconf 82' lang='lat' dir='ltr'>assigna·</span> 
     </span>
     <span class='ocr_line' id='line_1_32' title="bbox 67 2474 116 2512; baseline 0.02 -1"><span class='ocrx_word' id='word_1_267' title='bbox 67 2474 116 2512; x_wconf 81' lang='lat' dir='ltr'>lam.</span> 
     </span>
     <span class='ocr_line' id='line_1_33' title="bbox 96 2526 868 2589; baseline 0.005 -16"><span class='ocrx_word' id='word_1_268' title='bbox 96 2528 125 2588; x_wconf 74' lang='lat' dir='ltr'>li.)</span> <span class='ocrx_word' id='word_1_269' title='bbox 140 2533 194 2577; x_wconf 81' lang='lat' dir='ltr'>Nou</span> <span class='ocrx_word' id='word_1_270' title='bbox 210 2532 293 2576; x_wconf 83' lang='lat' dir='ltr'>obstat</span> <span class='ocrx_word' id='word_1_271' title='bbox 307 2530 429 2585; x_wconf 70' lang='lat' dir='ltr'>quonjam</span> <span class='ocrx_word' id='word_1_272' title='bbox 440 2526 528 2588; x_wconf 68' lang='lat' dir='ltr'>sopra,</span> <span class='ocrx_word' id='word_1_273' title='bbox 542 2538 622 2586; x_wconf 81' lang='lat' dir='ltr'>quaest.</span> <span class='ocrx_word' id='word_1_274' title='bbox 638 2532 661 2589; x_wconf 85' lang='lat'>8,</span> <span class='ocrx_word' id='word_1_275' title='bbox 675 2538 719 2577; x_wconf 84' lang='lat' dir='ltr'>art.</span> <span class='ocrx_word' id='word_1_276' title='bbox 732 2532 755 2589; x_wconf 80' lang='lat'>3,</span> <span class='ocrx_word' id='word_1_277' title='bbox 771 2532 827 2576; x_wconf 80' lang='lat' dir='ltr'>(lixit</span> <span class='ocrx_word' id='word_1_278' title='bbox 836 2529 868 2577; x_wconf 87' lang='lat' dir='ltr'>ita</span> 
     </span>
     <span class='ocr_line' id='line_1_34' title="bbox 67 2592 868 2650; baseline 0.005 -16"><span class='ocrx_word' id='word_1_279' title='bbox 67 2592 154 2637; x_wconf 74' lang='lat' dir='ltr'>solitum</span> <span class='ocrx_word' id='word_1_280' title='bbox 166 2605 221 2637; x_wconf 87' lang='lat' dir='ltr'>esse</span> <span class='ocrx_word' id='word_1_281' title='bbox 234 2593 259 2636; x_wconf 89' lang='lat' dir='ltr'>in</span> <span class='ocrx_word' id='word_1_282' title='bbox 271 2594 377 2650; x_wconf 81' lang='lat' dir='ltr'>volente,</span> <span class='ocrx_word' id='word_1_283' title='bbox 390 2593 448 2637; x_wconf 90' lang='lat' dir='ltr'>sicut</span> <span class='ocrx_word' id='word_1_284' title='bbox 461 2593 543 2637; x_wconf 83' lang='lat' dir='ltr'>scitum</span> <span class='ocrx_word' id='word_1_285' title='bbox 559 2599 595 2637; x_wconf 88' lang='lat' dir='ltr'>cst</span> <span class='ocrx_word' id='word_1_286' title='bbox 609 2595 632 2638; x_wconf 91' lang='lat' dir='ltr'>in</span> <span class='ocrx_word' id='word_1_287' title='bbox 647 2595 733 2639; x_wconf 80' lang='lat' dir='ltr'>sciente</span> <span class='ocrx_word' id='word_1_288' title='bbox 750 2611 755 2637; x_wconf 91' lang='lat'>:</span> <span class='ocrx_word' id='word_1_289' title='bbox 768 2595 791 2637; x_wconf 75' lang='lat' dir='ltr'>iol</span> <span class='ocrx_word' id='word_1_290' title='bbox 806 2596 868 2639; x_wconf 87' lang='lat' dir='ltr'>euim</span> 
     </span>
     <span class='ocr_line' id='line_1_35' title="bbox 67 2653 867 2711; baseline 0.006 -17"><span class='ocrx_word' id='word_1_291' title='bbox 67 2653 90 2696; x_wconf 83' lang='lat' dir='ltr'>le</span> <span class='ocrx_word' id='word_1_292' title='bbox 105 2654 196 2699; x_wconf 79' lang='lat' dir='ltr'>formali</span> <span class='ocrx_word' id='word_1_293' title='bbox 214 2655 318 2699; x_wconf 85' lang='lat' dir='ltr'>termino</span> <span class='ocrx_word' id='word_1_294' title='bbox 335 2654 460 2709; x_wconf 78' lang='lat' dir='ltr'>intellexit,</span> <span class='ocrx_word' id='word_1_295' title='bbox 472 2654 528 2709; x_wconf 83' lang='lat' dir='ltr'>quia</span> <span class='ocrx_word' id='word_1_296' title='bbox 545 2660 592 2698; x_wconf 84' lang='lat' dir='ltr'>tam</span> <span class='ocrx_word' id='word_1_297' title='bbox 611 2657 635 2700; x_wconf 86' lang='lat' dir='ltr'>in</span> <span class='ocrx_word' id='word_1_298' title='bbox 652 2658 743 2701; x_wconf 82' lang='lat' dir='ltr'>volente</span> <span class='ocrx_word' id='word_1_299' title='bbox 763 2657 830 2711; x_wconf 79' lang='lat' dir='ltr'>quam</span> <span class='ocrx_word' id='word_1_300' title='bbox 844 2658 867 2700; x_wconf 91' lang='lat' dir='ltr'>iu</span> 
     </span>
     <span class='ocr_line' id='line_1_36' title="bbox 67 2714 866 2774; baseline 0.006 -18"><span class='ocrx_word' id='word_1_301' title='bbox 67 2716 147 2761; x_wconf 65' lang='lat' dir='ltr'>§simle</span> <span class='ocrx_word' id='word_1_302' title='bbox 163 2717 280 2761; x_wconf 70' lang='lat' dir='ltr'>formetur</span> <span class='ocrx_word' id='word_1_303' title='bbox 298 2716 397 2760; x_wconf 87' lang='lat' dir='ltr'>interius</span> <span class='ocrx_word' id='word_1_304' title='bbox 410 2714 496 2771; x_wconf 75' lang='lat' dir='ltr'>aliquid</span> <span class='ocrx_word' id='word_1_305' title='bbox 507 2728 553 2771; x_wconf 85' lang='lat' dir='ltr'>quo</span> <span class='ocrx_word' id='word_1_306' title='bbox 568 2716 615 2761; x_wconf 87' lang='lat' dir='ltr'>vult</span> <span class='ocrx_word' id='word_1_307' title='bbox 627 2719 663 2762; x_wconf 84' lang='lat' dir='ltr'>rel</span> <span class='ocrx_word' id='word_1_308' title='bbox 677 2719 811 2774; x_wconf 81' lang='lat' dir='ltr'>cognoscit;</span> <span class='ocrx_word' id='word_1_309' title='bbox 827 2720 866 2761; x_wconf 87' lang='lat' dir='ltr'>sed</span> 
     </span>
     <span class='ocr_line' id='line_1_37' title="bbox 68 2778 866 2835; baseline -0.001 -13"><span class='ocrx_word' id='word_1_310' title='bbox 68 2778 123 2828; x_wconf 76' lang='lat' dir='ltr'>uuetl</span> <span class='ocrx_word' id='word_1_311' title='bbox 141 2779 255 2823; x_wconf 78' lang='lat' dir='ltr'>lor-matur</span> <span class='ocrx_word' id='word_1_312' title='bbox 268 2779 294 2822; x_wconf 89' lang='lat' dir='ltr'>in</span> <span class='ocrx_word' id='word_1_313' title='bbox 309 2778 401 2822; x_wconf 83' lang='lat' dir='ltr'>uolente</span> <span class='ocrx_word' id='word_1_314' title='bbox 420 2790 467 2822; x_wconf 87' lang='lat' dir='ltr'>non</span> <span class='ocrx_word' id='word_1_315' title='bbox 487 2784 523 2822; x_wconf 84' lang='lat' dir='ltr'>est</span> <span class='ocrx_word' id='word_1_316' title='bbox 541 2778 584 2822; x_wconf 91' lang='lat' dir='ltr'>nisi</span> <span class='ocrx_word' id='word_1_317' title='bbox 603 2779 695 2835; x_wconf 75' lang='lat' dir='ltr'>putidam</span> <span class='ocrx_word' id='word_1_318' title='bbox 710 2781 820 2835; x_wconf 86' lang='lat' dir='ltr'>impulsus</span> <span class='ocrx_word' id='word_1_319' title='bbox 839 2780 866 2821; x_wconf 81' lang='lat' dir='ltr'>orl</span> 
     </span>
     <span class='ocr_line' id='line_1_38' title="bbox 70 2839 866 2897; baseline -0.004 -12"><span class='ocrx_word' id='word_1_320' title='bbox 70 2840 161 2885; x_wconf 71' lang='lat' dir='ltr'>exures</span> <span class='ocrx_word' id='word_1_321' title='bbox 171 2841 303 2897; x_wconf 80' lang='lat' dir='ltr'>appetibile</span> <span class='ocrx_word' id='word_1_322' title='bbox 317 2839 381 2895; x_wconf 83' lang='lat' dir='ltr'>quod</span> <span class='ocrx_word' id='word_1_323' title='bbox 395 2845 431 2884; x_wconf 83' lang='lat' dir='ltr'>e‘st</span> <span class='ocrx_word' id='word_1_324' title='bbox 442 2842 528 2885; x_wconf 87' lang='lat' dir='ltr'>bonurn</span> <span class='ocrx_word' id='word_1_325' title='bbox 546 2857 551 2882; x_wconf 77' lang='lat' dir='ltr'>r</span> <span class='ocrx_word' id='word_1_326' title='bbox 569 2842 629 2895; x_wconf 87' lang='lat' dir='ltr'>qnod</span> <span class='ocrx_word' id='word_1_327' title='bbox 646 2848 721 2887; x_wconf 86' lang='lat' dir='ltr'>eutero</span> <span class='ocrx_word' id='word_1_328' title='bbox 743 2842 765 2884; x_wconf 92' lang='lat' dir='ltr'>in</span> <span class='ocrx_word' id='word_1_329' title='bbox 780 2841 866 2883; x_wconf 83' lang='lat' dir='ltr'>sciente</span> 
     </span>
     <span class='ocr_line' id='line_1_39' title="bbox 71 2897 856 2961; baseline -0.005 -14"><span class='ocrx_word' id='word_1_330' title='bbox 71 2897 181 2961; x_wconf 73' lang='lat' dir='ltr'>locutor,</span> <span class='ocrx_word' id='word_1_331' title='bbox 195 2909 232 2947; x_wconf 91' lang='lat' dir='ltr'>est</span> <span class='ocrx_word' id='word_1_332' title='bbox 245 2902 336 2957; x_wconf 82' lang='lat' dir='ltr'>objecti</span> <span class='ocrx_word' id='word_1_333' title='bbox 351 2901 426 2957; x_wconf 74' lang='lat' dir='ltr'>potius</span> <span class='ocrx_word' id='word_1_334' title='bbox 438 2903 583 2947; x_wconf 84' lang='lat' dir='ltr'>attractirurn</span> <span class='ocrx_word' id='word_1_335' title='bbox 598 2904 789 2948; x_wconf 71' lang='lat' dir='ltr'>cointellectum.</span> <span class='ocrx_word' id='word_1_336' title='bbox 853 2921 856 2925; x_wconf 94' lang='lat'>·</span> 
     </span>
    </p>
   </div>
   <div class='ocr_carea' id='block_1_4' title="bbox 0 0 1009 3342">
    <p class='ocr_par' dir='ltr' id='par_1_9' title="bbox 0 0 1009 3342">
     <span class='ocr_line' id='line_1_40' title="bbox 0 0 1009 3342; baseline 0 0"><span class='ocrx_word' id='word_1_337' title='bbox 0 0 1009 3342; x_wconf 95' lang='lat' dir='ltr'> </span> 
     </span>
    </p>
   </div>
  </div>
 </body>
</html>
