1992 3342
149 235 181 271 ns
196 234 313 280 nouum
328 235 360 272 :r
373 236 503 273 emon.
519 236 595 276 num.
613 236 778 277 menam.
812 224 864 287 tl‘ll

364 394 520 445 nummulis
531 394 570 445 tl.

129 508 215 555 Uirium
223 508 300 553 Filiae
308 508 340 553 eit
347 510 444 566 aqualia
452 509 523 555 Petri
531 510 658 557 seeundum
670 514 808 569 palmeam.

102 626 137 677 Ad
153 630 243 679 sextum
259 626 292 676 eie
308 626 435 690 proceditur
447 625 490 691 (ll.
505 626 597 677 Videtur
612 627 671 693 quoti
691 628 761 681 Filius
775 644 820 681 non
835 632 865 683 sit

15 717 16 722 ¹
69 698 163 762 equalis
177 697 240 747 Patri
255 696 379 748 secundem
395 697 530 762 potentiam.
544 697 629 749 [licitur
642 700 703 751 enim
722 702 806 755 Iona..
820 702 839 750 V
855 719 861 751 ι

73 771 150 821 allen
167 770 242 836 potest
254 769 323 820 lilius
338 769 351 819 l
364 782 388 820 ee
404 768 481 821 iacere
495 770 633 834 quidquam,
650 771 693 821 nisi
711 770 769 836 quod
785 772 866 824 viderit

72 840 166 893 Patrem
187 839 316 891 facientem.
336 857 351 886 »
366 842 433 891 Pater
449 845 524 892 autem
539 840 588 891 ise
604 845 679 905 potest
695 842 769 893 lacere
790 858 795 893 :
813 858 867 908 erge

71 912 141 961 Pater
158 911 231 974 malor
242 914 277 961 est
292 910 348 962 Filio
362 912 485 962 morandum
498 911 635 976 potentiam.

103 988 128 1034 ι.
144 985 266 1047 Praeterea,
277 984 351 1048 major
364 988 399 1035 est
409 984 511 1049 potentia
525 984 574 1048 ejus
587 982 627 1049 qui
639 984 742 1049 precipit
754 989 777 1036 et
792 987 866 1051 decet,

73 1054 143 1119 qnlm
159 1054 210 1117 ejus
218 1054 257 1118 qui
268 1055 344 1106 obedit
356 1061 381 1107 et
393 1056 463 1106 audit.
474 1056 519 1106 Sed
531 1056 599 1107 Pater
608 1056 702 1107 mandat
712 1056 777 1117 lilio,
788 1071 868 1108 seeun-

72 1126 128 1177 (lum
144 1124 200 1175 illud
211 1126 294 1190 Joen.⁷
304 1128 355 1177 xlv
371 1143 376 1176 :
395 1144 409 1174 u
422 1127 484 1177 Siout
497 1128 629 1177 mandatum
642 1125 703 1176 dedit
716 1126 772 1175 milri
785 1128 867 1193 Pater,

71 1196 107 1247 sie
123 1194 184 1246 lanio
202 1194 244 1261 (ι).
266 1198 364 1247 »Pater
383 1198 451 1249 etiam
469 1199 536 1248 donet
551 1196 650 1258 Filium,
669 1194 793 1249 secundom
811 1195 868 1247 illud

71 1268 188 1324 Joan.,v
203 1282 209 1316 :
222 1268 313 1319 «Pater
324 1268 397 1331 diligit
408 1267 503 1331 litum,
515 1271 538 1317 at
550 1266 625 1318 omnia
635 1266 774 1317 demonstrat
785 1266 807 1317 ei
818 1280 869 1329 qua

70 1338 123 1403 ipse
134 1337 198 1388 lacit.
210 1338 340 1388 »Similiter
350 1343 373 1389 et
379 1338 448 1389 Filius
457 1336 529 1401 audit,
538 1335 663 1388 secundum
673 1336 729 1387 illud
740 1338 849 1393 toen.,v
861 1354 868 1387 ι

72 1426 88 1457 u
96 1409 163 1459 Sicut
174 1408 250 1473 audie,
260 1408 348 1474 judico.
360 1425 374 1456 »
385 1410 444 1473 llrgo
454 1410 522 1459 Pater
533 1412 568 1461 est
579 1407 672 1475 majoris
682 1408 791 1473 potentie
802 1407 869 1473 quim

72 1481 154 1532 lilius.

105 1558 128 1605 a.
144 1554 273 1615 Praeterea,
287 1552 315 1602 ad
329 1551 516 1616 omnipotentiam
529 1549 605 1601 Patris
614 1550 715 1615 pertinet
729 1548 789 1614 quod
799 1550 871 1615 possit

70 1624 156 1675 lilium
170 1635 279 1686 generare
292 1622 335 1673 sibi
350 1622 472 1689 equalem3
486 1622 541 1673 uicit
554 1621 615 1672 enim
631 1621 768 1685 Augustinus
780 1621 805 1671 in
825 1622 867 1673 tlt.

74 1696 170 1745 Contra
181 1694 352 1745 Maximinum
364 1710 396 1744 :u
407 1692 486 1744 Sinon
497 1693 571 1758 potuit
580 1704 688 1755 generare
696 1691 738 1743 sibi
746 1692 870 1757 equalem,

71 1766 114 1816 nbi
134 1769 171 1817 est
185 1764 351 1829 omnipotentia
364 1765 406 1817 llei
418 1764 506 1816 Patris?
518 1781 531 1811 u
546 1764 592 1816 Sed
606 1763 676 1819 Filius
689 1778 734 1815 non
748 1768 823 1829 potest
834 1778 872 1827 ge·

73 1850 158 1887 nerare
172 1836 292 1898 tilium‚ut
303 1835 371 1900 suprl
380 1840 495 1887 ostensum
510 1839 545 1886 est
555 1834 604 1901 (qu.
616 1838 639 1899 t,
650 1838 694 1885 art.
709 1836 741 1899 t).
756 1836 807 1886 Non
818 1848 871 1899 ergo

73 1910 184 1975 quiequid
199 1908 298 1973 pertinet
314 1910 342 1959 ad
355 1907 543 1973 omnipotentiam
560 1906 646 1971 Patris,
665 1910 740 1971 potest
752 1906 834 1971 Filius3
849 1911 873 1958 et

72 1984 108 2035 ita
123 1996 172 2033 uon
182 1985 218 2033 est
227 1981 250 2032 ei
262 1980 287 2030 in
297 1984 408 2047 potestate
422 1980 525 2046 equalis.

105 2055 152 2104 Sed
162 2055 242 2104 eontra
254 2056 302 2116 est,
316 2054 374 2116 quod
386 2051 469 2101 dicitur
480 2053 563 2111 loen..
573 2052 592 2100 V
605 2066 610 2100 :
622 2052 791 2115 «Quaecunque
805 2051 873 2103 Pater

72 2126 144 2189 lauit,
158 2126 210 2175 lieu
222 2128 246 2175 et
259 2123 329 2175 lilius
341 2124 446 2174 similiter
461 2124 550 2175 lacit.»

107 2197 267 2264 (Consuesse.
276 2222 307 2233 —
317 2194 372 2246 cnm
386 2196 455 2246 iilius
468 2196 559 2259 equalis
571 2196 601 2247 sit
614 2196 677 2247 Patri
694 2194 719 2245 in
732 2195 872 2260 perfectione

74 2272 183 2331 nature,
195 2266 306 2330 equalem
319 2266 341 2317 ei
357 2281 406 2319 esse
416 2267 442 2317 in
452 2266 493 2317 sui
505 2267 607 2331 potentii
620 2280 712 2319 neeesse
722 2265 780 2331 est)

107 2339 244 2403 Respondeo
258 2337 391 2403 uiuendum,
407 2337 467 2401 quod
483 2352 575 2389 neeesse
592 2342 626 2389 est
638 2338 712 2389 dicere
727 2336 786 2402 quid
802 2337 872 2387 lilius

75 2413 111 2461 est
127 2409 222 2474 equalis
237 2409 299 2459 Patri
314 2409 459 2473 inpotestate
470 2409 513 2474 (e).
529 2409 633 2461 Potentia
647 2408 708 2460 enim
719 2408 801 2471 agendi
814 2422 876 2459 con-¹

74 2481 181 2545 sequitur
189 2479 352 2543 perlectionem
362 2485 462 2544 nature3
473 2480 576 2531 videmus
589 2479 650 2531 euim
659 2481 684 2531 in
695 2480 803 2531 creaturis
813 2479 874 2545 quot

109 2613 142 2678 (1)
159 2618 193 2661 Ite
204 2616 241 2661 hle
250 2617 320 2662 etiem
331 2618 354 2674 1,
369 2616 446 2667 Seni„
456 2616 510 2662 dist.
522 2616 567 2675 20,
583 2622 626 2662 art.
637 2617 661 2662 ἱ.

111 2685 143 2747 (2)
158 2688 195 2733 sle
210 2686 293 2732 lluttt.
304 2688 361 2746 Vll,
373 2700 433 2733 vers.
445 2687 477 2732 29
489 2704 495 2732 :
508 2688 581 2733 Sicut
590 2692 724 2747 potestatem
734 2687 821 2734 natam
830 2686 874 2732 do·

75 2749 141 2795 cebet
154 2749 273 2807 Christus,
286 2756 332 2795 ete.

110 2817 142 2882 (3)
154 2821 206 2865 siue
216 2820 285 2876 paulo
295 2821 346 2867 aliie
357 2821 434 2867 verbis
444 2827 469 2866 et
477 2818 521 2866 alil
531 2822 603 2880 serie,
613 2823 692 2878 ullam
702 2826 770 2867 antea
782 2832 822 2877 qu.
833 2818 872 2875 tt,

77 2889 120 2992 ἷιτιξ.
130 2882 155 2991 g,
167 2896 218 2991 ”tge
228 2882 276 2928 Sed
285 2888 370 2930 contre
378 2884 402 2930 in
411 2883 472 2929 illiue
479 2884 581 2942 margine
592 2884 691 2931 relatum
700 2889 736 2931 eet
746 2894 774 2929 ex
785 2894 837 2939 nup.
848 2880 874 2941 7,

115 2978 122 2991 .
158 2957 191 3004 ‚e
219 2978 226 2991 .
