1992 3342
140 231 170 278 ιθ
352 241 412 280 unns
429 242 451 290 1,
467 241 560 286 ouum.
577 241 613 287 n,
631 241 686 280 nnn.
703 242 730 278 11.

171 322 195 370 a.
209 317 658 381 meurea‚menumuem0umuun
667 314 837 460 ειη·
837 320 889 388 m.
902 318 949 368 seu
990 300 992 385 ι

141 390 170 440 de
183 391 230 440 Deo
241 403 287 441 uon
299 401 418 454 possumus
430 404 488 442 sune
499 405 539 455 qm
567 395 617 453 est,
684 391 757 440 solum
785 389 825 440 u1d
837 403 884 440 nou
896 394 948 450 est,
990 388 992 451 Ῑ

140 464 166 511 ul
184 461 238 512 dicit
250 464 402 514 damascenus
420 479 426 512 :
444 476 498 527 ergo
515 477 562 513 non
573 476 693 528 possumus
708 454 862 513 demonstrare
895 453 949 512 eum
990 504 992 557 Ι

142 545 202 584 esse,
990 562 992 577 :

171 609 194 654 3.
218 606 343 669 Preietos,
359 605 378 656 si
392 606 584 657 demonstraretur
597 608 669 656 Deum
682 618 746 669 ease,
760 607 805 656 hoo
821 618 870 655 non
886 611 949 656 esset

139 674 184 726 nisi
194 689 222 726 er
234 677 353 728 edentibus
365 677 424 742 ojus.
435 675 952 742 smeuecnutuuouunpnpuninnau

125 745 688 815 unmmnunmnnnmunnnu
698 747 951 798 insanandus·
990 788 992 793 -

138 818 212 870 nitum
222 833 268 870 non
280 824 314 871 esi
322 820 438 885 proportio
445 820 480 887 (ι)
493 837 498 870 :
510 835 563 870 num
576 833 761 884 ergoeausanon
770 819 843 883 possit
854 819 952 870 demon·
990 816 992 887 j

138 891 205 942 etmri
214 892 370 956 peredeutum
379 892 478 944 sibinen
487 889 952 957 proportionutnm,uidetrnquddlleum
990 894 992 955 i

137 975 189 1014 esse
203 978 250 1016 uon
265 965 337 1030 possit
350 965 508 1016 demonstrari.
990 960 992 995 ¹

170 1036 216 1086 Sed
227 1041 306 1087 mutua
319 1041 369 1101 est,
383 1036 444 1102 qndd
463 1037 591 1101 Apostolus
599 1035 654 1087 dicit
667 1036 838 1086 ud'llomunoe
852 1035 930 1099 primo
947 1055 953 1088 :

141 1123 156 1154 u
169 1107 293 1158 Invisibilia
308 1109 359 1172 Ilei,
372 1122 413 1173 per
427 1121 455 1159 ea
468 1121 520 1173 quae
533 1107 593 1158 taeta
605 1112 672 1171 snut,
685 1107 801 1158 intellecta
813 1105 848 1171 (2)
861 1109 954 1174 uouspi-

141 1179 240 1230 eiuntur.
262 1196 276 1226 u
295 1181 340 1231 Sed
356 1183 400 1230 hou
419 1195 466 1232 non
486 1183 561 1243 esset,
582 1179 627 1231 nisi
642 1193 684 1244 per
699 1193 727 1230 ea
741 1193 793 1244 qnae
809 1178 870 1228 facta
883 1186 952 1241 sunt,

141 1255 217 1314 posset
229 1251 379 1302 demonstrari
395 1253 468 1303 ileum
485 1265 535 1303 esee
552 1267 558 1302 z
578 1252 677 1316 primum
695 1251 771 1315 enim,
789 1250 849 1315 qnod
859 1256 954 1314 oportet

140 1321 239 1387 intelligi
255 1325 282 1375 de
296 1324 384 1389 aliquo,
399 1329 433 1376 est
450 1339 480 1375 au
492 1325 530 1376 sit.

104 1433 108 1440 ,
174 1396 368 1462 (Conmus10.-
384 1399 526 1470 ngpimesse
546 1397 649 1468 maturis
673 1409 720 1446 non
736 1394 847 1463 appion,
866 1409 954 1461 apos

144 1467 321 1532 telesinum
331 1467 782 1534 demonstrationemsi..uiu1‚a.eins
791 1467 954 1532 notissimus
979 1520 983 1524 .

142 1541 235 1591 ellectu.
910 1547 914 1556 ‘

137 1539 309 1676 *di'spdlieo
324 1611 458 1676 dicendum,
480 1613 541 1677 quod
554 1612 638 1676 duplex
649 1616 684 1662 est
699 1609 870 1662 demonstratio.
885 1614 954 1677 Una,

142 1697 193 1748 quae
210 1687 245 1734 est
257 1696 298 1748 pei
314 1697 404 1734 oausam
420 1687 443 1734 et
458 1682 736 1805 ιὶιίιεεψ,
754 1685 778 1734 et
794 1684 844 1733 hue
860 1688 899 1734 eet
912 1699 955 1750 per

142 1755 218 1820 prium
234 1755 381 1820 simpliciter3
398 1757 442 1806 alia
460 1760 587 1834 estpffl
600 1770 696 1827 ,εεψιῃ
717 1759 741 1805 et
756 1753 838 1805 dieitur
858 1755 956 1808 demon·
990 1780 992 1799 ι

143 1827 333 1900 stratiquwt
345 1829 394 1879 hee
404 1832 439 1878 esi
448 1842 489 1893 per
500 1841 528 1879 ea
537 1843 587 1892 qua
595 1825 649 1878 sunt
656 1827 735 1892 priora
743 1840 788 1892 quo
796 1827 826 1876 ad
834 1840 886 1878 nos.
897 1829 956 1880 Cdm

100 1939 101 1942 ,
144 1899 205 1950 enim
222 1901 317 1952 effectus
336 1900 417 1965 aliquis
435 1900 501 1951 nobis
519 1905 554 1951 est
574 1899 715 1951 manifestior
729 1898 797 1963 quiin
813 1912 855 1949 sua
869 1914 955 1966 eausa,

145 1985 188 2035 nar
202 1972 314 2037 ,effaetum
326 1971 471 2040 usnemun
487 1973 517 2037 ad
533 1973 781 2040 ominemens-
800 1973 834 2022 nx
850 1974 956 2036 quolibet
990 1978 992 1995 ²

145 2047 222 2094 antem
235 2045 317 2098 ellectu
332 2047 408 2108 potest
422 2045 571 2095 demonstrari
586 2045 702 2109 proprium
716 2057 809 2095 mnsam
822 2043 874 2108 ejus
887 2059 956 2111 esse,

146 2114 253 2166 sitamen
268 2116 319 2180 ejus
336 2115 432 2168 effeetns
442 2115 489 2166 sint
507 2116 580 2179 magis
593 2116 642 2166 noti
657 2130 702 2182 quo
713 2117 797 2166 adnus
811 2131 817 2164 ε
833 2115 957 2180 quiaodm

146 2187 241 2238 edemus
253 2188 382 2253 dependeat
394 2202 409 2238 a
425 2201 493 2240 causa
499 2225 508 2252 ‚
522 2187 596 2267 mrito
607 2189 846 2258 edemus-tepefio&
862 2201 957 2256 oausam

164 2259 302 2310 raeexistere.
318 2260 381 2311 Unde
392 2262 465 2310 Deum
480 2274 545 2324 esse,
558 2255 684 2311 secundum
695 2261 755 2324 quod
765 2273 812 2310 non
822 2263 859 2310 est
874 2275 919 2324 per
933 2277 958 2314 se

149 2343 178 2380 no
189 2345 254 2394 umq
333 2344 388 2394 nos,
403 2332 578 2383 demonstrabile
592 2336 627 2382 est
637 2347 679 2396 per
692 2332 788 2382 effectus
798 2330 866 2381 nobie
878 2337 958 2384 notos.

181 2402 214 2452 dd
227 2401 325 2467 primunr
336 2417 389 2469 ergo
400 2404 522 2456 dicendum
540 2419 546 2454 ι
566 2403 627 2468 quod
637 2407 708 2456 Deum
718 2416 769 2456 esse
780 2406 804 2454 et
817 2403 863 2453 alia
875 2404 962 2470 nujus·
990 2414 992 2417 ·

150 2533 174 2578 2.
192 2532 227 2592 9.,
240 2537 323 2590 quest.
337 2531 365 2592 l,
378 2533 530 2590 explicabitur
547 2544 576 2577 ex
594 2532 709 2588 professo.
727 2531 791 2584 Quod
808 2536 889 2577 autern
904 2535 964 2579 snb-

148 2597 252 2654 jnngitnr
265 2609 295 2642 ex
307 2599 460 2656 damasceno,
471 2597 520 2652 iarn
531 2600 640 2640 notatum
648 2601 684 2639 est
692 2606 770 2650 snpra.

185 2655 214 2720 (1)
232 2660 294 2705 Siout
307 2657 414 2716 expreasd
427 2660 470 2704 lib.
486 2656 498 2703 1
510 2692 516 2717 ,
528 2656 557 2703 de
572 2659 645 2718 ooelo,
659 2663 718 2703 text.
736 2655 779 2715 52,
794 2661 819 2701 et
830 2655 875 2717 dt,
888 2661 962 2716 paulo

154 2721 205 2768 aliis
216 2722 293 2768 uerbis
305 2722 422 2767 asseritur.

188 2781 218 2845 (i)
231 2788 275 2830 Seu
286 2785 460 2842 irrtetteotoper
468 2789 557 2834 emelo.
572 2779 860 2850 (τιῖςπειέμασενιὺμεια)
868 2787 895 2828 ut
905 2795 965 2830 eon-

154 2857 250 2902 struetio
259 2857 288 2902 sit
298 2855 396 2912 planior.
406 2856 441 2900 Sto
452 2855 611 2912 cenapum,
626 2865 688 2898 vers.
703 2852 718 2896 5
731 2870 736 2897 :
752 2851 771 2898 A
785 2854 966 2912 mupua'tudiue

155 2919 244 2975 speciei
261 2922 282 2962 et
297 2922 415 2962 creature
432 2919 522 2975 poterit
540 2916 640 2961 Creator
656 2916 744 2960 dorum
764 2915 968 2974 eopooaeidila'ter

156 2979 238 3027 uidere·
252 2978 393 3049 (αεελόγως)
402 2980 470 3037 ’φιεεί
482 2992 523 3036 per
534 2978 650 3036 quendem
660 2978 822 3038 collationem,
834 2985 883 3026 eto.
