1992 3342
140 201 186 249 tto
336 210 396 247 raus
411 212 434 260 u,
450 210 542 255 oumsr.
559 210 622 259 xxv,
640 208 694 246 auu.
709 210 745 246 v1.

144 289 221 339 iacere
233 288 302 352 quim
320 286 415 349 lecerit,
435 289 459 337 et
471 286 557 349 noluit,
571 284 663 336 invium
675 285 728 335 lauit.
749 284 795 336 Sed
806 284 892 335 inuidia
905 286 932 334 est

140 360 233 411 omuino
251 360 351 423 relegata
367 358 383 408 a
398 361 466 409 Deo:
486 370 541 421 ergo
557 359 617 407 lleus
636 358 812 422 unumquodque
830 358 886 409 lecit
899 370 931 419 op·

139 431 233 496 timnm;
253 446 299 481 non
319 445 373 494 ergo
394 433 454 481 Deus
472 433 548 495 potest
566 429 649 494 aliquid
671 430 746 481 lacere
768 430 852 481 melius
876 428 928 495 quin

139 502 202 554 lecit.

172 580 195 625 3.
212 578 336 638 materen,
350 574 375 623 id
391 575 451 638 quoti
469 578 505 625 est
517 572 616 624 maxime
634 572 671 623 vel
691 573 758 623 ualde
776 574 866 625 honum
875 612 883 639 ,
897 586 931 623 nou

140 651 204 712 potet
218 647 302 697 malim
315 645 378 709 lieri,
393 646 447 709 quia
463 646 562 696 maximo
583 644 640 695 nihil
656 648 690 695 est
712 646 797 710 majus.
819 646 868 697 Sed
890 646 931 696 sicut

140 719 281 782 Augustinus
299 717 354 767 dicit
371 718 396 766 in
416 718 529 775 Euclio„
556 730 607 781 cap.
625 720 654 766 tt
676 731 681 765 :
707 732 721 764 Ι(
740 718 804 767 Bona
826 723 881 769 sunt
899 716 931 767 un·

141 791 193 853 gula
214 804 265 854 qua
287 790 347 839 Deus
369 789 441 853 lecit,
462 790 502 840 secl
525 788 592 839 simul
615 787 735 851 universa,
756 790 930 852 vallebona»

139 862 194 925 qnia
205 876 233 911 ex
245 861 349 911 omnibus
357 862 461 913 consistit
470 862 626 913 universitatis
635 860 776 911 admirabilis
787 862 931 926 pulchritudo.

140 935 199 995 Ergo
212 934 297 983 bonum
309 933 410 984 raniversi
421 948 467 984 non
479 936 555 999 potest
564 933 646 983 melius
657 932 707 981 fieri
719 930 732 982 a
746 934 801 983 ileo.

173 1009 196 1055 l.
209 1007 332 1069 praterea,
344 1007 412 1056 homo
426 1006 528 1057 Christus
539 1009 574 1055 est
586 1006 667 1070 plenus
683 1004 756 1069 gratil
770 1006 900 1057 elueritate
918 1006 933 1052 el

140 1076 250 1142 Spiritum
259 1078 329 1128 habet
338 1092 384 1127 uon
395 1079 423 1128 ad
437 1090 582 1128 mensuram:
598 1076 664 1127 etsie
680 1090 727 1127 uon
740 1081 817 1142 potest
834 1092 885 1129 esse
897 1090 934 1126 ne·

46 1181 49 1186 ·
141 1149 191 1200 lior.
206 1150 325 1200 Beatituclo
339 1150 408 1200 etiam
422 1153 499 1201 creata
514 1149 596 1199 (licitum
614 1160 663 1199 esse
677 1162 792 1199 summurn
805 1150 892 1200 bonnm
902 1165 906 1196 :
917 1150 933 1197 et

141 1221 175 1271 sic
186 1235 232 1271 uon
241 1225 317 1285 potest
330 1234 380 1271 esse
394 1221 484 1272 mellus.
499 1222 568 1274 Beata
582 1220 651 1270 etiam
664 1218 730 1283 virgo
741 1220 812 1271 Maria
825 1225 862 1271 est
877 1230 932 1284 sunu

141 1306 221 1344 omues
238 1295 319 1343 choros
338 1293 470 1355 augelorum
488 1294 609 1343 exaltata:
631 1296 655 1341 et
673 1291 705 1341 sic
725 1306 772 1343 non
795 1297 873 1358 potest
894 1304 932 1343 ese

141 1364 231 1415 melior,
239 1367 290 1415 Nou
298 1364 369 1427 igitm
378 1365 454 1414 omnia
462 1378 513 1429 qua
523 1364 579 1415 lecit
587 1364 653 1427 Deus,
661 1367 737 1427 potest
748 1364 827 1415 lacere
838 1364 930 1415 meliora.

171 1438 216 1488 Sed
229 1439 308 1488 contra
327 1440 375 1499 est,
389 1436 450 1500 quod
465 1436 548 1486 licitur
562 1436 590 1486 ad
602 1436 691 1501 optes.
712 1436 760 1499 ΙΙΙ,
776 1436 839 1501 quod
857 1438 934 1486 olens

141 1512 217 1572 potest
231 1508 306 1559 omnia
329 1508 405 1559 lacere
424 1506 578 1559 abundantiis
596 1506 662 1571 quim
678 1506 799 1572 petimus,
820 1512 860 1558 aut
878 1506 935 1557 intel·

140 1580 240 1643 ligimus.
256 1598 270 1628 u

173 1652 324 1717 (Concuumo.
343 1678 374 1689 -
396 1654 447 1702 Non
466 1652 541 1714 nomst
557 1649 570 1700 l
585 1650 631 1701 lieo
647 1664 684 1699 res
702 1650 784 1699 eadem
801 1651 883 1702 melior
895 1648 937 1699 lieri

142 1724 332 1787 substantialiter,
349 1724 390 1774 sed
406 1722 574 1773 accidentaliter
584 1738 591 1786 3
603 1726 679 1787 polest
691 1724 771 1772 umen
789 1724 851 1773 Deus
867 1721 939 1787 quain

141 1810 166 1846 re
183 1795 197 1845 a
212 1810 237 1846 se
251 1796 313 1846 lactl
326 1795 393 1847 aliam
407 1795 524 1846 meliorem
537 1794 669 1859 simpliciter
685 1792 790 1859 lacere.)

173 1868 307 1932 Respondeo
322 1868 456 1931 (licendum,
470 1865 531 1931 quod
543 1866 632 1917 bouitas
645 1867 740 1931 alicujus
752 1866 786 1917 rei
801 1870 836 1917 est
850 1866 937 1931 duplex.

143 1944 192 1993 lina
201 1941 306 2006 milleni,
315 1954 366 2005 qum
376 1944 410 1990 est
419 1941 447 1990 (le
458 1939 557 1990 essentia
570 1939 617 2003 rei,
632 1939 691 1989 sicut
704 1952 755 1987 esre
769 1940 897 1989 rationale
909 1942 938 1986 est

142 2015 170 2065 tle
186 2013 283 2065 essentia
304 2012 410 2063 hominis.
425 2013 453 2061 ut
467 2016 578 2075 quantum
592 2013 620 2061 al
637 2012 681 2062 hoc
701 2012 803 2075 bonum,
822 2014 882 2063 Deus
895 2024 937 2061 uon

141 2089 216 2149 potest
228 2086 304 2136 iacere
315 2084 413 2148 aliquam
424 2097 472 2133 rem
480 2080 598 2133 meliorem
611 2082 678 2147 quim
688 2082 737 2147 ipsa
751 2083 780 2133 sit
786 2120 795 2147 ,
810 2082 863 2133 licet
873 2082 938 2149 pom

140 2158 216 2208 lacere
234 2157 333 2217 aliquam
350 2156 418 2206 aliam
437 2154 465 2205 el
485 2154 602 2205 meliorem
618 2170 623 2203 :
640 2154 699 2205 sicut
714 2154 785 2206 ctiam
800 2170 846 2206 non
869 2158 937 2220 potest

141 2228 216 2279 lacere
233 2226 402 2293 qataternarium
416 2226 542 2290 majmem,
556 2226 641 2291 quiesi
654 2230 714 2277 esset
731 2227 815 2291 major,
832 2228 882 2291 jin
899 2241 938 2275 non

141 2304 201 2351 esset
210 2301 376 2365 quaternarius,
386 2301 426 2351 sed
436 2300 493 2349 alim
505 2314 625 2363 nnmerum
636 2300 669 2351 sie
677 2299 738 2350 euim
746 2300 848 2351 sehabet
858 2298 936 2351 additio

141 2371 276 2423 ouemnie
289 2371 443 2422 substantialis
455 2370 479 2419 iu
492 2370 675 2435 diffinitionibus,
687 2370 744 2421 sicut
754 2370 840 2421 additio
851 2370 940 2421 unitatis

140 2437 166 2493 iu
184 2445 299 2509 numeris,
312 2449 338 2495 ut
351 2444 435 2495 dicitur
453 2443 478 2493 in
495 2444 557 2505 ΙΙΙΙΙ,
574 2443 714 2509 Metopltys.
731 2443 773 2509 (l).
791 2443 841 2495 Alia
854 2444 941 2495 bonius

142 2578 195 2611 matt
206 2565 252 2611 :Si
263 2566 345 2612 oolot't
357 2565 460 2613 iooidot
472 2567 617 2621 iuuenilem·
627 2572 653 2612 ut
664 2578 717 2623 cap.
728 2564 752 2624 ’1,
764 2566 818 2611 libri
829 2564 852 2624 3,
865 2564 941 2611 uidere

142 2636 178 2676 est
190 2630 234 2675 sub
248 2628 326 2674 finem.

176 2699 206 2763 (l)
226 2702 261 2747 Ex
276 2713 329 2758 cap.
343 2700 373 2760 8,
389 2706 445 2748 text.
459 2700 489 2747 to
502 2736 508 2761 ,
523 2701 636 2759 colligitur
649 2700 690 2746 ubi
702 2700 809 2757 planius:
825 2700 940 2760 Definitio

141 2777 259 2811 comoros
274 2764 374 2821 qotdom
383 2769 424 2810 est.
434 2766 465 2811 ut
476 2764 715 2823 accommodante
726 2777 829 2809 ooowro
841 2766 863 2809 ti
876 2764 946 2823 oule-

142 2832 215 2873 rotor
228 2828 265 2872 cel
280 2827 388 2872 oddotam
398 2829 495 2886 aliquid
511 2842 542 2873 co
555 2828 642 2886 quibos
656 2840 774 2873 enumerata
788 2831 895 2878 estmoe
912 2832 943 2871 ert

142 2891 249 2948 ampliata
258 2890 322 2935 talem
333 2902 464 2941 nomer-oa,
473 2890 648 2950 quantumlibet
657 2891 788 2935 minimum
797 2892 836 2935 oet
845 2890 944 2949 auferri

143 2952 181 2997 oet
197 2952 258 2999 oddo·
275 2952 418 3009 emerent,
428 2955 464 3000 tt't
474 2966 518 3000 ttae
532 2954 643 3013 definitio
657 2966 700 3000 uec
713 2954 795 3012 ipsum
806 2952 868 3012 good
878 2950 941 3009 guid
