1992 3342
147 195 195 247 titt
322 202 384 242 runs
398 202 422 251 1,
437 200 529 249 oonsr.
546 200 617 251 mm,
633 198 686 239 mr.
703 196 756 240 rur.

147 279 268 334 uimtrtitit
279 278 425 341 Augustinus,
434 279 474 342 IV,
487 278 520 328 de
531 278 599 327 Trio.
611 276 673 342 (sup.
685 280 714 326 st
724 276 771 327 sire
782 275 837 341 ult.)
854 292 860 326 :
873 275 941 328 uPu·

148 357 185 405 ter
196 353 209 402 t
220 352 281 403 unito
291 349 387 401 mittitur
395 387 403 411 ,
411 347 465 413 guin
475 348 489 399 t
498 348 559 399 nullo
570 350 614 399 est.
627 364 641 395 o
653 348 678 398 Si
691 362 745 411 ergo
755 348 831 413 atiqrra
842 362 940 415 persons

148 423 226 475 divine
235 422 331 473 mittitur
344 422 373 471 ab
389 421 447 484 aliu,
459 423 547 485 oportet
559 418 620 483 gubd
633 418 662 469 sit
673 421 703 469 ab
715 418 762 468 itta.
890 484 894 491 ⁵

179 500 203 545 s.
215 497 335 556 rieures,
345 492 438 542 mitons
446 493 515 542 hibet
526 490 685 541 authoritatem
694 493 800 553 respectu
810 489 883 541 missi.
894 490 938 541 Sed

148 570 254 629 respectu
262 564 345 615 divine
356 564 458 627 persons
470 576 517 613 non
530 565 604 626 potest
617 562 695 611 heberi
704 561 842 623 authoritas,
854 561 898 612 uisi
906 576 939 611 se·

148 636 250 688 eundbm
267 635 377 699 originem
396 650 403 683 t
421 648 475 697 ergo
492 637 582 697 oportet
599 632 658 697 quod
682 632 759 683 hirini
775 646 876 697 persona
893 646 941 697 qum

148 706 254 769 mittitur,
266 706 296 755 sit
305 704 320 755 t
329 718 425 770 persona
438 704 551 755 mittente.

180 782 204 827 t.
216 780 342 839 Prmmrea,
356 776 376 826 si
384 789 480 840 persona
493 775 571 825 divina
584 776 657 839 potest
666 773 726 823 mitti
738 772 767 823 ab
780 786 809 823 eo
818 772 832 823 i
841 786 887 838 quo
898 786 941 823 non

148 852 192 913 est,
203 849 261 899 nihit
272 846 402 912 prohibebit
415 845 490 897 uiuere
504 845 564 909 qubh
575 845 671 909 Spiritus
683 846 774 895 sanutus
784 844 853 895 detur
864 845 893 894 ub
903 846 941 895 ho-

147 920 222 979 mine,
234 919 337 984 mnmris
349 917 439 969 nonsit
456 918 485 968 rh
499 930 527 967 eo
544 934 549 967 :
566 916 625 981 quod
643 919 678 967 est
690 919 768 966 eontra
780 917 939 978 Augustinum,

148 990 181 1040 de
191 992 259 1041 Trio.
273 992 331 1053 Ergo
346 988 424 1039 moine
439 1002 537 1053 persona
550 1001 597 1039 non
613 987 710 1037 mittitur
718 985 763 1037 nisi
782 986 813 1045 ab
828 1000 857 1037 en
873 986 941 1051 iqui

180 1132 226 1183 seh
234 1134 312 1182 oontm
320 1134 368 1195 est,
378 1130 438 1195 qnbd
448 1130 519 1181 Filius
528 1130 624 1181 mittitur
635 1128 743 1193 tspiritu
754 1132 835 1179 saneto
845 1168 852 1192 ‚
864 1141 940 1179 socru·

149 1203 204 1254 dnm
216 1201 467 1266 ntur,1rat.‚xhvrn
479 1218 485 1251 :
497 1202 582 1253 «Nunc
593 1201 654 1252 misit
667 1214 704 1251 me
714 1200 825 1251 hominus
835 1202 910 1264 heus,
920 1204 940 1250 et

149 1275 248 1339 Spiritus
259 1275 317 1339 ejus.
328 1274 397 1325 Fitius
407 1277 484 1325 nutem
498 1288 546 1325 non
556 1273 612 1324 esth
622 1273 708 1337 Spiritu
716 1276 796 1323 sinuo
808 1288 815 1321 t
827 1286 884 1337 ergo
894 1286 941 1337 per-

149 1360 206 1397 sona
218 1346 295 1397 dirim
303 1346 399 1397 mittitur
409 1346 438 1395 ub
451 1344 505 1397 eoi
519 1359 564 1410 qim
577 1358 624 1395 non
636 1347 679 1395 est.

182 1416 511 1483 (Commio-'Semnum
518 1416 648 1469 missionem
654 1454 662 1480 ,
674 1416 824 1481 utprooessio
838 1420 889 1481 est,
899 1430 942 1467 nou

150 1488 247 1539 mittitur
263 1502 373 1552 persons,
389 1488 434 1539 nisi
452 1489 480 1537 ub
498 1487 609 1552 eatque
626 1487 764 1539 aetemahter
784 1488 905 1552 procedit3
919 1491 943 1537 ut

150 1559 220 1611 Filius
231 1559 246 1609 i
258 1561 342 1622 Patre,
356 1557 455 1623 Spiritus
465 1564 558 1610 saneim
571 1559 585 1610 t
598 1562 665 1609 Patre
678 1561 701 1609 ot
713 1558 797 1623 Filio.)

182 1631 316 1694 Responieo
329 1630 464 1693 montom,
473 1630 534 1695 qubd
544 1630 605 1681 ciret
614 1632 658 1681 hoo
669 1629 820 1679 inveniuntur
830 1630 902 1694 aliqui
912 1630 945 1680 hi-

149 1701 276 1753 rorsimodb
288 1701 357 1753 locuti
364 1715 422 1753 esse.
431 1702 561 1754 Secundum
571 1704 678 1767 quosdam
688 1702 751 1752 enim
760 1716 860 1766 persona
871 1701 945 1753 divim

150 1786 198 1823 non
209 1772 305 1822 mittitur
318 1772 362 1824 nisi
374 1773 404 1823 ab
417 1786 445 1823 eo
457 1772 471 1823 h
485 1787 531 1837 qno
547 1778 582 1825 est
600 1773 737 1825 eternaliter
756 1788 762 1823 z
779 1779 804 1824 et
820 1773 945 1824 secundhm

150 1845 209 1905 hoe,
218 1842 270 1893 erim
281 1843 363 1894 dieitur
373 1843 442 1895 Filius
449 1844 490 1895 hei
499 1843 692 1909 missustSpiritu
700 1846 788 1907 saneto,
800 1845 946 1895 referendum

153 1919 188 1966 est
197 1916 241 1965 hoo
251 1915 279 1964 ad
293 1916 415 1966 humanam
427 1919 546 1978 naturam,
560 1915 686 1967 secundino
699 1929 768 1980 quam
779 1915 864 1965 missus
875 1920 911 1966 est
919 1916 945 1965 ad

154 1986 321 2052 predicandum
335 1985 444 2051 ispiritn
456 1989 542 2038 saneto.
557 1987 695 2049 Augustinus
707 1985 861 2047 autemdicit,
876 1988 907 2049 11,
916 1986 946 2035 de

153 2059 231 2115 Trio,
244 2070 295 2121 sap.
306 2062 320 2107 5
333 2056 409 2121 :qubi
417 2057 488 2107 Filios
501 2056 599 2107 mittitur
610 2060 633 2107 et
643 2057 657 2108 i
667 2072 692 2109 se
703 2056 749 2108 eti
759 2056 845 2121 Spiritu
859 2061 945 2119 sancto
984 2096 985 2115 ,

151 2133 177 2180 et
190 2127 288 2192 Spiritus
305 2133 395 2179 sanetus
406 2128 475 2179 etism
491 2128 588 2179 mittitur
606 2132 629 2179 et
644 2128 657 2179 t
671 2142 695 2179 se
708 2131 732 2179 et
744 2127 758 2177 t
770 2128 843 2192 mum
859 2132 885 2178 ut
897 2128 945 2191 sio,

152 2200 212 2250 mitti
222 2200 248 2249 in
258 2199 340 2249 divinis
350 2213 396 2250 noh
405 2199 525 2250 conveniat
534 2200 626 2262 cuilibet
634 2214 748 2264 personae,
760 2201 801 2250 sed
811 2199 886 2251 sothm
897 2213 946 2263 per-

152 2284 214 2322 sone
228 2272 256 2321 ab
270 2271 315 2322 aiio
328 2271 448 2335 existenti,
464 2270 554 2323 mittere
569 2274 644 2323 autem
655 2272 774 2322 conveniat
790 2272 885 2323 onitibei
896 2284 947 2335 per-

152 2354 223 2393 sonae.
232 2344 356 2407 Utrumque
365 2346 441 2393 eutem
449 2343 518 2393 habet
528 2342 602 2407 aliquo
613 2344 680 2394 modo
690 2344 823 2407 veritatem3
834 2342 888 2408 quie
897 2341 946 2392 oiim

153 2411 236 2462 dicitur
246 2413 321 2478 obqnh
330 2426 426 2478 persono
435 2412 508 2476 mitti,
520 2410 683 2477 designatores
696 2414 746 2479 ipsu
755 2428 855 2479 persona
866 2414 894 2465 ab
905 2414 947 2463 ulio

153 2482 269 2547 existens,
285 2488 308 2535 et
322 2484 416 2535 etieotus
433 2484 528 2535 visibitis
543 2490 581 2535 aut
592 2485 725 2545 invisibilis,
739 2485 867 2535 seeundum
882 2499 948 2550 quem

154 2553 231 2604 missio
241 2555 324 2606 divine
334 2568 436 2620 persone
450 2556 580 2607 attenditur.
593 2556 617 2607 si
628 2557 697 2619 igitur
710 2556 804 2607 mittens
817 2556 948 2620 designetur
984 2618 985 2625 ἵ

154 2626 180 2673 ut
192 2624 330 2688 principium
340 2640 442 2691 persone
455 2641 505 2691 qum
514 2628 621 2691 mittitur,
632 2628 664 2678 sio
673 2642 719 2679 non
732 2626 843 2693 guaelibet
853 2640 947 2692 persono

154 2692 236 2755 mittit,
246 2696 285 2744 sed
298 2696 369 2746 sotium
383 2697 422 2747 illu
435 2697 474 2747 oui
484 2698 591 2749 convenit
610 2712 659 2749 esse
673 2698 811 2765 principium
821 2699 885 2751 illius
894 2712 946 2763 per-

154 2777 229 2825 souae3
240 2769 264 2814 et
278 2765 326 2829 sio,
337 2768 407 2818 Filius
419 2768 516 2819 mittitur
528 2770 617 2820 tantum
629 2770 642 2821 t
655 2772 737 2831 Putre,
751 2770 851 2833 Spiritus
860 2773 947 2821 sanetus

153 2839 232 2885 nutem
244 2834 258 2883 i
271 2837 338 2915 tfatre
355 2844 378 2889 et
393 2841 459 2892 Filio.
473 2842 499 2891 Si
518 2856 572 2893 roro
587 2857 682 2907 persona
694 2843 787 2893 mittem
806 2843 948 2907 intelligutur

153 2919 205 2957 esse
214 2907 350 2971 pnncrpium
358 2912 461 2977 etiemts,
469 2915 594 2965 seeundum
604 2928 672 2979 quem
683 2914 808 2969 attenditur
817 2914 906 2978 missio,
916 2912 947 2963 sic
