1992 3342
147 191 193 236 titt
334 197 394 234 rans
411 199 435 246 r,
451 197 543 241 oumsr.
559 197 637 246 xxnr,
654 195 708 234 tar.
727 197 760 234 iv.

177 274 212 324 Ad
227 272 320 323 tertium
336 271 473 334 dicendum,
492 271 553 334 qudd
567 271 695 334 reprobatio
710 270 752 323 Dei
770 283 816 321 non
835 270 931 324 subtrahit

145 344 232 408 aliquid
253 344 281 393 de
300 342 402 407 porentia
415 343 539 406 reprobati,
555 343 619 393 Unde
635 341 687 392 edm
703 341 785 392 dieitur
799 341 858 406 qudd
871 357 934 408 repre

145 416 213 466 batus
226 427 273 464 non
286 417 363 477 potest
376 413 473 475 gratiam
487 414 591 478 adipisci,
604 425 651 464 non
662 417 698 463 est
716 414 760 463 hoe
774 413 933 476 intelligendum

144 485 269 536 seeundum
294 484 501 547 impossibilitatem
534 486 678 548 absolutam,
700 485 741 534 sed
764 485 888 535 seeundum
904 486 934 534 in·

144 555 318 621 possibilitatem
340 555 533 619 conditionatum
549 557 609 606 deut
618 555 687 620 suprd
699 556 785 606 dietum
796 556 830 622 (1)
845 561 880 608 est
890 555 934 621 quid

145 625 332 690 praedestinatum
353 639 444 678 neeesse
464 631 499 677 est
520 626 603 677 salvan
626 625 763 680 necesitate
780 626 934 685 conditionatt,

144 711 196 762 quo
213 710 260 747 non
271 697 330 759 tollit
339 697 467 748 libertatem
477 698 574 749 arbitrii.
589 699 652 750 Unde
661 697 715 748 licet
725 697 809 762 aliquis
817 711 865 748 non
878 696 934 763 passi

145 767 243 830 gratiani
256 767 352 831 adipisci
365 768 405 832 qui
423 771 558 834 reprobatur
573 769 660 832 alteo,
683 772 761 819 tamen
785 769 846 832 quod
861 769 887 818 in
903 769 934 818 tu

145 844 265 902 peecatum
278 840 315 889 rel
328 839 386 889 iliud
399 841 504 903 labatur,
520 841 613 904 exejus
626 840 699 891 libero
711 838 806 890 arbitrio
821 840 934 903 contingit

146 909 207 960 unde
223 914 248 960 et
263 909 345 962 meritd
359 911 381 961 ei
394 911 522 976 imputatur
535 912 560 962 in
573 912 673 976 cupam.

443 1071 602 1122 nantelinus
617 1071 655 1121 IV.

308 1205 395 1248 Utrdm
405 1204 569 1260 praedestinati
578 1204 702 1260 elipantus·
711 1203 726 1248 d
736 1205 794 1248 Deo.

177 1339 211 1388 td
225 1341 332 1402 quartum
350 1338 384 1388 sie
398 1337 530 1402 proceditur
546 1337 590 1402 (a).
610 1336 704 1388 Videtur
723 1336 784 1400 qudd
799 1335 938 1404 pradestinati

144 1421 193 1458 non
206 1409 319 1473 eligantur
337 1407 352 1458 1
370 1410 427 1458 Deo.
442 1408 502 1458 dicit
520 1408 582 1458 enim
591 1407 715 1471 Dionysius
728 1419 781 1470 sap.
792 1409 832 1470 lv,
846 1408 879 1458 de
888 1409 937 1456 Dio.

142 1479 230 1542 Nom,
245 1479 306 1542 qudd
320 1496 334 1527 u
347 1479 406 1528 sieut
418 1479 453 1528 sol
466 1491 591 1542 corporeus
605 1491 652 1528 non
666 1477 773 1540 eligendo
786 1479 889 1529 omnibus
900 1491 941 1528 eor-

142 1550 236 1612 poribns
246 1552 324 1602 tumen
335 1550 453 1613 immittit,
462 1549 495 1600 ita
506 1555 530 1600 et
538 1551 597 1601 Deus
606 1563 672 1602 snam
682 1549 820 1600 bonitatam.
834 1551 899 1600 «Sed
906 1549 940 1597 bo·

101 1643 109 1652 ·
142 1620 942 1686 nitasdivinacommunicaturpraeciputaliquihussecundumpartiui·

141 1692 258 1755 patronem
269 1690 346 1754 gratie
359 1696 383 1742 et
397 1692 483 1755 gloria.
494 1693 554 1756 Ergo
562 1695 621 1744 Deus
634 1694 719 1756 absque
731 1694 843 1745 electione
851 1693 940 1756 gratian

143 1766 168 1812 et
185 1763 280 1826 gloriam
293 1763 462 1813 communicat:
484 1765 545 1827 quod
560 1765 589 1814 ad
603 1763 828 1828 praedestinationem
838 1764 940 1828 pertinet.

175 1838 198 1882 Ξ.
224 1835 356 1896 heterna,
375 1835 458 1884 eiectio
477 1831 512 1884 est
530 1847 609 1884 eorum
625 1847 676 1897 qua
692 1839 755 1884 sunt.
777 1836 821 1885 Sed
834 1831 944 1898 predesti-

144 1905 207 1955 natio
229 1906 258 1955 ab
275 1907 359 1954 aeterrn
377 1907 413 1954 est
430 1905 501 1954 etiam
519 1919 597 1955 eornm
615 1919 666 1968 qua
684 1917 731 1955 non
746 1910 800 1956 sunt
811 1905 845 1970 (t)
866 1919 873 1954 :
895 1915 944 1964 ergo

145 1976 334 2042 pradestinantur
345 1977 514 2040 inquinataque
528 1976 648 2028 electione.

178 2053 201 2098 3.
214 2050 347 2110 Pratsrea,
368 2048 450 2098 electio
463 2049 577 2110 quandam
595 2047 758 2098 discretionem
774 2049 889 2112 importat.
904 2045 946 2094 Sed

147 2135 162 2168 «
172 2120 232 2169 Deus
245 2120 296 2168 vrdt
307 2131 388 2168 omnes
396 2119 502 2169 homines
513 2119 587 2170 salros
595 2118 653 2182 iteri,
662 2134 676 2164 »
685 2123 711 2168 ut
722 2119 806 2168 dicitur
814 2119 832 2180 1,
844 2118 908 2166 Tim.
918 2115 944 2162 ss.

146 2190 206 2251 Ergo
218 2189 388 2253 praedestinatio
401 2203 453 2253 quae
465 2188 604 2253 praeordinat
621 2188 729 2240 homines
747 2189 773 2239 in
790 2189 899 2249 mititem,
915 2189 948 2234 est

147 2260 233 2323 absque
248 2261 368 2311 electione.
459 2321 462 2328 Ι

177 2385 211 2447 (1)
226 2390 311 2441 Qumst.
325 2388 369 2447 19,
393 2394 438 2434 art
460 2389 485 2433 3.
504 2389 563 2434 nudi
581 2389 651 2434 etiam
669 2395 748 2445 potest
765 2387 906 2446 Augustinus
921 2385 948 2428 ad

147 2451 256 2495 articulos
271 2452 330 2496 tatso
351 2452 484 2507 impositos,
499 2457 544 2496 art.
559 2449 603 2508 13,
619 2449 657 2509 tt,
673 2449 719 2507 15,
734 2457 760 2496 ut
780 2458 807 2496 et
822 2449 949 2496 anselmus

146 2512 175 2556 de
188 2513 310 2559 eoncordia
324 2513 532 2570 predestinationis
544 2518 567 2558 et
578 2513 645 2560 tiberi
657 2513 755 2558 arbitrii.

180 2579 210 2641 (2)
222 2583 256 2626 lie
269 2583 464 2641 sisenandum,
476 2588 558 2639 quest.
572 2581 611 2638 st,
628 2589 672 2628 art.
684 2582 696 2627 1
707 2601 713 2637 ;
726 2589 752 2628 ut
765 2591 791 2630 et
801 2587 821 2642 1,
833 2581 955 2628 strant,

146 2641 200 2688 dist.
223 2642 268 2702 11,
281 2652 324 2689 art.
339 2643 352 2688 1
367 2651 391 2690 et
404 2646 434 2699 2;
450 2651 474 2690 et
487 2659 527 2702 qn.
540 2645 571 2701 6,
591 2645 620 2689 da
633 2647 718 2696 verit..
733 2651 778 2691 art.
794 2645 824 2706 1,
839 2645 868 2689 te
881 2653 953 2698 corp.

148 2705 176 2750 ad
189 2705 204 2748 2
215 2723 221 2759 ;
234 2712 259 2751 et
272 2707 301 2751 ad
312 2709 380 2753 Rom.
395 2709 436 2767 ΙΧ,
449 2708 503 2754 teet.
518 2707 543 2766 1,
557 2707 602 2752 aot.
617 2705 640 2752 3.

181 2773 211 2836 (3)
226 2779 295 2822 Juxta
307 2791 398 2835 eaquae
410 2778 529 2835 prindere.
548 2778 578 2837 2,
597 2776 670 2836 aditi,
685 2779 801 2836 explicata
815 2782 881 2833 sunt,
894 2785 931 2829 qu

146 2838 214 2945 rdrrodo
226 2839 397 2895 praedestinatio
408 2842 438 2886 sit
450 2842 547 2900 aiicujus
560 2839 717 2886 existentiaet
731 2842 761 2888 sit
773 2853 822 2888 unu
833 2837 957 2887 existend-

163 2899 285 2959 estimato,
297 2908 344 2947 eto.
