1992 3342
352 135 382 170 ns
398 135 476 174 crosa
492 135 560 174 ratur.
811 125 856 172 'tot

54 211 124 262 etiam
133 223 203 262 noum
213 209 374 262 contrariorum
386 215 464 261 causat
481 213 539 261 atiud
553 224 595 276 per
605 210 728 265 accidens:
743 212 802 263 sicut
815 212 856 262 iri·

54 283 132 346 gidum
145 281 246 333 exteriirs
256 283 358 339 ambiens
371 283 488 344 calefacit,
503 282 527 333 in
542 287 651 347 quantum
665 283 726 335 calor
738 285 858 335 retrahitur

54 356 84 406 ad
97 355 215 406 interiora.

86 428 120 476 tid
134 428 227 478 tertium
241 427 374 489 dicendum,
390 425 450 490 quod
466 428 550 476 malum
564 427 632 478 habet
647 440 739 478 cansam
752 427 857 479 deficien-

53 503 102 549 tem
117 499 183 550 aliter
197 499 221 548 in
234 500 301 548 rebus
314 498 447 564 uoluntariis
461 503 484 549 et
497 499 734 562 naturatibussngeos
744 499 804 550 euim
817 513 858 550 na-

53 573 129 621 turaie
140 571 246 638 producit
260 569 365 623 effectum
375 584 441 620 suum
452 571 520 621 tatem
533 571 598 634 quale
609 570 683 635 ipsum
696 575 748 631 est,
762 571 806 620 nisi
817 570 858 620 im·

53 643 160 709 pediatur
169 644 197 694 ab
206 643 281 706 aliquo
290 643 433 708 extrinseco,
443 647 467 693 ct
475 644 518 694 hoc
526 643 600 707 ipsum
612 644 747 707 estquidam
757 643 858 694 deiectus

54 715 118 780 ejus;
129 715 189 766 unde
200 729 316 778 nunquam
328 716 429 780 sequitur
438 715 522 764 malum
531 715 555 763 in
564 715 656 778 effectu,
669 715 714 765 nisi
725 716 857 778 praeexistat

54 784 148 850 aliquod
166 785 227 837 aliud
238 787 322 836 malum
336 787 359 836 in
371 789 451 850 agente
470 787 507 836 vel
521 787 628 849 materia,
641 785 699 836 sicut
711 788 794 838 dictum
811 791 855 837 est.

54 857 99 910 Sed
113 858 139 908 in
150 859 216 909 rebus
225 859 359 909 voluntariis
372 859 474 908 detectus
485 858 582 909 actionis
595 858 732 908 drotuntate
744 863 795 908 actn
803 859 856 909 defi·

54 930 131 981 ciente
144 930 257 994 procedit,
269 929 294 980 in
307 933 415 994 quantum
427 943 472 980 non
486 929 578 993 subjicit
591 943 615 980 se
627 933 678 978 actu
693 943 740 980 suae
756 931 856 992 regulae;

53 1003 94 1066 qui
107 1006 185 1053 tamen
199 1002 301 1053 detectus
313 1015 358 1052 non
370 1005 405 1052 est
421 1001 495 1066 culpa,
510 1002 550 1052 sed
563 1015 614 1052 euru
628 1000 731 1064 sequitur
743 1002 814 1066 [culpa
829 1016 858 1053 er

53 1076 98 1125 hoc
111 1073 173 1138 qrrdd
189 1088 241 1124 cnm
254 1073 294 1123 tali
308 1073 398 1123 deiectu
408 1075 521 1138 operatur.

84 1147 121 1196 nd
136 1149 240 1209 quartum
251 1145 383 1206 dicendum,
398 1144 458 1208 quod
470 1145 553 1194 matum
567 1157 613 1195 non
628 1143 698 1194 trahet
710 1156 802 1193 causam
815 1157 857 1208 per

54 1231 95 1280 se,
111 1218 152 1268 sed
165 1230 205 1282 per
218 1215 326 1268 accidens
340 1215 445 1278 tanturn,
460 1220 485 1267 ut
498 1216 582 1267 dictum
596 1220 640 1267 est.

357 1371 517 1422 ARTICULUS
529 1371 558 1422 n.

87 1488 176 1533 Dtrtcm
191 1499 312 1532 sommam
322 1487 419 1541 bonurn,
430 1487 492 1544 qood
502 1489 538 1531 est
547 1486 624 1542 Deos,
635 1485 668 1530 ott
683 1497 755 1530 ccorc
764 1485 831 1530 molt.

88 1609 122 1658 nd
138 1607 264 1658 secondum
276 1606 310 1659 sio
322 1606 451 1670 proceditur
459 1604 505 1672 (ι).
517 1605 610 1656 Videtur
622 1604 684 1668 quod
697 1619 809 1656 summum
819 1605 859 1656 ho·

57 1693 112 1728 num
123 1681 185 1743 quod
197 1681 231 1729 est
245 1680 313 1738 Deus,
324 1677 354 1728 sit
362 1691 430 1728 cansa
446 1678 510 1727 mati.
523 1675 610 1727 Dicitur
622 1676 684 1727 enim
695 1677 765 1732 Ioui..
779 1677 837 1727 XLV
849 1693 855 1726 z

54 1767 73 1798 ‚u
83 1752 131 1814 Ego
143 1749 253 1800 Dominus
265 1753 288 1800 et
298 1763 343 1800 non
355 1749 452 1799 estalter
463 1750 538 1809 Deus,
547 1748 646 1800 tonnans
658 1749 732 1798 lucem
745 1751 769 1798 et
778 1761 859 1798 creans

57 1822 177 1884 tenebras,
192 1822 278 1872 faciens
296 1828 375 1888 pacem
390 1825 413 1872 et
428 1833 507 1871 creans
520 1821 612 1870 matum.
626 1837 642 1866 »
656 1820 686 1870 Et
699 1821 789 1875 Aaron,
803 1820 833 1870 ΙΙΙ
849 1835 856 1869 z

58 1912 72 1942 u
86 1894 114 1944 Si
130 1894 174 1944 erit
186 1896 269 1945 malum
284 1893 426 1953 incivitate,
438 1892 499 1956 qnod
513 1892 622 1942 Dominus
635 1905 680 1942 ooo
695 1891 783 1943 iecerit.
796 1908 810 1938 u

88 1971 111 2018 Ξ.
127 1968 254 2027 Praeterea,
267 1965 362 2016 effectus
382 1979 456 2016 causae
470 1965 577 2016 secundo
596 1963 709 2014 reducitur
726 1963 751 2012 in
767 1976 858 2013 causam

58 2038 164 2102 primum.
175 2039 263 2089 Bonum
273 2041 347 2090 antem
357 2041 393 2088 est
400 2050 469 2088 causa
476 2035 538 2096 mati,
546 2039 572 2086 nt
578 2035 665 2086 dictum
671 2037 715 2084 est.
724 2032 780 2083 Cium
788 2033 859 2098 igitur

58 2111 134 2162 omnis
147 2109 202 2161 Doni
214 2123 283 2160 causa
293 2109 323 2160 sit
335 2111 409 2172 Deus,
421 2113 445 2158 ut
458 2109 527 2172 supra
539 2111 656 2158 ostensum
668 2109 704 2156 est
712 2105 762 2170 (qu.
777 2105 812 2169 6),
823 2119 858 2156 se·

59 2183 135 2246 quitur
148 2181 207 2246 qndd
222 2182 292 2233 etiam
306 2195 372 2232 omne
385 2181 469 2231 nrulum
481 2181 512 2230 sit
525 2180 538 2230 a
550 2181 605 2230 Deo.
628 2212 631 2217 <

92 2259 115 2305 3.
133 2255 244 2305 Praeterea
254 2291 261 2314 ,
273 2253 332 2303 sicut
344 2253 426 2304 dicitnr
439 2254 463 2303 in
477 2254 507 2302 11.
526 2251 602 2316 Phys.
616 2268 625 2300 ;
642 2251 730 2301 «Idem
742 2252 779 2300 est
789 2261 858 2299 cansa

16 2365 17 2385 1
60 2326 141 2376 satutis
154 2325 219 2377 navis
233 2330 257 2376 et
268 2325 415 2390 pedentim).
426 2343 439 2372 u
454 2325 498 2376 Sed
514 2325 573 2376 Deus
585 2326 621 2375 est
632 2335 701 2372 cause
714 2321 794 2372 salutis
807 2335 858 2372 om·

59 2399 123 2450 nium
137 2411 213 2449 rerum
225 2414 231 2448 :
245 2411 298 2462 crgo
311 2398 360 2463 ipsc
369 2401 404 2448 cst
417 2411 483 2448 censa
496 2396 571 2447 omnis
581 2394 714 2460 perditionis
726 2398 750 2444 et
763 2393 826 2444 mali.

93 2554 127 2620 (ι)
135 2559 168 2604 Do
182 2557 219 2604 tris
227 2557 297 2604 etiam
307 2557 330 2602 iu
341 2559 382 2602 111.
395 2555 471 2606 Seot„
480 2555 582 2602 distinct.
593 2553 634 2610 ³2,
642 2556 724 2609 qnaest.
737 2551 762 2610 Ξ,
778 2556 822 2597 art.
834 2548 859 2604 ις

60 2627 83 2666 et
93 2621 197 2666 distinct.
211 2619 250 2678 34,
261 2633 301 2678 qn.
312 2619 335 2676 3,
348 2625 390 2666 art.
401 2617 423 2672 1;
434 2624 458 2664 et
472 2619 564 2664 croam
574 2618 655 2666 Geso,
665 2616 706 2661 on.
718 2615 742 2672 D,
753 2626 805 2670 cap.
817 2611 857 2665 40,

59 2686 104 2730 coi.
116 2683 144 2737 33
160 2691 186 2728 ut
199 2690 223 2728 et
234 2685 275 2730 tib.
289 2683 312 2742 3,
328 2681 434 2739 cop.71;
450 2689 474 2728 et
490 2684 520 2726 io
536 2683 637 2728 Joooo„
651 2677 675 2737 9,
688 2679 733 2736 cpi.
751 2677 779 2731 ἲς
795 2675 858 2721 etad

61 2747 140 2796 nom„
153 2747 208 2791 tect.
223 2746 246 2804 ⁷,
263 2745 308 2791 col,
323 2745 350 2804 5,
363 2746 387 2790 in
402 2744 455 2790 tine.

98 2819 129 2884 (ι)
154 2821 206 2868 Siue
221 2819 384 2868 subversionis
398 2817 579 2891 (ἀνατροπῆς),
597 2823 622 2863 nt
639 2815 669 2862 30
685 2822 762 2875 textu,
785 2825 857 2872 propo

61 2891 144 2955 finenem
160 2894 266 2942 habetur.
