1992 3342
114 244 163 291 m
336 253 395 289 runs
413 254 434 301 r,
451 252 543 296 punse.
561 252 615 299 nv,
634 250 690 290 luri
703 250 728 290 v.

416 420 573 471 iuncosus
587 422 614 469 V.

305 551 392 595 Utrum
400 552 465 596 Dens
474 556 601 608 copuoscot
609 553 660 597 olio
669 553 684 597 ὰ
693 564 725 597 se.

149 693 182 740 ld
193 689 296 752 quinum
309 689 342 739 sic
352 689 483 752 proceditur
496 688 539 753 (l).
553 688 648 739 Videtur
660 688 721 752 quod
734 690 793 739 Deus
804 702 850 739 non
867 704 924 754 cog·
981 728 982 755 2

118 764 196 811 noscet
207 760 250 811 ullu
261 760 275 810 l
285 774 319 811 se.
335 762 488 823 Qusecumque
497 760 559 810 euIm
572 761 680 811 scutalia
693 761 707 810 l
719 762 775 823 lieo,
789 764 922 812 sunierico
981 764 982 771 ’

118 833 201 896 ipsun.
222 833 267 882 Sed
286 831 423 895 luguslnn
442 831 538 881 dioillo
559 832 598 882 lib.
615 832 724 883 LXXXIII
740 842 837 895 punse,
858 832 923 897 qudd

119 922 134 952 u
145 918 219 967 neque
235 902 356 967 quidquam
369 903 429 953 Deus
443 906 508 953 extra
524 903 624 965 seipsum
641 903 751 953 intuetur.
769 918 782 948 u
797 904 857 965 Ergo
872 917 922 955 uon

119 976 236 1039 cognoscit
246 974 361 1025 nlinlse.
982 1016 983 1025 ἢ

150 1052 174 1096 e.
183 1048 310 1109 Pictones,
320 1047 474 1096 Intellectum
483 1052 519 1097 est
529 1045 639 1110 perfectio
653 1045 809 1109 intelligentis.
826 1046 853 1095 Si
866 1060 925 1112 ergo

119 1119 179 1168 lleus
191 1116 305 1180 intelliget
316 1118 361 1167 elin
376 1117 390 1166 i
406 1130 447 1180 se,
464 1118 549 1181 aliquid
563 1116 623 1167 uliud
642 1115 686 1165 erIt
702 1115 814 1179 perfectio
826 1117 885 1181 Dei,
902 1122 927 1167 et

118 1188 217 1239 nobilius
228 1188 287 1251 ipso.
303 1190 365 1247 Quod
380 1192 416 1238 est
428 1188 577 1252 impossibile.

151 1264 173 1308 3.
191 1261 317 1322 Preietos,
335 1259 411 1322 ipsum
430 1260 566 1321 intelligere
585 1258 685 1323 speciem
699 1258 769 1308 hahet
787 1258 816 1307 ab
835 1258 927 1311 inlelli-

118 1329 190 1393 pibili,
202 1330 262 1381 sicut
275 1334 298 1381 ei
310 1331 385 1381 omnis
397 1330 455 1379 alins
466 1333 531 1380 naus
543 1328 605 1379 isuo
619 1330 724 1393 objeel03
737 1330 830 1379 undeet
845 1331 925 1396 ipsunr

117 1402 255 1465 intelligere
266 1406 330 1452 unio
342 1405 378 1451 est
390 1400 502 1463 nobilius,
514 1404 598 1463 quomo
611 1400 709 1451 nobilius
722 1404 757 1451 esi
768 1401 846 1465 Ipsum
861 1403 926 1467 quod

117 1473 259 1536 intelligitur.
269 1475 314 1524 Sed
322 1476 382 1524 mus
390 1477 426 1523 est
437 1473 513 1536 ipsum
525 1486 589 1523 suurn
603 1473 757 1535 inteltipers,
771 1475 797 1521 ut
810 1485 841 1521 ex
855 1474 927 1524 dictis

117 1547 181 1605 patet
198 1544 238 1593 :si
254 1544 324 1605 igilur
341 1544 400 1593 Deus
412 1543 520 1605 inlelligii
538 1542 624 1608 ahquid
637 1542 699 1591 aliud
713 1541 726 1591 i
739 1555 776 1605 se,
794 1542 845 1605 ipse
861 1545 927 1595 Deus

115 1614 258 1677 specificatur
268 1627 310 1676 per
325 1614 409 1677 aliquid
422 1613 482 1662 aliud
496 1612 510 1662 lu
526 1627 564 1677 se,
581 1614 640 1677 quod
654 1617 689 1664 est
701 1612 851 1677 impossibile.
871 1616 928 1666 Nou

117 1684 186 1746 igitur
197 1683 306 1745 intelligit
319 1684 364 1733 alin
377 1684 391 1733 l
403 1698 437 1734 se.

147 1755 192 1803 Sed
209 1758 288 1804 contra
305 1759 354 1818 est,
373 1756 433 1819 qnod
450 1755 532 1805 dicitur
547 1754 621 1806 lledr.
633 1757 662 1805 lv
676 1771 681 1804 ε
697 1773 711 1803 «
728 1754 809 1805 Omnia
820 1756 887 1807 nuda
902 1761 929 1807 et

117 1829 196 1889 operte
209 1829 262 1876 sunl
275 1826 346 1877 oculis
359 1827 417 1891 ejus.
429 1845 443 1874 u

148 1898 413 1963 (Cerauno—Deus,
422 1912 475 1948 cunr
483 1898 586 1963 perlecti
597 1898 697 1962 seipsum
709 1898 831 1960 intelligat,
845 1902 931 1950 omnia

117 1968 162 2019 clia
175 1968 189 2019 l
200 1983 225 2020 se
242 1984 288 2020 non
305 1984 347 2034 per
359 1970 460 2033 speciem
471 1970 599 2034 propriam,
613 1971 653 2020 sed
666 1982 707 2033 per
718 1968 841 2021 essentiam
856 1983 926 2022 sunm

117 2038 250 2106 iutelligit.)

148 2112 284 2177 despondeo
300 2112 436 2175 dicendum,
452 2112 514 2177 quod
532 2126 625 2163 necesse
643 2116 678 2163 est
694 2113 765 2162 Deum
780 2122 929 2173 cognoscere

117 2181 223 2233 adalse.
232 2184 377 2235 Ilanilestum
387 2189 422 2235 est
432 2185 494 2235 enirn
503 2182 565 2244 qudd
572 2184 671 2247 seipsum
679 2181 780 2249 perfecte
794 2182 931 2247 iutelligil3

117 2253 217 2317 alioquiu
234 2254 285 2317 ejus
303 2269 355 2303 esee
371 2269 417 2305 nou
436 2259 497 2305 esset
517 2254 656 2319 perlectum,
679 2254 730 2303 edm
748 2252 798 2317 ejus
817 2267 874 2303 esce
895 2257 933 2307 sit

116 2325 167 2388 ejus
177 2326 325 2386 Intelllpcre.
335 2326 360 2375 Si
371 2324 556 2392 autemperleetd
568 2325 809 2391 aupodoguosciun
822 2338 929 2379 necesse

116 2398 151 2445 esl
164 2394 224 2458 quod
233 2396 364 2460 nunejus
373 2397 639 2462 perfecitcognoscaiur.
649 2398 725 2447 Virtus
734 2396 932 2461 autemaIIcujus

115 2466 259 2530 reiperlectd
269 2467 376 2531 cognosci
386 2483 433 2519 uon
443 2472 533 2533 potest,
548 2467 592 2519 nisi
603 2470 767 2531 coguoscentur
780 2480 808 2517 ee
822 2468 854 2517 ud
868 2484 930 2532 quse

115 2539 187 2589 sutus
198 2553 223 2589 se
232 2540 343 2590 extendit.
359 2542 422 2592 Unde
435 2539 687 2593 eunviondvnase
699 2538 850 2591 excudatur
866 2540 929 2605 alin,

112 2608 212 2674 eoquod
226 2610 276 2673 ipse
288 2615 324 2661 est
336 2612 410 2675 priuis
422 2626 490 2662 cause
504 2610 612 2662 effectiva
621 2610 723 2661 oninium
733 2609 821 2660 entium
833 2610 842 2675 (
853 2615 881 2662 ut
892 2627 931 2664 ex

114 2680 248 2745 supradictis
260 2682 347 2747 putet),
361 2696 455 2735 necesse
468 2687 505 2733 est
517 2680 578 2747 quod
590 2683 650 2733 oeus
664 2681 709 2734 ulis
723 2680 736 2730 l
749 2693 773 2732 ce
787 2688 937 2743 cognoscet.

114 2753 143 2801 lo
158 2754 202 2804 lroc
214 2753 283 2805 etium
301 2754 429 2805 euidentius
438 2754 478 2817 ot,
495 2754 516 2805 si
533 2754 686 2819 adjungatur,
698 2754 758 2817 quod
772 2752 849 2816 ipsum
870 2766 935 2806 esse

149 2878 180 2941 (l)
190 2884 223 2928 Ile
231 2883 345 2929 oisellum
353 2885 373 2940 I,
382 2883 460 2932 snos„
469 2883 523 2928 dist.
537 2882 576 2941 et,
588 2889 631 2929 sul.
642 2882 669 2933 ἲς
681 2889 704 2928 et
716 2896 755 2938 qu.
764 2882 787 2941 8,
798 2882 825 2923 ds
842 2883 919 2928 uerit.
926 2920 937 2945 ,

117 2952 160 2997 ert.
171 2944 200 3005 tp
214 2952 238 2994 et
250 2946 319 2991 Com.
332 2945 412 2995 Geni..
423 2946 464 2991 lio.
478 2948 502 3005 I,
515 2959 567 3002 cup.
583 2945 614 2989 le
627 2952 650 2992 el
663 2944 701 2989 ld.
