1992 3342
243 217 276 257 nr
290 219 402 259 rmsome
416 222 449 260 uu
464 221 596 263 ammarum
611 216 717 262 maurus.
828 206 879 263 'tal
960 282 961 286 Ἰ

77 296 157 359 aliern,
166 299 342 363 potesluergere
351 298 553 363 inerueremlldei,
563 300 804 365 quiaputastintetligi
813 302 873 365 qnid

80 370 119 418 rel
138 368 172 417 illi
195 368 283 419 tautdm
304 383 407 434 persona
425 372 564 422 conueniant
578 373 615 423 cul
635 372 822 438 appropriantur,
844 376 879 425 vel

81 439 144 503 qudo
157 440 231 503 magis
240 442 376 492 conveniant
387 442 410 492 ei
420 441 487 506 quim
495 443 554 493 aliis.
562 444 620 507 Ergo
631 444 761 495 essentialia
772 444 879 495 attributa

80 524 129 563 uon
145 516 200 562 suut
211 515 377 578 approprianda
389 514 500 579 personis.

113 590 137 633 a.
152 584 278 649 Praeterea,
286 587 415 637 essentialia
428 588 537 638 attributa
545 586 570 636 in
585 589 697 639 abstracto
708 588 835 652 'significata
850 590 881 639 si-

80 657 192 721 gnificant
207 670 250 721 per
263 660 355 708 mudum
374 660 459 710 torma.
472 660 517 709 Sed
536 673 581 709 nna
595 672 691 723 persona
711 672 795 711 nense
810 656 880 711 habet

80 730 109 779 ad
123 728 194 778 aliam
206 730 332 791 ul‘icrma,
345 729 397 780 culm
408 730 495 794 torma,
514 730 542 780 alt
559 742 586 780 eo
598 731 663 795 cujus
681 736 715 782 est
727 732 814 795 torma,
827 746 880 796 sup·

78 800 156 863 positu
168 813 215 850 noa
223 800 376 863 distinguatur
386 802 429 866 (l).
442 802 502 864 ungo
511 802 641 852 essentialia
652 803 769 867 attributa,
780 802 880 855 maxime

78 873 232 923 inabstracta
244 872 385 939 aniana,
397 875 539 925 uun'deloent
552 874 693 938 appropriari
702 876 814 939 personis.

112 949 136 994 tl.
155 946 281 1008 Praeterea,
294 948 427 1010 proprium
443 946 507 1010 prius
520 949 556 997 est
569 946 727 1011 appropriato3
742 950 878 1012 proprium

78 1016 142 1067 euim
159 1020 195 1067 est
206 1017 234 1069 de
251 1016 338 1067 ratione
353 1017 501 1083 appropriati.
520 1018 566 1068 Sed
578 1018 709 1069 essentialia
721 1018 828 1069 attributa
844 1034 881 1071 se·

79 1085 183 1138 cundiam
200 1090 293 1139 modum
308 1088 452 1152 intelligendi
463 1093 516 1139 suut
529 1088 604 1153 priora
614 1089 730 1153 personis,
745 1088 802 1139 sicut
813 1104 880 1139 onm-

80 1174 154 1210 nruoe
170 1164 207 1211 est
219 1160 282 1224 prins
293 1163 420 1225 proprio.-
438 1175 492 1224 ergo
508 1160 638 1213 essentialia
650 1160 758 1211 attributa
779 1174 825 1211 non
841 1163 881 1213 de-

81 1233 137 1283 lteut
147 1246 201 1283 esse
212 1233 358 1297 appropriata
370 1233 482 1297 personis.

111 1305 157 1355 Sed
167 1308 247 1355 centra
262 1309 312 1367 eet,
323 1306 383 1369 quod
393 1306 512 1370 apamias
523 1305 590 1367 dicit,
603 1305 621 1354 l.
633 1305 692 1354 Cor.
706 1305 729 1353 l:
744 1322 758 1351 u
766 1305 880 1356 Christum

82 1377 122 1427 uei
131 1376 242 1427 uirtutem
257 1380 281 1426 et
294 1376 335 1426 llei
347 1376 491 1440 sapientiam.
509 1393 523 1423 n

113 1450 277 1513 (Consuesse.
287 1474 319 1485 -
327 1448 408 1498 llecnit
419 1449 447 1498 ad
463 1448 517 1498 iidei
530 1448 740 1498 manifestationem
752 1446 882 1498 essentialia

83 1520 176 1570 uomina
187 1519 292 1584 personis
303 1520 386 1571 divinis
403 1520 545 1585 appropriari
561 1524 584 1570 et
599 1520 776 1583 accommodari,
790 1520 826 1570 rel
840 1532 882 1583 per

80 1592 142 1642 riam
156 1591 312 1643 similitudinis
324 1593 361 1642 rel
372 1591 587 1656 dissimilitudinis.)

113 1665 252 1730 Respoudeu
269 1664 404 1727 dicendum,
416 1662 477 1728 qued
492 1664 521 1713 ad
536 1662 744 1715 manifestationem
763 1664 815 1715 tidei
828 1678 883 1715 eon·

80 1738 183 1789 veniens
195 1737 241 1787 tuit
251 1736 382 1788 essentialia
393 1734 501 1785 attributa
511 1735 615 1799 personis
624 1735 811 1802 appropriariffi).
820 1736 883 1787 licet

81 1810 146 1861 enim
162 1809 257 1860 trinitas
271 1820 418 1872 personarum
433 1806 625 1857 demonstratione
639 1806 729 1870 probari
747 1822 793 1858 non
811 1808 882 1873 possit

83 1884 124 1948 (nt
137 1881 207 1947 supra
223 1881 309 1940 dictum
325 1879 390 1942 est),
407 1878 515 1928 conuenit
531 1882 611 1929 tamen
624 1883 649 1929 ut
662 1892 703 1942 per
716 1879 791 1943 aliqua
811 1881 883 1943 magis

80 1954 206 2004 manifesta
225 1952 362 2002 declaretur.
386 1950 521 2000 Essentlalia
537 1950 593 2001 verli
611 1951 719 2001 attributa
740 1954 794 2001 suunt
817 1952 883 2002 nohis

81 2025 158 2089 magis
171 2024 293 2074 manifesta
307 2020 434 2072 secundina
444 2021 556 2072 rationem
562 2060 571 2087 ,
586 2022 653 2087 quarn
668 2022 760 2086 propria
774 2034 883 2085 persona·

83 2112 151 2161 rnna,
165 2097 220 2162 quia
243 2108 272 2145 ex
287 2093 411 2156 creaturis,
425 2106 454 2143 ex
474 2093 555 2157 quihus
574 2092 726 2156 cognitionem
745 2092 882 2158 accipimus,

82 2182 207 2235 possumus
220 2182 262 2233 per
273 2165 434 2217 certitudinem
447 2164 554 2216 devenire
567 2165 592 2214 in
608 2164 763 2227 cognitionem
773 2165 883 2215 essentia-

82 2243 140 2293 lium
160 2240 335 2302 attributorum,
349 2251 397 2288 nnn
413 2241 490 2287 autem
509 2237 533 2286 in
555 2236 708 2299 cognitionem
731 2236 883 2299 personalium

81 2312 267 2378 proprietatum,
284 2314 311 2359 ut
329 2308 398 2374 sopri
414 2309 499 2359 dictam
515 2312 558 2358 est.
571 2307 634 2357 Sicut
650 2307 719 2371 igitur
736 2307 883 2359 similitudine

117 2430 151 2495 (1)
169 2434 214 2479 Vel
227 2431 368 2488 transposita
378 2429 565 2488 constructione,
580 2441 631 2477 aon
644 2429 814 2487 dtata'oouotrcr
827 2442 885 2487 aup-

78 2498 163 2555 poatto
176 2493 205 2539 od
219 2508 246 2539 eo
257 2494 330 2551 cujac
340 2497 375 2539 eat
383 2493 465 2553 {ormo
478 2492 521 2537 :id
531 2497 567 2537 est
577 2492 740 2549 suppositalem
754 2492 881 2537 distinotio-

80 2572 136 2605 nem
148 2568 196 2603 nen
213 2558 314 2614 habeat,
329 2557 381 2601 culm
394 2556 509 2613 pertineat
528 2554 556 2599 ad
573 2554 633 2599 idern
647 2555 789 2612 suppositum
809 2555 881 2600 tonna

82 2629 108 2667 et
121 2622 146 2667 id
160 2622 227 2677 cujus
236 2619 370 2679 estturma,
384 2630 412 2663 ne
425 2618 477 2676 quia
490 2623 610 2663 construat
623 2615 652 2662 ob
665 2630 692 2663 eo
707 2618 829 2675 supposito
844 2630 886 2661 cn-

79 2685 127 2742 jna
141 2688 175 2729 cat
187 2685 278 2743 sorano.

116 2754 151 2819 (Ξ)
163 2755 216 2802 sire
227 2756 259 2799 lta
270 2753 416 2812 singulariter
424 2754 536 2811 applicari
548 2766 575 2799 ac
586 2754 706 2810 sipropria
717 2758 803 2809 essent,
815 2764 883 2810 prop-

80 2826 120 2864 ter
134 2818 253 2875 quandam
267 2816 452 2864 conformitatem
467 2829 521 2862 cnm
534 2816 644 2876 propriis,
664 2822 732 2874 prout
744 2814 886 2873 accipiuntur

80 2887 111 2925 ut
126 2882 151 2925 in
167 2883 231 2934 lleo;
249 2879 291 2925 sed
308 2876 592 2940 per'dissimilitudinem,
612 2885 679 2937 prout
698 2878 841 2935 accipiuntur
858 2883 889 2941 ut¹
980 2936 981 2939 Ἴ

85 2944 218 2990 communis
230 2943 351 2990 creaturis.

736 3034 780 3087 16*
