1992 3342
250 261 281 297 ns
297 219 412 308 trasonis
427 259 453 317 pa
469 258 666 317 communicata,
684 262 737 299 sno.
846 252 896 301 est
986 254 987 313 ᾗ

93 348 178 404 narum
187 336 376 401 procedentium,
387 337 458 387 etiarn
467 338 612 403 personalem
627 338 704 397 attiae
717 337 773 393 verb
786 338 898 403 precedit
986 408 987 417 ἵ

93 407 231 471 originantis
243 422 346 472 persone
359 408 494 473 relationem
509 423 555 461 non
565 409 779 475 personnlssnltt.)

126 480 263 545 Respondes
275 480 411 545 dicendum,
425 480 487 547 quid
499 480 684 535 secuntiuaillos
696 482 826 547 qmdieunt
839 480 897 546 orabat
986 464 987 495 ³

93 550 246 615 proprietates
260 565 309 603 non
326 551 467 617 distinguunt
485 557 509 603 st
526 554 668 605 constituunt
687 554 838 619 hypostases,
856 552 894 603 sal
986 574 987 593 ι

93 620 242 683 mapilestant
262 620 399 690 hypostases
411 623 531 677 distinctas
542 628 567 675 et
584 625 734 689 constitutas,
750 624 851 677 absoluta
863 624 898 677 di·
986 638 987 645 ¹

94 696 192 745 cendum
202 697 238 757 est
247 694 306 760 qnbd
317 696 440 747 relationes
449 696 575 747 secundior
582 697 833 761 modnmiatelligenii
843 710 897 749 con-
986 706 987 711 ’

94 770 223 831 sequnntur
232 771 296 817 astus
303 765 440 831 notiouales,
449 772 474 818 nt
481 768 527 819 (liei
532 768 604 835 possit
613 768 812 834 simplicitenqnid
822 769 896 835 aquia

94 842 204 903 generat,
218 842 254 889 est
263 843 327 903 pater
340 855 372 889 :n
387 840 427 890 sco
441 840 590 905 supponendo
602 838 663 905 quta
681 842 802 893 relationes
815 840 898 893 distin-
986 826 987 871 ³

96 913 168 974 gnant
181 914 205 961 et
215 909 352 961 constituant
363 910 501 975 hypostases
509 912 534 969 in
542 912 642 973 diuinis,
652 912 897 976 opert'ctdistinctiene
986 942 987 951 ι

95 981 139 1032 ntia
155 982 213 1042 Quia
223 982 286 1045 origo
299 982 475 1052 significatoria
488 984 571 1034 livistis
582 982 656 1035 achre
668 986 692 1038 at
704 983 793 1049 passivi
806 1000 812 1034 ι
824 978 896 1034 active

95 1053 189 1117 quidem
195 1090 205 1117 ,
221 1053 280 1114 sicut
295 1054 411 1117 generatio
428 1055 558 1107 attribuitur
569 1054 646 1117 Patri,
661 1058 685 1105 et
699 1054 793 1117 spiratio
809 1058 897 1118 sumpta

94 1138 137 1191 pro
151 1130 206 1175 actu
226 1125 337 1175 nationali
354 1125 482 1190 attribuitur
500 1126 562 1180 Patri
572 1130 605 1183 et
617 1126 686 1189 lilim
695 1124 789 1189 passini
801 1128 879 1181 atatem
887 1163 895 1189 ,

94 1197 154 1247 siem
167 1195 275 1247 nativitas
286 1196 414 1268 statuitur
426 1196 485 1262 Filo
499 1202 524 1249 et
533 1197 648 1261 processio
660 1196 753 1261 Spiritui
764 1200 843 1252 saneto
853 1196 895 1261 (ji).
986 1190 987 1199 ’

95 1268 202 1332 Origines
212 1268 274 1319 enim
283 1269 373 1333 passive
384 1269 518 1333 significatae
529 1269 662 1335 simplieiter
675 1270 807 1334 praecedunt
816 1283 897 1321 secuu-

94 1340 619 1422 alhmintellectumproprietatespersonarum
628 1340 800 1461 gestientium
814 1340 898 1421 (etiam
986 1360 987 1363 ¹

93 1410 246 1475 personales)
253 1448 263 1474 ,
278 1424 330 1475 quia
344 1425 408 1473 ongo
420 1410 510 1477 passive
527 1412 628 1475 significa
671 1411 810 1475 significatur
823 1415 848 1460 ut
860 1424 898 1461 ma

11 1527 12 1542 ἶ
96 1484 124 1532 ad
135 1496 259 1548 personam
270 1483 409 1547 proprietate
421 1482 576 1542 constitutam.
591 1483 697 1533 Similiter
711 1486 734 1532 et
750 1482 814 1546 origo
825 1482 897 1533 actiae

95 1554 224 1618 signilioata
234 1554 296 1619 prior
305 1559 341 1605 est
350 1554 475 1605 seeundhm
484 1555 625 1605 intellectum
634 1554 701 1618 quim
709 1554 788 1604 relatio
796 1567 898 1618 personae

95 1626 233 1691 originautis
240 1662 248 1689 ,
260 1639 311 1690 qua
322 1630 413 1679 nonest
425 1626 564 1693 personalis3
578 1626 638 1695 sicut
647 1632 711 1676 aetus
722 1625 843 1677 notinnalis
851 1625 898 1689 spi-

95 1696 192 1749 rationis
202 1697 329 1749 secnndhm
339 1697 479 1748 intellectum
489 1697 598 1762 praecedit
605 1697 768 1761 proprietatem
779 1696 896 1746 relativam

94 1768 263 1821 innominatam
281 1769 332 1833 (s),
348 1782 492 1825 commumm
507 1768 608 1824 Pataiot.
623 1768 755 1825 illiciet
766 1768 897 1835 rpraprietas

97 1840 224 1905 personalis
233 1839 308 1890 Patris
318 1845 393 1905 potest
402 1840 541 1900 considerari
549 1840 682 1907 dupliciter:
694 1854 739 1891 uno
749 1840 817 1890 modo
828 1844 854 1889 nt
864 1844 898 1890 est

96 1912 190 1975 relatio,
199 1915 224 1961 el
236 1912 270 1961 sie
281 1911 362 1961 itemm
371 1910 495 1963 meantium
505 1908 644 1965 intellectum
654 1912 808 1977 praesupponit
822 1915 897 1961 actum
952 1928 957 1943 ι

97 1982 254 2046 rationalem,
264 1983 316 2047 quia
326 1984 406 2036 relatio
416 1984 441 2033 iu
451 1988 560 2047 quantum
573 1984 701 2049 hujusmodi
711 1985 817 2036 tnnintm
830 1997 898 2047 snper

11 2071 12 2074 ¹
97 2057 173 2105 actum
186 2052 244 2124 :alio
255 2056 323 2105 modo
335 2055 458 2106 seeundhm
470 2038 531 2120 qual
541 2058 577 2106 est
586 2054 730 2105 coristitntiun
738 2067 840 2120 persone
848 2054 894 2121 (t).

131 2198 162 2275 (i)
175 2203 247 2247 Deest
256 2196 348 2247 tertium
356 2193 425 2258 tr'njus
436 2202 565 2260 partitionis
574 2200 714 2259 membrum,
725 2201 786 2258 quod
799 2202 833 2253 sic
844 2212 898 2259 snp-

94 2265 155 2323 pleri
165 2269 258 2321 potest·
272 2266 421 2311 Relationem
432 2270 512 2311 atatem
521 2266 674 2325 personantem
683 2264 833 2323 oripiuctttt's
839 2274 900 2321 par·

95 2330 144 2373 tim
154 2326 287 2389 presedit
298 2329 465 2389 proutsoltam
480 2332 513 2373 est
526 2328 627 2377 relatio,
640 2332 661 2373 et
671 2329 766 2387 partim
779 2337 900 2385 ttonproe·

95 2390 173 2440 aedit
187 2392 266 2447 prust
279 2395 313 2435 cst
325 2383 434 2448 quaedam
447 2392 529 2451 sermo
544 2390 682 2437 subsisteres.

131 2457 166 2523 (ff)
183 2463 228 2506 Per
247 2462 484 2507 amommotattousm
503 2462 606 2523 tantalus,
627 2462 657 2507 ah
670 2460 826 2519 supplendum
847 2470 901 2517 pun-

96 2526 175 2583 prium
189 2534 276 2570 nomen
293 2526 355 2599 qnod
369 2538 416 2570 non
429 2526 516 2579 hahet,
528 2524 579 2569 enirn
594 2526 680 2582 mloqni
697 2524 814 2581 processio
830 2524 901 2568 etiarn

96 2588 157 2635 Filio
172 2588 306 2646 conveniat,
320 2588 340 2634 si
351 2588 503 2633 communiter
514 2587 647 2644 accipiatis.

128 2653 166 2721 (3)
176 2658 203 2703 Id
216 2664 252 2703 est
266 2659 384 2716 proprium
397 2672 481 2705 nomen
495 2664 519 2705 et
531 2660 630 2716 speciale
645 2672 691 2705 non
705 2660 847 2721 habentem,
859 2656 899 2703 sen
986 2688 987 2691 ι

95 2724 144 2767 sub
156 2721 251 2768 nemine
269 2724 443 2769 assumsistis
458 2713 608 2781 permenses
619 2724 656 2769 sel
673 2722 789 2767 communi
808 2732 901 2780 procea-

97 2785 178 2829 stom's
192 2784 342 2830 intellectam.
774 2810 778 2819 .

130 2851 167 2918 (i)
181 2855 234 2901 Siue
252 2862 321 2913 prout
334 2862 370 2901 est
386 2856 460 2903 lerina
474 2857 621 2915 hypostatica
635 2864 660 2903 et
678 2858 819 2916 subsistens,
831 2855 855 2899 id
868 2860 904 2899 est

99 2917 231 2979 significata
242 2931 284 2976 per
294 2919 388 2965 modum
397 2920 541 2981 hypostasis,
550 2926 575 2967 ιιι
586 2927 670 2979 quest.
681 2920 725 2980 29,
735 2927 779 2967 art.
793 2918 821 2977 i,
831 2917 903 2975 expli-

97 2996 178 3039 catum
195 2996 233 3040 est
250 3003 331 3041 semna
349 2991 419 3039 inem
432 3009 439 3040 s
454 3006 508 3041 naun
525 3000 596 3053 prout
612 2994 708 3055 relatio,
727 2990 862 3051 intelligitur
877 2994 904 3037 ut
