1992 3342
121 197 168 246 tto
305 203 367 246 raus
383 206 406 256 v,
419 205 514 254 onssr.
526 205 617 255 xnvm,
631 205 687 246 aar.
704 207 741 246 ιιι.

153 287 177 336 t.
193 285 320 346 eraeurea,
331 282 355 334 id
365 283 390 334 in
401 297 446 348 quo
461 287 496 336 εει
507 283 589 335 albeto
603 283 662 334 sicut
672 283 698 334 in
710 283 828 349 sautem,
841 286 925 341 dicitnr
988 306 990 341 ι

123 368 173 408 esse
185 353 261 406 album
273 369 278 404 :
292 367 346 417 ergo
361 353 416 405 etid
428 353 454 405 in
468 369 514 420 quo
528 358 565 404 ost
584 355 671 404 malurn
687 354 747 406 sicut
762 355 788 405 in
806 356 927 421 molesto,
988 366 989 369 ’

121 430 157 478 εει
174 425 269 477 malum.
286 423 312 476 Si
326 437 380 488 ergo
391 425 475 476 malurn
491 424 559 476 sitin
568 426 628 476 bono
645 425 704 475 sieut
715 426 741 476 in
754 426 877 493 subiecto,
894 443 929 480 se·

123 497 200 564 quitur
208 495 268 562 quon
279 497 365 548 bonum
375 497 404 547 sit
415 495 509 563 naulum3
521 500 600 548 conta
610 497 635 549 id
645 499 705 562 quod
715 498 884 558 dicitnrtsoi„
894 501 927 549 V:

123 587 138 620 o
151 571 191 620 llas
205 569 246 634 qui
259 568 333 620 dicitis
345 570 427 620 malunt
443 571 538 634 bonum,
553 571 669 621 ultionum
682 569 777 621 malurn.
788 588 803 618 u

154 642 199 692 Sed
212 643 292 691 contra
300 643 345 704 est,
354 641 416 707 quod
423 642 563 706 Augustinus
572 641 626 692 dicit
635 643 661 692 iu
674 642 791 698 Electria,
802 657 857 708 cap.
870 643 928 710 xlv,

124 712 184 780 quid
196 711 304 766 «nauum
315 715 406 764 nonest
418 711 463 763 nisi
474 713 498 764 in
509 714 579 764 buno.
592 731 606 762 ι

158 785 317 849 (Concuusro.
331 783 425 836 -Cirnr
442 785 528 835 malum
541 785 571 836 sit
586 785 683 850 privatio
699 786 754 837 toni
768 787 830 838 etin
849 788 929 840 eodem

124 855 229 920 subjecto
244 853 302 920 sint,
315 856 403 906 malurn
413 869 459 909 non
474 856 581 921 negative
597 859 638 910 sed
654 857 769 923 privativi
782 863 819 912 εει
830 859 857 911 iu
872 861 929 912 bono

125 931 151 979 ut
163 927 189 978 in
202 939 243 979 suo
252 927 383 994 subjecto.)

156 1001 290 1064 Respondet
303 999 432 1066 licendum,
441 996 502 1065 quot
510 999 665 1052 sicutdictum
672 1004 716 1065 ost,
725 1001 812 1053 malurn
823 1001 931 1069 importat

125 1071 275 1124 remotionem
291 1071 354 1124 boni.
369 1073 419 1124 Nou
431 1076 508 1124 autern
527 1073 634 1138 qnalibet
646 1073 743 1124 remotio
756 1073 814 1124 boni
830 1076 930 1130 molum

126 1143 219 1196 dicitur.
233 1146 312 1198 Potest
324 1143 386 1196 enirn
397 1144 472 1210 accipi
481 1145 579 1196 remotio
592 1145 648 1196 boni
661 1149 685 1196 et
694 1144 809 1210 privative
826 1152 852 1198 ει
863 1162 932 1212 negu-

127 1215 183 1269 tive.
197 1216 303 1283 Remotio
314 1216 383 1280 igitur
398 1215 453 1267 boni
464 1215 571 1280 negativi
584 1221 677 1282 accepta
689 1217 746 1267 mali
757 1219 875 1271 rationem
889 1235 933 1272 uon

128 1290 213 1341 habet:
229 1288 329 1354 alioquin
340 1293 474 1354 sequeretur
482 1289 543 1354 quod
557 1303 643 1355 eaque
656 1290 792 1341 nullomodo
800 1295 933 1361 sunt‚,mala

128 1363 218 1428 essent3
230 1365 254 1412 et
268 1362 365 1426 iterum,
377 1360 437 1426 quot
448 1362 555 1428 quaefibet
563 1377 600 1414 ros
609 1366 670 1414 esset
681 1363 756 1427 mata,
773 1376 804 1413 cr
813 1365 861 1419 hoc
873 1363 934 1430 quid

129 1448 176 1487 non
189 1435 259 1486 habet
267 1435 352 1485 bonurn
366 1433 459 1484 alterius
470 1433 517 1498 rei;
530 1439 610 1499 utpote
619 1432 680 1500 quid
694 1436 765 1485 homo
776 1440 840 1486 esset
852 1437 933 1500 matus,

125 1507 182 1574 ,qnia
195 1520 241 1558 non
251 1507 321 1557 hahet
330 1505 476 1558 velocitatem
487 1520 562 1571 caprae
574 1507 612 1556 vel
622 1502 779 1558 tortitudinem
791 1505 877 1559 leonis.
890 1509 933 1560 Sed

128 1577 223 1630 remotio
237 1577 293 1628 boni
308 1576 421 1644 privativi
437 1582 534 1643 accepta
547 1579 633 1629 malum
644 1578 741 1641 dicitur,
760 1577 821 1629 sicut
832 1580 931 1644 privatio

129 1651 191 1703 visits
205 1649 294 1702 cacitas
309 1649 399 1702 dieitur.
417 1650 549 1715 Subiectum
569 1654 646 1702 autern
662 1649 798 1715 privationis
818 1655 843 1703 et
856 1653 933 1705 toruae

130 1727 166 1775 est
177 1737 248 1773 unum
262 1724 286 1774 et
298 1722 373 1786 idem,
385 1722 472 1773 scilicet
481 1736 524 1774 eus
535 1722 560 1772 in
575 1722 692 1788 potentia3
702 1721 752 1772 sive
762 1722 793 1773 sit
804 1738 849 1775 ens
857 1725 884 1775 in
892 1739 932 1790 po-
988 1743 990 1764 ι

129 1795 202 1848 tentia
208 1793 349 1860 simpliciter,
355 1793 414 1846 sicut
422 1793 517 1845 materia
525 1793 608 1859 prima,
616 1809 667 1858 quae
675 1798 710 1845 est
716 1794 849 1858 subJ'ectunu
858 1798 935 1848 toruus

131 1864 285 1918 substantialis
297 1871 321 1918 ει
333 1866 469 1932 privationis
485 1866 611 1932 oppositer
629 1866 679 1918 sivo
695 1865 725 1918 sit
736 1879 779 1918 ειιε
792 1868 819 1918 in
834 1869 936 1933 potentia

131 1937 257 1990 secundum
269 1939 338 2004 quid,
353 1938 412 1989 etin
428 1942 480 1990 actu
500 1938 647 2003 simpliciter,
662 1941 688 1988 ut
701 1952 786 2002 corpus
796 1939 936 2006 diaphannn

132 2011 193 2076 quod
206 2015 240 2062 est
251 2011 379 2076 subjectum
390 2011 535 2062 tenebrarum
544 2015 567 2062 et
576 2011 644 2062 lucis.
655 2009 851 2062 tlanilesturnest
861 2017 936 2063 auten

132 2083 194 2150 quirat
202 2083 275 2135 forma
286 2096 327 2148 per
337 2095 404 2148 quarn
414 2083 499 2148 aliquid
509 2087 545 2135 est
554 2088 616 2147 actu,
624 2081 737 2148 perfectio
746 2083 856 2147 quaedm
867 2088 904 2136 est
915 2088 936 2135 et

132 2156 217 2207 bonum
226 2157 354 2221 quoddam,
364 2158 388 2206 et
398 2155 431 2207 sic
443 2169 511 2207 omne
523 2169 565 2207 ens
575 2155 601 2206 iu
610 2159 664 2207 actu
671 2155 758 2206 bonnm
766 2154 885 2219 qnorlvlm
893 2161 934 2221 εει

132 2230 157 2281 ει
170 2228 274 2280 similitor
284 2241 350 2280 omne
362 2241 404 2279 eus
417 2226 442 2278 iu
452 2229 569 2293 potentia,
582 2228 607 2278 in
617 2231 727 2293 quantum
736 2227 888 2294 hujusmodi,
898 2232 935 2282 bo

133 2315 188 2351 num
199 2301 311 2364 quoddam
324 2304 359 2352 cst
375 2301 500 2352 secundum
515 2300 576 2366 quod
588 2302 658 2351 habet
670 2299 774 2350 ominem
788 2301 818 2350 ad
830 2302 917 2353 bouum
929 2318 935 2352 ε

133 2371 192 2424 siout
206 2373 268 2423 enim
279 2387 322 2424 eus
335 2375 370 2424 cst
379 2372 405 2424 in
417 2373 520 2438 potentia
527 2411 536 2437 ‚
547 2373 582 2423 ita·
590 2376 614 2424 et
622 2374 709 2424 tronum
719 2373 745 2421 in
760 2374 876 2436 potentia.
891 2375 936 2426 lte·

133 2444 243 2508 linquitur
261 2457 316 2508 ergo
329 2444 388 2510 quon
404 2445 534 2509 subiectum
547 2444 601 2496 mali
613 2445 642 2496 sit
652 2446 746 2496 bonnn

167 2517 199 2566 llil
214 2516 312 2580 primun
331 2527 385 2579 ergo
404 2515 540 2581 dicendum,
555 2515 616 2582 quod
628 2516 749 2582 Dionysius
762 2516 875 2582 intelligit
890 2531 938 2569 ura-

135 2589 182 2639 lnnr
196 2603 241 2640 non
255 2603 305 2641 esse
316 2589 342 2640 ln
356 2589 506 2641 sistentibus
520 2590 579 2642 sicut
593 2594 681 2655 partem
698 2589 732 2656 (l)
747 2594 788 2641 aut
806 2590 868 2643 sicut
885 2606 938 2658 pro·

136 2663 257 2727 prietatem
271 2663 397 2713 naturalem
413 2659 509 2727 alicujus
520 2662 647 2714 existentis.

168 2733 202 2783 Ad
212 2734 337 2783 seeundum
348 2733 482 2799 dicendum,
491 2733 553 2799 quod
565 2749 612 2787 non
619 2744 676 2800 eus,
687 2733 794 2798 negative
805 2742 937 2802 acceptum,

171 2884 203 2947 ιι)
219 2889 248 2931 Ιιι
258 2888 372 2945 colligitur
383 2901 411 2937 ex
426 2891 472 2938 illis
487 2891 579 2953 verbis,
592 2887 609 2952 ᾖ
623 2891 653 2938 at
665 2909 672 2936 ι
686 2893 781 2939 Motum
792 2907 839 2940 ειεε
852 2909 893 2943 ros
906 2901 937 2942 eet

137 2963 181 2996 oco
192 2949 221 2994 io
234 2948 313 2994 relos.
