1992 3342
119 199 162 243 tlt
334 208 393 241 enas
410 208 434 253 ι,
452 207 542 249 Quasi.
561 206 599 251 rx,
615 206 669 241 auu.
688 205 703 239 1.

117 286 193 346 potest
213 281 309 342 intelligi
326 280 453 343 dupliciter.
467 282 517 330 Uno
530 280 597 337 modo
610 281 734 329 seeundum
749 280 810 342 quod
822 281 869 331 boo
880 283 922 332 arl-

116 353 234 414 verbium‚
248 350 349 410 alicubi,
362 351 498 401 determinat
509 354 584 399 aetum
598 350 692 400 uidendi
705 363 734 399 ex
746 354 812 413 parte
824 352 921 415 obiecti.

116 426 145 473 Et
164 424 196 473 sic
213 436 294 471 verum
307 425 343 471 est
355 420 415 486 quod
428 423 482 472 dum
499 422 581 471 eoelum
598 421 674 485 uidet,
687 422 713 471 in
726 423 783 473 ooelo
796 418 875 481 videti
899 430 923 475 et

116 495 196 544 eadem
214 492 342 543 rationein
362 493 419 543 ooelo
434 493 519 553 sentit,
538 505 584 542 nou
603 496 680 544 lamen
697 493 799 555 sequitur
821 494 926 557 quodid

120 565 177 613 ooelo
193 563 256 613 uvat
271 564 309 613 vel
325 563 368 625 sit,
379 563 431 626 quia
446 563 524 613 uiuere
540 566 564 613 et
577 576 626 613 esse
641 577 687 613 nou
702 563 827 627 important
848 570 927 615 aetum

116 638 274 685 transeuntem
290 634 315 683 iu
328 634 428 685 nummus
439 634 562 698 objectum.
580 634 629 685 llio
645 636 711 685 modo
729 640 804 698 potest
821 636 924 700 inteligi

117 706 245 755 seeundum
260 706 320 768 quod
336 704 469 755 adverbium
479 705 616 756 determinat
629 711 705 757 aetum
717 706 826 769 videntis,
838 721 924 757 secuu-

117 776 171 826 dum
185 776 246 838 quod
264 776 311 825 exit
328 776 342 825 a
357 776 459 827 uidente.
474 779 502 827 nt
518 777 550 827 sia
567 791 647 827 verum
663 782 697 829 est
714 776 775 840 qubd
786 778 864 829 anima
883 780 925 829 ubi

115 845 186 896 mutit
198 850 222 896 et
238 847 315 910 videt,
331 847 364 897 ibi
384 851 458 898 estet
475 848 534 897 uiuit
553 850 677 899 meandum
689 848 759 899 istum
777 849 872 901 modum
891 850 926 901 lo-

113 917 222 979 quendi,
238 918 306 967 etita
320 932 366 967 uon
377 918 478 982 sequitur
488 917 550 981 qrrtd
560 917 589 968 sit
599 918 692 983 ubique.

408 1138 554 1206 ttdtllo
569 1138 617 1201 lx.

190 1287 225 1333 De
233 1286 279 1331 Det
289 1285 498 1335 immutabilitate,
513 1287 542 1328 tn
553 1284 613 1329 deor
623 1284 743 1331 ortteatloe
758 1284 849 1329 altolto.

147 1445 317 1507 Consequenter
327 1443 517 1493 considerandum
528 1446 562 1493 est
576 1443 603 1492 de
620 1442 804 1492 immutabilitate
818 1448 843 1493 et
860 1448 932 1495 eter-

115 1514 191 1564 nitate
210 1515 299 1576 divina,
314 1527 364 1577 qua
382 1513 590 1564 immutabilitatem
603 1514 756 1575 consequitur.

152 1585 216 1634 eirea
229 1584 436 1633 immutabilitatem
449 1582 504 1633 verit
515 1588 644 1647 quaeruntur
658 1584 702 1633 duo
719 1600 724 1632 :
738 1587 764 1632 1ο
776 1584 858 1635 Utrirm
870 1589 933 1637 Deus

117 1655 146 1773 agl
155 1654 251 1733 ¹omnino
262 1654 419 1704 immutabilis.
429 1659 455 1703 2⁰
467 1653 548 1705 Uirium
558 1668 607 1705 esse
621 1654 761 1725 immutabile
773 1655 802 1704 sit
811 1658 931 1721 proprium
989 1648 990 1709 i

139 1741 171 1774 er.
550 1742 553 1749 ·

424 1841 581 1891 nntlcttlls
601 1840 618 1888 l.

275 1955 360 1999 lltrbm
375 1956 440 1998 Deae
449 1955 481 1998 sit
495 1956 591 1999 omnino
600 1954 765 1999 immutabilis.

152 2075 184 2122 ld
198 2074 296 2135 nmmum
317 2072 350 2122 sie
368 2073 498 2135 proceditur
513 2071 554 2135 (t).
575 2070 669 2121 Videtur
688 2070 748 2134 qrrdd
767 2071 828 2121 bons
841 2076 929 2124 nonsit

119 2143 211 2193 omnino
221 2143 376 2193 immutabilis.
391 2142 503 2205 Quicquid
514 2142 574 2191 euim
585 2145 661 2191 movet
675 2140 789 2203 seipsum,
803 2147 839 2193 est
851 2144 930 2208 aliquo

121 2214 187 2263 modo
204 2213 321 2263 mutabile.
336 2214 379 2263 Sed
397 2213 456 2262 sieut
467 2212 521 2261 dicit
530 2206 668 2275 Augustinus
681 2226 758 2275 super
770 2215 835 2262 Gen.
848 2214 877 2264 ad
892 2215 933 2265 lit-

121 2278 210 2333 terar‘u‘:
226 2301 240 2329 «
254 2283 352 2345 Spiritus
372 2287 461 2332 creator
477 2286 554 2333 movet
574 2295 611 2345 se,
634 2294 676 2331 neo
698 2294 740 2346 per
760 2285 867 2347 tempus,
888 2298 935 2335 neu

120 2367 162 2418 per
182 2356 264 2404 loeum.
280 2369 294 2399 n
306 2355 364 2417 Ergo
385 2356 443 2403 bens
460 2357 495 2403 est
509 2352 665 2417 aliquomodo
679 2352 803 2403 mutabilis.

152 2430 175 2474 2.
197 2427 327 2489 Preterea,
342 2427 402 2487 Sap.
419 2424 475 2485 llll,
491 2424 578 2473 llieitur
596 2425 623 2473 de
638 2422 755 2487 Sapientia
761 2461 769 2487 ,
788 2424 849 2489 qnod
870 2444 884 2474 u
899 2432 937 2478 est

118 2496 223 2546 mobilior
235 2496 345 2546 omuibus
359 2494 488 2545 mobilibus.
510 2510 523 2541 n
539 2495 584 2544 Sed
601 2496 660 2544 Deus
674 2499 709 2543 est
727 2495 777 2558 ipsa
791 2497 907 2559 sapientia
930 2516 935 2546 :
989 2522 990 2565 l

120 2582 175 2631 ergo
187 2570 246 2618 lleus
259 2570 294 2617 est
304 2566 403 2618 mobilis.

151 2646 173 2689 3.
189 2643 316 2700 Praeterea,
326 2636 509 2700 appropinquare
519 2639 542 2685 et
553 2636 664 2699 elongari,
682 2639 768 2686 motum
781 2636 934 2701 signiticaut3

119 2711 249 2775 hujusmodi
262 2713 345 2767 ,autem
365 2708 470 2756 dicuntur
485 2707 513 2755 de
536 2713 583 2757 Deo
604 2706 629 2754 in
651 2706 780 2770 Scriptura,
798 2710 852 2757 Joc.
877 2710 907 2757 lv
927 2727 932 2757 :

157 2838 188 2900 (1)
202 2842 235 2885 Ile
259 2838 295 2881 luis
316 2836 387 2879 etiarn
404 2838 423 2879 l.
438 2835 515 2883 sent„
535 2835 588 2879 dist.
604 2834 627 2892 8,
650 2841 732 2890 quast.
755 2834 779 2893 3,
793 2842 837 2881 art.
861 2836 892 2897 ¹3
908 2844 934 2881 et

125 2904 213 2959 Opunte.
223 2902 269 2957 ΠΙ,
285 2909 336 2951 cap.
348 2896 371 2939 3.
