1992 3342
103 160 132 206 10
326 175 528 223 elisaeum.
544 175 566 222 ι,
582 172 636 210 nrr.
651 171 676 209 v.

102 247 636 318 latinaetaliapractlce,sacratumendoctriua
716 261 738 318 e
793 248 806 316 f

615 314 905 389 currentemque

103 390 165 440 lor.
201 391 248 454 agis
263 397 339 442 tannen
357 397 392 443 est
408 392 546 456 speculativa
557 391 625 455 quini
639 391 738 455 practica
756 407 761 440 ε
778 392 831 454 quia
842 388 907 455 prin-

96 435 198 525 ephres
209 463 256 525 agit
269 464 374 514 derebus
385 463 468 514 diuinis
479 461 546 526 quim
554 464 582 513 de
595 462 682 512 actibus
692 462 807 525 humanis,
816 464 845 513 de
855 463 908 528 qui-

103 532 145 582 hus
156 534 212 596 agit,
221 535 344 584 secuudum
356 535 416 599 quod
425 549 467 599 per
480 549 520 585 eos
531 535 647 585 ordinatur
659 536 728 584 homo
738 535 768 584 ad
779 535 905 598 perfectam

53 590 73 641 J
102 603 144 653 Ilei
159 603 320 668 cognitionem,
334 606 358 655 iu
373 619 418 670 qua
432 611 519 656 aeterua
529 606 646 656 beatitudo
659 605 769 656 consistit.

135 677 162 725 Et
173 689 215 740 per
227 678 270 728 hoc
283 681 348 743 patet
360 678 477 744 responsio
490 679 520 730 ad
532 677 632 742 objecta.

405 841 561 890 anniculus
576 841 604 889 V.

195 957 279 1002 Utrum
289 969 357 1002 roera
367 957 476 1000 doctriua
490 956 521 1000 sit
532 955 626 1012 dipur'or
635 955 691 1000 aliis
701 955 814 1000 scientim

136 1083 169 1132 nd
182 1083 286 1148 quintum
298 1085 331 1137 sic
342 1085 471 1150 proceditur
484 1085 527 1150 (l).
541 1084 635 1135 Videtur
646 1082 706 1149 quhd
719 1096 783 1133 seona
801 1081 907 1134 doctrina

103 1167 149 1204 non
162 1154 191 1204 sit
204 1156 293 1219 dignior
302 1158 351 1208 aliis
362 1157 469 1208 scientiis.
483 1158 597 1218 certitudo
608 1153 910 1223 emimegim-digni-

55 1231 61 1242 ·
103 1228 173 1277 tatem
212 1227 216 1236 ’
234 1229 296 1279 ntiee.
311 1231 354 1281 Sed
368 1229 417 1280 aliie
431 1212 696 1292 scientiatssddlfiarum
709 1225 908 1306 PlissQlQQ

102 1283 146 1346 lan
163 1313 209 1348 non
239 1292 306 1364 oltst,
321 1301 427 1352 uidentur
443 1315 491 1352 esse
508 1299 617 1350 certiores
632 1298 824 1363 sacradootrina,
841 1311 910 1361 eujus

103 1314 323 1435 purusspfffflnru
331 1373 419 1422 articuli
433 1373 486 1422 fidei
493 1371 537 1438 (ι),
547 1361 841 1472 dmiQQunt.
850 1368 908 1420 nliae

103 1439 172 1502 igitur
183 1443 283 1494 scientior
294 1445 400 1494 videntur
412 1444 456 1493 ista
465 1443 587 1506 digniores.

135 1517 162 1577 ι.Ι
179 1515 304 1577 Praeterea,
321 1513 436 1564 inferioris
455 1513 556 1564 scientia
574 1520 609 1565 est
626 1514 639 1564 h
658 1511 770 1578 superiori
787 1512 891 1576 accipere
900 1551 909 1577 ‚

103 1581 161 1633 siout
170 1585 269 1635 musicus
282 1587 310 1635 ah
322 1585 480 1650 arithmetico3
493 1587 533 1637 sed
542 1598 606 1636 saera
616 1587 718 1636 doctrina
727 1583 809 1648 accipit
820 1584 908 1648 aliquid

103 1653 116 1702 i
129 1654 290 1719 philosophicis
305 1655 428 1721 disciplinis
446 1671 451 1705 :
470 1657 525 1707 dicit
538 1657 600 1706 enirn
612 1657 763 1721 Hieronymus
772 1654 797 1705 in
810 1654 908 1718 epistola

104 1726 132 1775 ad
143 1728 249 1790 Magnum
259 1732 371 1778 oratorem
383 1727 444 1778 urhis
460 1729 554 1791 Romae,
570 1727 631 1792 quod
643 1748 656 1777 ιι
668 1730 770 1780 doctores
782 1726 871 1791 antiqui
881 1726 907 1777 in

104 1801 192 1848 tanturn
211 1801 398 1865 philosophorum
413 1801 515 1851 doctrina
532 1804 600 1864 elque
620 1799 720 1851 scientiis
739 1813 791 1849 suos
809 1799 907 1849 relerse-

103 1875 156 1920 runt
169 1870 201 1936 (3)
216 1871 299 1936 libros,
318 1877 342 1922 ut
356 1873 443 1924 nescias
454 1873 509 1938 quid
520 1873 545 1922 in
558 1872 603 1923 illis
615 1873 679 1936 prius
692 1870 798 1922 admirari
809 1871 907 1935 debeas,

102 1941 254 1992 eruditionem
268 1943 360 2006 sacculi,
374 1959 404 1994 an
421 1944 540 1995 scientiam
554 1945 728 2008 Scriptorerum.
743 1943 828 2006 »Ergo
843 1955 908 1994 saera

103 2012 204 2064 doctrina
218 2017 252 2064 est
265 2015 358 2066 interior·
374 2016 424 2066 aliis
437 2016 546 2066 scientiis.

138 2084 182 2135 Sed
195 2090 272 2136 contra
285 2090 336 2150 est,
352 2085 412 2150 quod
423 2088 472 2137 alicu
485 2087 587 2137 scientiae
601 2086 705 2136 dicuntur
720 2085 807 2136 ancillo
821 2085 906 2149 hujus3

103 2157 221 2206 Prouerb.
235 2159 264 2208 lll
276 2174 281 2208 :
294 2177 307 2206 ιι
319 2159 377 2208 Misit
388 2159 480 2210 ancillas
489 2173 542 2210 suas
553 2172 635 2209 uocare
649 2159 677 2208 ad
689 2171 764 2208 arcem
778 2156 821 2222 (t).
832 2173 845 2202 ι)
941 2183 944 2186 «

134 2301 163 2363 (ll
177 2305 210 2348 De
220 2303 255 2349 his
266 2305 335 2349 etiarn
351 2304 378 2362 1,
391 2305 418 2362 2,
432 2318 471 2362 qu.
483 2304 527 2362 66,
544 2311 588 2350 art.
602 2303 630 2362 5,
645 2305 674 2350 ad
686 2303 717 2363 3,
732 2311 757 2350 ιιι
767 2303 812 2350 etl
825 2304 907 2356 Serri„

100 2366 129 2410 tn
141 2367 256 2424 Prolopo,
266 2373 309 2412 ert.
321 2369 344 2426 2,
358 2374 381 2412 et
394 2367 462 2413 Ceut.
475 2369 543 2414 Geel.
555 2369 588 2413 nh
611 2368 637 2425 2,
653 2381 706 2424 cap.
720 2367 745 2427 t,
756 2369 781 2412 in
792 2367 846 2412 lino.

135 2435 164 2498 (Ξ)
178 2441 212 2484 Ex
224 2439 269 2484 illis
284 2440 345 2484 eninr
357 2441 518 2486 conclusiones
534 2453 615 2486 ornnes
631 2441 767 2498 theologicae
786 2440 908 2487 deducun-

101 2506 146 2558 tur,
163 2507 188 2546 ut
201 2514 254 2546 uere
267 2515 293 2548 ao
305 2503 396 2559 proprii
412 2503 546 2560 theolopr'cu
556 2504 601 2548 diei
614 2504 713 2560 possint.

134 2568 163 2633 (3)
185 2573 220 2618 Sic
239 2575 393 2630 marruseripta
409 2576 495 2632 passim
508 2582 532 2620 et
548 2575 674 2633 impressa,
694 2589 741 2620 non
758 2581 836 2622 autern
854 2589 907 2622 rer·

99 2639 230 2692 perierunt
243 2643 268 2680 ut
279 2638 302 2681 in
316 2637 376 2682 allis.
388 2640 414 2682 In
428 2638 562 2694 Hieronymi
574 2644 650 2684 autern
660 2645 739 2695 textu,
752 2639 906 2698 referciunt,

100 2705 125 2742 ut
138 2699 214 2742 videre
228 2705 264 2744 est
275 2701 307 2744 ihi
318 2713 397 2744 versus
409 2699 486 2745 finem.

135 2758 165 2822 (t)
179 2762 223 2808 Vel
237 2763 387 2819 ernulpho,
400 2767 570 2808 ulcerarent:
584 2763 615 2810 70
624 2777 701 2823 porro
716 2759 812 2821 δούλους
827 2765 906 2821 potiris

99 2825 179 2890 legunt
189 2867 193 2891 ,
204 2832 270 2876 idest
281 2845 370 2880 sercou,
383 2839 406 2877 et
415 2835 533 2890 apostolos
541 2836 682 2881 Athanasius
692 2836 829 2893 intelligitin
837 2836 906 2894 disp.

101 2899 186 2942 eontra
202 2894 308 2953 Arium,
328 2895 389 2940 iuter
406 2897 457 2954 ejus
474 2909 548 2955 opera
562 2904 627 2945 tomo
647 2897 673 2959 1,
694 2897 806 2946 doridos
824 2905 906 2948 cutem
