1992 3342
435 200 466 235 nn
483 202 554 237 mers.
851 196 895 241 eol

118 273 276 335 (Coumusro.
287 299 318 310 -
331 274 389 324 Cim
406 275 482 325 omnin
494 274 541 325 sint
554 275 568 325 t
584 278 630 327 lieo
637 312 646 338 ‚
659 290 705 327 uon
718 291 732 327 a
749 291 803 328 casu
824 278 898 341 lacta,

87 343 245 393 necessarium
262 349 298 393 est
319 345 344 393 in
366 346 418 409 ejus
439 350 517 396 mente
543 347 644 397 omnium
668 348 732 397 ideas
753 350 900 411 praeexistere

86 414 221 477 oojocnve,
233 416 264 463 ad
278 430 377 477 quarum
388 417 561 467 similitudinem
575 418 756 469 omnia‘oondits
773 424 834 470 sunt.

118 487 260 549 Respondeo
280 487 401 537 dicendum
417 489 478 551 qudd
503 503 595 540 necesse
614 494 650 541 est
674 505 759 553 ponere
778 492 802 541 in
822 498 899 543 mente
977 506 978 517 ι

87 556 166 606 divini
179 556 254 606 ideas.
269 558 329 606 Ideo
342 559 405 607 enim
420 559 494 621 graect
507 560 594 622 ‚latini
611 562 697 623 scruta
712 562 795 613 dicitur
814 580 819 613 :
838 565 899 615 unde
977 588 978 605 ι

88 642 129 689 ρει
141 629 208 679 ideas
224 628 386 691 intelliguntur
402 631 481 680 lormee
500 630 626 695 aliquarum
646 646 722 683 rerum
742 640 824 699 praeier
838 636 900 699 ipsas

87 713 123 749 res
131 700 270 750 existentes.
280 701 361 750 Forma
372 704 450 750 erstem
460 701 556 765 alicujus
567 703 601 752 rei
610 708 693 766 preter
706 704 778 768 ipsam
789 706 898 769 existens,

87 770 174 820 adduc
198 780 251 820 esse
269 774 345 833 potest
360 786 365 819 :
381 773 419 821 vel
440 778 466 821 ιιι
488 773 517 821 sit
533 775 648 837 exemplar
662 775 712 839 ejus
732 777 798 840 cujus
816 777 900 826 dicitur

87 840 173 903 forms,
188 842 228 890 vel
245 845 273 891 ut
286 841 316 891 sit
325 842 462 906 principium
470 844 606 905 cognitionis
615 845 696 908 ipsius,
704 847 828 896 secunddm
838 846 898 911 quod

87 910 164 961 lormae
178 912 370 973 cognoscibilium
381 914 488 963 dicuntur
497 928 547 965 csse
561 915 586 963 in
597 921 758 977 cognoscente.
780 920 808 967 Et
826 932 899 981 quen-

87 984 136 1029 tum
149 984 179 1033 ad
195 986 324 1046 utrumque
340 988 376 1033 est
394 998 488 1035 necesse
506 999 592 1048 ponere
605 986 677 1037 ideas.
693 988 756 1047 Quod
779 988 811 1037 sic
825 993 896 1050 putet.

118 1052 145 1100 ln
156 1053 268 1103 omnibns
281 1054 345 1104 enim
356 1070 410 1118 quse
424 1069 470 1106 nou
483 1055 497 1104 i
511 1070 565 1107 casu
579 1061 734 1119 generantur,
750 1071 845 1107 necesse
864 1063 899 1109 est

92 1121 183 1173 tormen
203 1138 257 1175 esse
278 1126 349 1175 linem
367 1127 522 1188 generationis
536 1127 709 1191 cujuscumque.
726 1131 801 1189 rigens
821 1133 899 1179 autern

93 1205 136 1243 non
146 1196 192 1257 agit
205 1200 305 1260 propter
321 1197 436 1259 ιοιιιιιιιιι,
452 1197 497 1247 nisi
515 1198 539 1247 in
557 1202 668 1261 quantum
682 1198 808 1247 similitudo
818 1198 898 1249 lormae
977 1228 978 1231 =

91 1266 156 1314 estin
169 1267 241 1331 ipso:
258 1269 322 1331 quod
337 1267 431 1330 quidem
450 1269 563 1331 contingit
579 1269 707 1331 dupliciter.
724 1270 750 1317 ln
763 1269 899 1331 quibusdem

90 1336 148 1385 enim
160 1339 288 1401 agentibus
301 1339 429 1401 praeexistit
442 1340 515 1389 torma
529 1340 564 1389 rei
579 1340 677 1400 fiendo,
698 1340 824 1388 securmum
848 1354 900 1387 esse

89 1409 199 1472 naturale,
220 1409 283 1459 sicut
299 1410 324 1457 in
345 1410 384 1461 lris
406 1424 459 1473 qun
477 1414 548 1473 agunt
570 1424 610 1473 ρει
621 1414 740 1473 naturam,
760 1410 819 1459 sicut
832 1411 899 1459 homo

91 1485 181 1538 ιειιειιι
193 1480 334 1543 hominem,
352 1486 377 1531 et
395 1482 456 1544 ignis
476 1482 556 1543 ignem
569 1497 575 1531 ι
590 1481 614 1529 in
626 1480 764 1544 quibusdam
776 1478 846 1541 vero,
865 1494 900 1529 se-

88 1550 184 1599 cuuddm
198 1566 255 1600 cese
268 1551 430 1615 intelligibile,
440 1556 467 1602 ιιι
479 1553 504 1601 in
515 1553 551 1602 his
570 1566 621 1615 qucc
640 1555 712 1615 agunt
730 1564 771 1615 per
792 1550 898 1599 intellec·

89 1624 150 1684 tum3
165 1623 228 1673 sicut
239 1623 366 1673 similitudo
377 1624 458 1674 domds
471 1624 596 1688 praeexistit
613 1624 638 1672 in
654 1627 731 1673 mente
747 1622 897 1673 educatoris.

89 1692 174 1743 Ethaec
187 1698 268 1757 potest
282 1695 329 1744 dici
342 1697 400 1745 idea
414 1698 519 1758 dones,
535 1695 588 1759 quia
601 1694 683 1744 artilex
698 1693 796 1743 intendit
808 1694 900 1742 domum

89 1763 212 1815 assimilare
227 1765 309 1815 tormer
321 1780 400 1827 vquam
412 1769 491 1815 mente
505 1765 618 1828 concepit.
637 1765 695 1825 Quia
712 1764 783 1827 igitur
801 1763 900 1812 mundus

88 1845 131 1883 non
153 1840 190 1885 est
208 1850 266 1886 cusu
282 1837 371 1899 lactus,
386 1837 428 1888 sed
449 1841 484 1887 est
508 1836 581 1886 lactus
603 1834 680 1885 tileo
696 1849 737 1898 per
758 1834 900 1883 intellectum

86 1910 179 1968 agente,
194 1912 222 1957 ut
236 1907 298 1957 iniri
308 1908 399 1971 patebit
413 1907 422 1971 (
430 1922 470 1970 qn.
486 1912 524 1957 ts.
540 1906 582 1957 nrt.
600 1906 633 1969 6),
648 1918 740 1955 neccsse
753 1907 787 1953 est
800 1902 861 1965 quod
876 1902 900 1951 in

86 1980 162 2026 mente
183 1977 266 2027 divini
283 1978 314 2033 sit
331 1977 408 2028 forma
430 1978 459 2026 nd
478 1976 653 2030 similitudinem
669 1975 737 2037 cujus
753 1973 849 2022 mundus
867 1978 900 2021 est

87 2046 166 2097 factm.
182 2049 212 2097 Et
226 2048 253 2097 in
262 2050 308 2099 hoc
319 2048 425 2099 consistit
438 2048 496 2099 ratio
510 2048 575 2099 idee.

117 2119 269 2181 ltprimum
283 2133 339 2182 ergo
354 2119 491 2181 dicendum,
508 2118 568 2183 quod
590 2120 650 2167 Deus
670 2128 717 2165 non
738 2112 846 2175 iutelligit
865 2128 900 2164 res

86 2190 213 2239 secundnm
224 2191 304 2241 ideam
318 2197 420 2241 extruso
434 2192 579 2241 existentem.
597 2191 625 2237 Et
638 2187 671 2237 sic
684 2186 753 2237 etiam
770 2183 901 2233 Aristoteles

87 2258 140 2320 [issi.
156 2262 185 2323 l,
200 2262 262 2311 liet
279 2263 313 2311 ΙΙΙ
332 2261 461 2326 Merope.)
474 2263 587 2325 improbat
607 2259 740 2322 opinionem
758 2256 859 2305 Platonis
872 2256 900 2333 de

87 2329 152 2393 ideis,
160 2333 296 2381 'secundum
310 2332 373 2396 qudd
384 2333 483 2396 ponebat
496 2346 536 2383 eas
558 2345 599 2395 per
620 2344 644 2379 se
665 2328 803 2387 existentes,
816 2338 862 2374 non
876 2336 900 2371 m

87 2400 207 2453 intellectu
264 2443 269 2453 .

117 2474 150 2523 sd
161 2403 294 2525 securidiim
306 2474 439 2537 dicendum,
446 2473 507 2538 quod
517 2472 571 2522 licet
582 2474 642 2523 licus
654 2484 694 2534 per
703 2468 827 2519 essentiam
837 2480 899 2517 suam

87 2548 110 2591 et
121 2556 146 2593 se
158 2550 184 2595 ει
199 2546 245 2595 alia
268 2549 409 2609 cognoscat,
429 2550 507 2595 tamen
520 2543 620 2594 essentia
640 2542 690 2605 ejus
710 2544 745 2591 est
763 2536 900 2615 principium

85 2616 233 2676 operativum
247 2617 361 2679 aliorum,
376 2630 423 2666 uon
438 2621 515 2666 nutem
529 2613 649 2677 suiipsius
663 2628 668 2659 :
684 2612 736 2661 ideo
749 2611 819 2659 habet
832 2612 901 2657 rutro

120 2768 150 2829 (i)
165 2772 221 2817 Etsi
231 2778 288 2817 sunt
299 2772 341 2828 qui
352 2772 472 2817 Plutonem
484 2776 603 2827 excusent,
617 2768 680 2825 quod
690 2763 792 2822 posuerit
802 2774 842 2805 eos
850 2767 902 2805 tsn-

87 2845 167 2887 tumnt
179 2843 206 2887 in
217 2849 297 2888 mente
312 2843 390 2888 dirius
402 2844 527 2888 existentes
536 2844 572 2887 vel
584 2840 737 2886 subsistentes
755 2818 901 2892 (dcccdccc)

90 2909 111 2944 et
124 2906 184 2950 male
198 2905 252 2951 illas
268 2919 281 2950 n
296 2905 438 2961 Philosopho
453 2907 582 2950 intellectus
596 2900 745 2947 contendunt.
