1992 3342
216 185 221 192 '
313 191 345 227 nn
362 191 502 230 nrsrnnrrn
517 195 566 232 nur.
812 192 842 236 st

40 260 171 326 rulidomm,
185 269 210 314 ut
223 264 249 315 in
268 265 352 316 eodem
370 267 429 318 libro
446 268 536 319 dicitur.
554 271 613 332 lingo
631 275 665 321 est
681 272 768 337 aliquid
782 277 841 337 quod

39 335 138 385 amnibus
155 335 245 387 entibus
262 341 300 388 est
320 349 390 388 causa
412 351 474 402 esse,
495 347 520 391 et
538 336 661 405 inniteris,
677 347 701 393 et
721 344 842 407 cujusibet

39 404 197 464 perfectiouis:
212 411 235 458 et
250 409 296 459 hac
310 409 408 458 dicimus
417 411 497 460 ileum.

66 477 145 597 fficium
159 479 196 529 ria
213 479 314 530 sumitur
330 493 360 530 ex
386 481 534 532 aberratione
552 496 636 534 rerum.
649 483 756 536 Videmus
770 487 840 553 enim,

41 547 76 608 qu·-
112 551 184 616 aliquu
196 552 340 616 mmrogn'u
340 495 827 622 immemor&

43 625 152 684 coennlur
165 629 261 688 urlroog
272 623 344 684 tillem
358 639 363 672 z
377 625 438 687 quod
450 631 546 688 apparet
562 640 591 676 ex
608 628 664 690 lmc,
679 630 738 692 quod
749 599 840 695 semper
860 691 864 695 ‚

43 695 78 738 rut
95 691 231 758 frequentius
251 697 334 748 eodem
350 697 418 747 modo
436 701 572 760 operentur,
588 702 614 748 ut
631 706 797 763 cousequantur
817 702 843 752 id

43 763 96 822 quod
108 769 142 845 est
158 767 273 831 optimum
284 766 328 832 (l).
347 767 412 816 Unde
429 770 491 831 patet
510 769 570 831 quod
587 783 633 819 non
646 768 659 819 d
671 783 738 835 cusu,
753 773 793 823 sed
811 786 841 822 en

41 831 456 907 rQWu-rfflm.
476 840 509 888 na
528 826 837 904 auriforme-mmm

40 903 194 974 cognitionem,
213 924 262 961 nou
283 911 383 962 tendunt
400 910 425 958 in
445 910 528 974 tinem,
548 911 592 962 nisi
608 913 692 972 directa
715 915 744 964 eb
765 915 841 979 aliquo
928 972 931 978 ,

40 985 179 1039 cognoscente
193 987 218 1032 et
230 983 392 1046 intelligente,
404 981 463 1040 sicut
476 982 559 1044 sagitta
570 983 722 1047 tsagittente.
737 987 796 1049 Ergo
806 992 841 1037 est

39 1048 114 1113 aliquid
123 1053 272 1118 intelligens,
289 1069 303 1104 a
319 1068 365 1118 quo
384 1067 463 1104 omnes
479 1068 517 1104 res
531 1057 645 1107 naturales
662 1057 795 1108 ordinantur
811 1060 840 1108 ad

39 1119 111 1189 linem3
124 1131 147 1177 el
159 1129 205 1178 hoc
217 1126 315 1178 dicimus
328 1129 409 1177 licum.

65 1197 95 1246 ld
107 1199 208 1261 primum
221 1213 278 1262 ergo
294 1199 429 1261 dicendum,
443 1197 503 1262 qudd
516 1199 573 1249 sicut
587 1199 642 1250 dicit
655 1201 793 1264 Augustinus
817 1203 842 1252 iu

38 1268 198 1321 irretiridion
210 1288 219 1320 :
232 1274 295 1322 licus
305 1271 358 1322 edm
371 1269 497 1322 sitsumme
507 1272 594 1334 boum,
605 1273 743 1324 nullomodo
754 1275 841 1325 sineret

36 1339 111 1403 aliquid
126 1343 183 1394 mali
193 1357 246 1394 esse
259 1343 286 1392 in
299 1343 408 1406 operibus
423 1343 482 1406 suis,
496 1342 541 1392 nisi
551 1345 613 1392 esset
628 1342 685 1393 uded
696 1345 840 1408 omnipotens

38 1412 149 1478 othonus,
165 1417 191 1465 ut
201 1416 264 1466 bene
279 1414 366 1465 feceret
381 1414 449 1464 etium
463 1414 490 1464 de
505 1415 574 1464 malo.

63 1486 92 1534 ld
109 1487 238 1538 secundum
255 1485 392 1549 disemum,
410 1483 470 1548 quod
489 1483 542 1534 cium
561 1488 642 1535 natum
659 1488 754 1549 propter
767 1486 842 1537 deter-

39 1555 138 1608 minatum
150 1559 224 1609 linem
237 1561 347 1622 operetur
353 1571 386 1607 er
399 1557 523 1608 directione
533 1556 630 1620 alicujus
640 1557 762 1621 superioris
772 1570 843 1623 agen-

39 1627 72 1690 l's,
84 1645 178 1683 necesse
197 1635 234 1682 est
247 1645 276 1682 eu
291 1645 341 1694 quse
356 1645 370 1680 a
387 1625 470 1680 natum
480 1629 550 1692 finnt,
565 1628 634 1679 etium
649 1629 674 1678 in
689 1631 761 1680 lleum
776 1632 842 1681 redu·

38 1711 92 1762 cere,
107 1702 171 1753 sicud
185 1703 211 1752 in
230 1701 330 1767 primum
349 1714 448 1751 causam.
468 1700 574 1752 Simiiter
590 1700 657 1750 etiam
675 1715 725 1765 quae
743 1715 770 1751 ex
789 1716 841 1766 pro·

37 1770 101 1828 posito
111 1774 185 1836 liunt,
198 1777 291 1838 oportet
300 1773 409 1823 reducere
418 1771 443 1820 in
454 1771 552 1834 aliquam
563 1771 666 1821 altiorem
676 1785 779 1834 musam,
791 1787 841 1835 quae

38 1853 76 1889 uon
88 1844 115 1894 sit
127 1845 190 1896 ratio
204 1849 229 1896 et
240 1845 349 1897 voluntas
360 1844 471 1906 immane,
488 1842 541 1905 quia
556 1843 604 1893 lucc
620 1842 739 1892 muiabilia
752 1847 842 1893 suntet

66 1971 93 2031 (1)
106 1977 142 2020 Sic
161 1973 271 2032 Boetius,
291 1975 334 2020 lib.
354 1973 378 2017 3.
394 1973 422 2018 de
437 1973 557 2023 corrector,
574 1971 641 2030 proed
664 1972 694 2017 12
706 1989 712 2016 z
726 1973 781 2018 Nor
795 1977 843 2018 tam

10 2085 17 2098 Ι
38 2041 108 2080 certas
124 2043 227 2083 aalaroe
246 2037 307 2083 ordo
324 2035 479 2094 procederet,
491 2037 544 2080 oiri
561 2048 627 2080 emor
648 2040 704 2080 esset
717 2035 761 2091 qai
780 2036 844 2093 qood

40 2100 118 2144 necuit
135 2103 285 2146 coatiaeret.
305 2099 357 2144 Hoc
377 2097 494 2155 quicquid
517 2103 565 2146 est,
578 2099 656 2142 Deam
676 2099 777 2141 aomina
796 2105 842 2144 etc.

39 2160 185 2218 Athanasius,
201 2164 271 2208 Orat.
288 2166 376 2206 contra
390 2160 473 2205 Gentes
487 2178 494 2204 :
506 2161 580 2206 Fieri
592 2173 643 2204 moa
660 2164 779 2218 postolat
795 2161 844 2206 hoec

39 2225 112 2269 omnia
122 2227 234 2270 inuicem
244 2225 375 2270 contrario
386 2223 415 2266 im
424 2235 502 2266 aaam
512 2223 648 2268 ordinatim
657 2234 681 2266 se
692 2223 843 2279 colligerent,

41 2286 82 2327 rrr'er'
95 2288 190 2346 aliquis
202 2292 261 2334 esset
274 2297 386 2332 sommae
397 2285 535 2330 moderator
543 2286 587 2342 qai
601 2284 676 2329 simol
689 2298 717 2330 ea
730 2287 842 2331 sociaret.

41 2347 122 2405 Alioqui
140 2363 191 2395 non
205 2351 294 2418 κόσμις
306 2349 368 2394 toret
382 2344 480 2408 (inquit)
492 2348 532 2404 qui
552 2347 586 2392 sic
599 2347 682 2392 dicitur
695 2348 725 2392 ab
744 2355 841 2407 ornatu,

42 2419 74 2462 sed
92 2418 210 2490 ὰκισμια,
233 2421 256 2465 id
273 2427 309 2466 est
326 2419 485 2476 perturbatio,
511 2417 660 2476 inordinatio,
676 2416 790 2462 conlusio.
813 2420 844 2462 Et

44 2485 77 2532 hot
89 2495 197 2550 exemplo
211 2492 314 2538 civitatis
324 2490 428 2536 ostendit
437 2523 442 2548 ‚
451 2491 518 2546 cujus
525 2489 581 2534 ordo
589 2490 649 2535 inter
659 2495 705 2534 tem
717 2489 844 2535 contrarias

43 2561 110 2603 laites
123 2557 237 2602 indicium
250 2562 287 2600 est
300 2554 363 2610 quod
374 2554 403 2597 ub
416 2553 491 2608 eliqua
504 2555 652 2610 gubernetur.
665 2552 786 2608 Gregorius
797 2553 843 2595 Na·

43 2614 169 2676 rinmenus,
192 2619 263 2663 Orat.
286 2616 317 2661 34
341 2631 347 2660 ι
368 2613 438 2671 Quod
452 2616 569 2672 princeps
585 2615 689 2672 quadam
708 2625 782 2658 caasa
804 2625 843 2658 rer

42 2688 113 2724 rmore
128 2681 285 2740 produxerit
299 2678 438 2734 easdemque
452 2683 588 2727 coacervet,
601 2677 652 2734 ipsi
665 2675 732 2720 ocati
749 2676 841 2720 doceat.

42 2738 103 2787 Simul
120 2745 187 2789 enim
207 2744 334 2801 quispiam
350 2741 472 2798 eleganter
486 2745 508 2785 et
523 2741 627 2798 pulchre
645 2737 791 2798 fabricatam
808 2738 843 2780 cr·-

43 2801 130 2850 tiuram
148 2807 255 2856 cidem,
273 2805 311 2850 oet
330 2803 441 2860 equidem
459 2803 563 2847 audiero
580 2806 745 2848 resonantem,
762 2800 844 2843 rtatim

41 2863 204 2917 fabricatorem
218 2869 274 2927 ejas
288 2866 327 2913 uel
340 2864 502 2910 citharoedom
511 2864 640 2922 cogitarim
652 2865 687 2908 eie
700 2862 761 2933 ciete
773 2858 844 2904 rebor

40 2931 298 2982 reconditorum,
319 2929 402 2976 statim
419 2928 513 2986 arrisere
534 2929 671 2986 cogitator,
691 2925 845 2976 oimeomgae
