1992 3342
342 181 374 220 nn
389 184 457 222 nunno
468 183 539 243 emm
793 175 837 224 atii

58 253 99 304 iiio
109 257 168 308 nodo
183 254 266 306 dieitur
281 256 332 321 quis
348 249 456 322 adjurari
464 273 507 323 per
520 259 620 322 aliquem
628 295 636 322 ,
652 273 693 323 per
707 273 775 325 quem
788 275 843 312 eue-

56 327 118 387 quitur
128 340 194 378 suum
209 327 383 391 operationem,
400 327 459 380 siem
472 330 579 380 domiuus
595 343 638 394 per
651 330 781 382 ministrum
798 347 804 382 ι
820 336 844 382 et

57 397 91 445 too
105 399 166 449 nodo
191 399 254 447 iteus
274 398 395 462 adjuvatur
413 414 454 464 per
475 414 535 464 nos,
553 401 579 450 in
595 406 706 466 quantum
722 402 845 466 exequitur

56 480 108 517 surm
122 468 291 519 ordinationem
302 470 431 520 seeundum
449 471 505 521 iliud
519 472 542 535 1,
555 471 590 520 od
606 475 662 522 cor.
679 488 685 522 ι
702 491 717 519 rr
731 472 770 524 [tei
781 473 844 524 enim

56 538 153 599 adjutores
171 553 263 590 sumus.
283 556 298 586 u
316 542 394 604 Neque
410 543 455 592 hoo
470 547 505 593 eet
522 547 615 606 propter
633 543 750 594 detentum
761 544 845 596 divinet

56 609 141 674 virtutis,
156 611 199 662 sed
210 611 265 674 quia
278 611 350 661 utitur
363 613 437 663 nausis
449 615 531 664 mediis
541 652 550 678 ,
561 619 587 664 ut
603 615 689 665 ordinis
700 615 844 678 pulchritudo

55 686 140 732 seruetur
150 682 176 731 in
189 683 270 744 rebus,
281 685 306 732 et
316 688 343 732 ut
355 682 425 733 etium
434 685 546 735 creaturis
559 685 694 748 dignitatem
707 686 845 738 causalitetis

56 753 200 804 communicet.

81 822 109 871 tt
124 825 219 874 tertium
233 822 371 887 dicendum,
388 822 449 887 quod
461 826 567 877 secundm
586 839 660 876 ouueae
680 838 727 875 non
750 830 845 888 possunt

54 893 118 951 egredi
126 896 231 945 ordinem
243 907 317 944 oausae
326 893 405 957 primm
415 895 551 946 universalis
565 899 600 956 (ut
612 895 680 959 sopri
689 897 776 946 dictum
787 897 843 960 est),

55 965 88 1011 sod
103 965 170 1028 ipeum
184 968 333 1029 exequuntur
347 981 355 1014 ι
371 969 395 1015 et
412 967 464 1016 ideo
482 967 651 1032 praedestinatio
670 981 712 1030 per
729 971 845 1018 ornaturae

54 1037 116 1093 potest
123 1036 244 1101 adjuvari,
256 1037 356 1086 sednon
369 1037 483 1102 impediri.

297 1235 444 1306 QUAESTIO
462 1235 563 1300 XXIV.

144 1407 147 1413 ·
171 1386 209 1434 Do
222 1387 288 1433 libro
300 1388 370 1446 vitm,
382 1388 412 1432 io
424 1391 472 1432 tres
486 1387 605 1432 articulos
620 1386 710 1432 divino.

75 1544 153 1598 tento
170 1544 368 1596 considerandum
379 1547 415 1594 est
427 1545 456 1594 de
469 1542 529 1593 libro
538 1543 600 1593 uite:

75 1615 98 1664 ut
115 1619 178 1668 cirea
198 1619 245 1666 troo
265 1618 400 1678 queruntur
420 1615 465 1664 trin
488 1630 495 1663 ι
518 1617 544 1662 1⁰
565 1613 624 1673 Quid
647 1611 677 1662 sit
699 1611 757 1662 liber
782 1611 844 1662 vitro.

52 1689 71 1761 ἐξ
83 1687 149 1750 Cujus
159 1689 218 1764 uitp
230 1686 262 1736 sit
273 1685 341 1735 tiber.
355 1689 381 1733 3⁰
392 1685 472 1734 Uirium
484 1683 567 1747 aliquis
577 1682 648 1748 possit
662 1682 733 1733 deleri
746 1684 773 1736 de
786 1683 845 1733 libro

51 1760 99 1806 trid.
308 1774 312 1779 ’

352 1833 511 1883 ARTICULUS
527 1833 547 1881 1.

135 1955 226 2001 Utrdm
237 1954 299 1999 tiber
307 1952 362 1996 vitm
371 1952 404 1997 er't
412 1951 476 1996 idem
489 1950 554 2006 qood
561 1949 748 2005 prodesrtnorto.

75 2083 103 2132 id
113 2083 215 2146 primum
229 2080 264 2130 sio
280 2078 411 2143 proceditur
427 2074 470 2141 (t).
485 2075 580 2125 Videtur
593 2073 653 2138 qudd
665 2075 724 2124 liber
735 2073 787 2122 uite
801 2086 848 2123 non

53 2157 72 2198 rt
82 2153 138 2205 idem
147 2155 212 2218 quod
221 2148 403 2216 praedestinatio.
416 2147 505 2197 Dicitur
518 2146 580 2196 enim
594 2147 740 2196 dioclesiani.
753 2145 823 2194 XXIV
841 2159 847 2193 ι

52 2241 60 2259 ¹¹
71 2226 117 2274 ileo
131 2224 214 2275 omnia
231 2223 291 2272 tiber
310 2220 365 2269 vite
383 2233 389 2266 z
408 2234 423 2265 u
437 2217 526 2268 Gloeeo
543 2215 731 2280 (interlinearis)
748 2232 754 2262 ι
770 2215 794 2265 id
814 2220 849 2266 eet

52 2311 61 2331 υ
73 2308 150 2344 nouum
170 2300 194 2345 et
211 2297 281 2343 uetus
293 2292 474 2341 Testamentum.
487 2304 501 2335 n
514 2289 563 2338 idon
584 2290 724 2337 autemnon
739 2289 774 2337 est
792 2299 849 2350 prae-
931 2309 935 2316 ·

50 2366 160 2418 troinatio
178 2381 184 2415 :
203 2379 261 2428 ergo
273 2363 333 2413 liber
346 2361 400 2410 uitae
412 2363 506 2410 nonest
520 2359 581 2409 idem
594 2358 656 2422 quod
669 2357 847 2420 praedestinatio.

74 2442 94 2484 t.
116 2440 251 2498 Pmeterea,
282 2431 424 2500 dogustinue
443 2432 469 2480 iu
488 2431 528 2481 lib.
553 2430 611 2491 XX,
634 2429 671 2476 De
697 2429 775 2478 civit.
802 2430 850 2477 Det

61 2520 104 2568 rap.
117 2508 172 2572 tt),
188 2507 222 2556 ait
233 2503 297 2568 qudd
308 2503 368 2552 iiber
380 2501 494 2551 vitaeest:
508 2515 521 2548 u
535 2500 638 2563 quaedam
650 2497 685 2547 vie
699 2497 791 2562 divina,
805 2513 849 2562 qua

55 2585 80 2625 rt
91 2582 114 2628 ut
123 2579 258 2640 erununque
270 2585 341 2638 opera
354 2573 467 2622 sunbona
479 2572 519 2620 uel
532 2569 592 2619 moia
602 2568 627 2618 in
636 2568 770 2623 memoriam
782 2569 850 2619 redu·

77 2695 102 2753 ti)
117 2700 150 2742 lte
164 2696 204 2741 tris
215 2695 288 2743 etiam
298 2695 328 2750 1,
341 2691 420 2740 Senot„
436 2690 492 2734 diet.
510 2687 550 2746 to,
563 2699 603 2743 qu.
618 2686 648 2746 iv,
670 2692 713 2732 ert.
727 2687 753 2745 2,
769 2687 798 2731 ed
816 2685 845 2738 5;

49 2763 68 2798 ‘t
81 2761 117 2817 tii,
130 2760 192 2804 Sem
206 2791 212 2815 ,
228 2758 285 2802 dist.
308 2753 348 2813 31,
362 2766 402 2810 qu.
416 2751 447 2811 i,
466 2757 510 2796 ent.
523 2751 547 2806 2,
561 2761 601 2805 qu.
617 2749 649 2802 ἲς
670 2755 694 2793 et
711 2761 751 2804 qu.
769 2749 798 2806 7,
819 2747 847 2792 de

51 2822 116 2926 :nimi’
131 2819 221 2876 art.h;
236 2826 262 2865 et
283 2818 351 2864 Prot.
366 2817 471 2873 XXXIX,
484 2813 531 2858 col.
546 2811 578 2866 8;
596 2815 620 2856 et
636 2811 667 2858 ed
681 2809 777 2868 Pttttp.
799 2811 845 2866 IV,
