1992 3342
122 231 169 278 tto
309 242 369 280 rans
385 243 406 293 r,
422 242 513 289 ounsr.
530 244 601 295 xrrrr,
619 244 672 281 rau.
687 244 721 282 vr.

123 317 215 369 modun
227 317 305 368 missio
323 318 451 369 attribuitur
461 318 544 369 lirinis
559 319 670 383 personis.
685 320 724 370 Sic
740 332 794 383 crgo
810 320 837 369 in
850 332 878 371 oo
890 322 917 371 ud

123 387 229 452 guenrllit
240 389 329 453 missio,
343 393 431 455 oportet
441 392 483 441 dno
496 391 640 441 considerare
652 406 658 440 :
669 390 755 441 scilicet
766 390 917 443 inhabitatio-

123 461 264 524 nem2gratiae
275 465 299 512 et
308 461 477 512 innovationem
486 463 604 525 quamdam
617 462 766 527 pergratiam
780 477 785 511 :
798 464 829 514 ad
841 476 918 514 omnes

124 545 179 595 ergo
192 535 218 583 lit
232 533 310 584 missio
321 533 450 596 inuisibilis,
463 533 579 597 inquibus
594 534 643 584 hato
656 534 700 583 dno
714 532 875 583 inveniuntur.

156 604 190 653 td
201 604 298 667 primum
310 618 363 667 ergo
373 605 500 666 dicendum,
510 604 570 667 qu'od
580 604 657 655 missio
671 604 798 655 invisibilis
809 608 847 655 est
861 605 917 655 lacta

124 676 157 735 ad
167 676 245 724 Patres
257 676 342 727 aeteus
351 676 496 727 Testamenti.
513 676 575 727 Unde
588 675 641 725 dicit
656 675 798 739 Augustinus
812 678 870 738 ,lu
889 674 920 723 de

128 746 208 805 Trio„
222 759 273 810 cap.
283 752 324 807 to,
333 747 393 811 quod
408 766 422 795 u
435 746 558 799 secundum
568 747 626 811 quod
642 747 713 797 Filius
728 747 829 797 mittitur
843 746 920 798 inrisi-

125 816 212 878 unior,
226 817 251 866 nt
261 819 286 867 in
300 820 430 869 nominibus
442 823 481 870 aut
493 833 544 869 uum
555 819 684 869 hominibus
695 836 700 867 :
711 820 756 869 hoc
766 823 846 869 autem
857 824 920 870 anua

126 888 211 939 lactruu
223 891 297 940 estin
309 892 414 941 Patribus
426 896 449 942 et
461 891 582 954 Prophetis
592 891 638 955 (l).
650 908 663 938 u
673 890 729 943 utrm
745 904 800 953 ergo
815 890 898 941 dicitur
913 906 919 939 ι

129 961 255 1011 «Nondum
266 966 315 1012 erat
322 962 494 1025 datnsapiritus,
505 978 518 1009 u
529 962 674 1025 intelligimus
682 962 709 1012 de
720 962 760 1011 illa
769 962 865 1014 datione
873 976 920 1012 cunr

129 1031 195 1095 signo
204 1032 301 1095 cunni,
318 1047 369 1096 que
384 1034 445 1083 tacta
457 1032 526 1083 estin
543 1033 580 1083 die
589 1034 742 1083 pentecostes.

158 1103 193 1153 ad
206 1106 329 1155 seeundum
345 1104 476 1167 dicandum,
491 1102 552 1167 qrtdd
574 1104 641 1154 etiam
656 1103 781 1153 secuudum
798 1104 922 1167 proiectum

128 1173 218 1224 uirtutis
236 1178 275 1225 aut
293 1180 439 1239 augmentum
458 1174 549 1238 gratie,
564 1174 594 1225 sit
612 1174 690 1224 missio
708 1174 845 1225 invisibilis.
864 1176 923 1226 Unde

130 1246 267 1309 Augustinus
277 1246 393 1311 deluit.
403 1246 436 1295 de
445 1246 525 1302 Trio„
535 1259 584 1310 cap.
596 1250 635 1307 lu,
646 1245 706 1309 quod
715 1264 728 1295 u
738 1250 794 1296 tuuc
803 1246 924 1311 unicuique
975 1250 976 1253 ’

129 1317 228 1370 mittitur
237 1317 324 1381 Filius,
338 1316 389 1367 einr
403 1316 417 1366 a
429 1329 543 1381 quoquam
555 1316 697 1381 cognoscitur
709 1321 778 1381 atque
792 1318 923 1383 percipitur,

131 1393 239 1451 quantum
255 1388 361 1451 cognosci
374 1391 398 1439 et
409 1387 495 1452 percipi
510 1391 586 1453 potest
597 1401 638 1453 pro
651 1392 719 1451 captu
731 1388 769 1438 uel
785 1388 924 1451 proficientis

130 1460 156 1510 in
167 1462 254 1522 Deum,
265 1462 302 1512 vel
314 1461 420 1524 perlecta
432 1461 457 1509 in
470 1462 517 1511 Deo
533 1461 614 1511 anime
624 1460 750 1511 radoualis.
761 1464 779 1508 'u
792 1460 838 1511 seu
849 1465 925 1511 tanum

131 1532 254 1583 secuudum
265 1532 321 1582 illud
331 1535 476 1595 augmentum
490 1532 567 1593 gratiae
580 1529 694 1596 precipue
708 1531 790 1581 missio
804 1529 925 1580 invisibilis

131 1604 267 1664 attenditur,
279 1605 369 1666 qnando
378 1602 458 1666 aliquis
467 1603 557 1666 proficit
566 1604 591 1652 in
600 1603 698 1666 aliquem
710 1615 795 1652 novum
805 1606 882 1652 actum
891 1600 927 1651 rel

133 1688 217 1725 norum
231 1678 315 1724 statum
327 1675 419 1739 gratie3
429 1679 455 1724 nt
467 1674 523 1739 pru
535 1674 586 1725 sirm
599 1674 681 1737 aliquis
693 1672 783 1737 proficit
796 1672 927 1736 ingratiam

71 1740 75 1751 '
133 1744 293 1794 miraculorum
304 1749 344 1795 aut
355 1746 494 1809 propheticos
504 1745 575 1795 rolin
588 1748 631 1796 hoc
643 1743 703 1807 quod
717 1757 745 1793 ex
754 1744 843 1795 fervore
854 1743 928 1793 ehari-

133 1816 188 1866 tatis
201 1816 294 1879 exponit
308 1830 332 1866 se
346 1816 467 1882 martyrio,
478 1819 518 1866 aut
533 1816 675 1867 abrenuntiat
692 1815 729 1865 luis
743 1828 794 1879 que
809 1814 928 1879 possidet,

135 1891 174 1938 aut
188 1888 337 1951 nummoque
349 1900 407 1951 opus
420 1889 514 1937 arduum
528 1888 664 1951 aggreditur.

167 1960 201 2009 td
213 1959 305 2010 tertium
314 1959 447 2021 dicendum,
459 1958 518 2023 quod
529 1961 557 2009 ad
568 1960 646 2009 beatos
656 1959 717 2008 iacta
729 1963 765 2009 est
776 1957 858 2009 missio
871 1957 931 2006 inri-

135 2022 211 2082 'sibilis
219 2031 243 2081 in
254 2030 306 2094 ipso
317 2031 428 2095 principio
439 2030 598 2094 beautudinis3
609 2031 751 2093 postmodum
762 2033 840 2080 autem
854 2030 884 2079 ad
894 2041 932 2078 eos

138 2104 165 2154 llt
175 2104 255 2171 missio
267 2102 403 2166 insumitis,
417 2116 464 2154 nou
478 2102 603 2153 secuudum
617 2101 768 2151 intensionem
784 2100 879 2165 gratie,
894 2100 932 2150 sed

105 2276 110 2294 ⁸
171 2276 204 2338 (t)
215 2281 259 2326 Vel
272 2278 318 2336 sic,
328 2278 405 2323 uerbis
417 2276 532 2335 paululum
543 2275 669 2321 immutatis
680 2291 685 2319 r
697 2272 777 2319 Aliter·
786 2273 898 2317 mittitur·
907 2276 934 2318 ut

140 2342 172 2387 tt't
184 2355 239 2386 cum
253 2342 361 2390 domitto,
378 2341 451 2385 aliter·
464 2343 491 2384 ut
505 2340 537 2383 ec't
555 2338 622 2381 domo
639 2335 731 2399 (nempe
749 2336 866 2391 Sapientia
885 2336 935 2390 ipsa

141 2416 183 2461 per
193 2416 261 2460 quarn
274 2403 408 2461 intelligitur
424 2401 493 2448 Filius
504 2401 560 2460 Del,
576 2406 601 2445 ut
614 2400 712 2455 explicat
722 2397 813 2454 plenius
825 2396 935 2455 Augusti·

141 2464 208 2523 nus).
220 2468 250 2511 lrr
259 2468 353 2511 animur
362 2466 427 2510 enim
437 2462 699 2521 anconitanensem,
711 2461 800 2505 amicos
809 2460 856 2504 Dei
867 2464 936 2516 utque

139 2530 269 2587 propheta
288 2528 411 2572 constituit
425 2528 488 2571 sicut
508 2527 579 2569 otium
592 2524 675 2583 implet
690 2527 782 2567 sanctor
800 2523 900 2579 angelos
916 2524 937 2565 ct

142 2592 225 2636 oemio
237 2590 325 2635 ratitos
345 2590 490 2634 contuleris
505 2598 614 2644 congruo
626 2598 670 2644 per
683 2597 720 2631 eoa
734 2588 861 2642 operatur.
876 2588 937 2630 curt

142 2658 222 2698 eutem
240 2653 308 2697 uertit
319 2651 448 2709 plenitudo
462 2651 575 2708 temporis
595 2650 667 2694 rutero
685 2651 718 2693 ert
730 2646 738 2703 t
748 2646 864 2703 supientia
878 2647 938 2690 elcut

143 2712 238 2773 supra),
252 2726 303 2758 stou
317 2718 345 2758 ut
359 2714 470 2771 impleret
484 2713 581 2770 ortgelos
597 2724 639 2756 uec
650 2714 677 2755 ut
691 2714 748 2755 emt
759 2708 873 2767 ungulam
885 2706 938 2751 esst

143 2776 457 2894 testimouium
463 2768 939 2889 testulutum

144 2898 210 2941 euim
223 2899 293 2939 anor
300 2898 330 2940 tat
339 2899 454 2943 Patribus
462 2901 484 2943 et
491 2899 522 2942 to
534 2897 661 2955 Prophetis
671 2899 722 2943 erut
729 2892 748 2957 ),
759 2892 799 2939 ted
815 2896 843 2938 ot
854 2892 939 2951 iprum

148 2956 249 3003 Verbum
262 2970 319 3002 earo
331 2959 414 3015 fieret,
424 2961 452 3006 td
466 2964 499 3005 eet
512 2960 581 3005 domo
590 2960 666 3019 fient.
