1992 3342
236 206 268 249 un
281 206 394 251 nmsoms
409 212 442 251 su
457 208 590 253 ussmrnars
605 208 712 251 susurrus.
829 202 876 251 551

106 291 130 337 s.
146 288 278 352 Praeterea,
289 292 370 341 natura
385 289 463 341 diuina
478 295 513 341 est
528 290 590 341 idem
603 290 662 355 quud
676 290 776 341 essentia
790 305 796 340 :
811 292 875 343 subi-

71 364 138 411 ceret
146 374 204 424 ergo
218 360 293 411 dicere
306 361 367 426 aprbd
380 365 428 412 tres
437 376 541 426 personae
554 366 606 413 sumt
620 364 696 413 unius
710 366 820 415 nutura.

105 438 131 483 t.
142 434 268 496 Preterea,
276 447 324 485 uon
337 435 456 484 comneni
468 434 514 484 dici
529 434 590 499 quon
599 448 697 499 persona
710 434 740 487 sit
753 437 874 501 essentiae,

72 506 114 554 seu
126 504 202 567 magis
213 503 274 567 qubd
286 504 535 569 essentiasitpersunc
546 520 698 572 :urgensque
711 509 875 560 convenienter

74 577 165 625 videtur
177 575 223 625 dici
237 574 297 639 qubd
306 580 355 626 tres
364 590 469 640 persona
480 582 534 627 sunt
548 580 625 627 unius
639 581 759 629 essentiae.

103 652 130 698 5.
145 649 275 711 preterea,
298 649 436 708 Augustinus
450 649 505 699 dicit
520 653 553 715 (1)
570 649 630 713 qnbd
649 663 696 700 non
715 651 812 703 dicimus
830 658 877 705 tres

72 732 185 781 personas
198 732 248 767 eme
260 732 291 767 ex
300 732 347 768 uua
358 719 472 783 essentia,
486 734 516 769 ne
529 720 668 783 intelligatur
683 721 709 771 iu
720 722 803 774 divinis
815 725 875 775 slinsl

71 802 122 839 esse
136 788 238 839 essentia
249 794 274 839 et
285 800 391 852 persona.
406 790 452 840 Sed
467 790 526 841 sicut
539 791 713 855 praepositiones
726 798 779 844 sunt
793 797 876 847 transi-

71 859 134 921 tivse,
147 860 183 909 ita
193 863 218 909 et
228 859 325 924 obliquae
337 874 409 923 :ergo
417 860 468 925 pari
477 861 564 912 ratione
577 866 671 913 nonest
684 863 805 915 dicendum
815 866 875 931 qnbd

70 935 118 981 tres
131 944 237 995 persone
255 935 309 981 sunt
323 933 399 981 cuius
412 935 533 984 meantia.

102 1008 125 1053 6.
142 1004 271 1065 Praeterea,
282 1002 306 1051 iu
315 1003 377 1066 quod
387 1007 523 1067 potestesse
538 1004 619 1055 enoris
632 1006 734 1069 ouzasio,
745 1021 791 1057 non
805 1010 874 1060 estin

70 1074 155 1124 divinis
172 1073 305 1123 dicendum.
319 1074 365 1124 sen
380 1074 435 1123 obus
448 1074 556 1125 dicuutur
568 1079 615 1126 ines
631 1089 733 1141 personae
748 1081 824 1128 cuius
838 1096 875 1129 es-

71 1150 160 1197 sentio
168 1147 207 1197 sci
216 1146 374 1203 substautias,
387 1146 454 1197 datur
460 1147 544 1198 erroris
552 1146 655 1210 occasio,
665 1149 732 1211 quia,
744 1154 768 1199 nt
776 1150 874 1203 Hilarius

72 1219 127 1269 dicit
139 1220 166 1269 iu
175 1219 217 1269 lib.
231 1218 264 1267 de
276 1218 387 1282 synodis
396 1218 438 1283 (ad
446 1232 496 1269 can.
510 1219 569 1283 27),
582 1237 596 1267 «
606 1233 651 1269 nna
663 1220 789 1273 substantia
800 1225 874 1275 Patris

71 1296 96 1340 et
108 1291 160 1341 iiiii
174 1288 309 1354 praedicata,
325 1294 449 1341 autunum
462 1291 503 1354 qui
515 1291 571 1341 duas
587 1292 770 1355 nuncupationes
788 1295 873 1360 babet,

72 1361 236 1412 subsistentem
252 1360 379 1424 significan
395 1364 433 1410 ant
448 1360 543 1412 diuisam
559 1374 629 1413 unam
647 1362 798 1415 substantiam
818 1366 874 1417 duas

71 1434 220 1498 imperfectas
230 1432 311 1483 iecisse
325 1433 479 1496 substantias3
494 1436 535 1483 snt
546 1434 637 1485 tertium
656 1433 756 1497 priorem
771 1436 875 1486 substan-

73 1504 137 1568 tiam,
145 1506 220 1569 quaen
230 1504 319 1555 duobus
326 1507 350 1555 et
360 1508 468 1569 usurpata
477 1505 508 1555 sit
517 1508 541 1555 et
550 1509 674 1569 assumpta.
685 1522 699 1551 n
709 1507 760 1557 Non
773 1510 809 1557 est
820 1521 875 1571 ergo

73 1575 196 1625 dicendum
207 1578 256 1624 tres
267 1587 439 1637 personnscsse
453 1574 701 1627 uuiuscubstcatioe.
867 1629 871 1637 ,

102 1646 147 1697 &si
163 1649 245 1695 conten
261 1648 312 1709 est,
326 1646 388 1710 quod
402 1646 543 1709 Augustinus
561 1644 617 1697 dicit
635 1646 661 1697 iu
678 1646 719 1697 iib.
735 1649 876 1701 incontra

71 1718 246 1769 Maximinum
257 1718 321 1783 (cap.
332 1717 391 1780 sei,
401 1716 463 1781 qubd
475 1720 520 1769 buc
533 1732 627 1782 nomen,
639 1718 801 1784 homousion,
815 1722 875 1785 quud

71 1790 96 1838 in
108 1788 214 1841 concilio
221 1788 316 1839 Nicaeno
327 1788 437 1839 adversius
451 1789 546 1841 Amanus
555 1790 668 1841 firmatum
680 1794 724 1854 est,
732 1790 794 1842 idem
804 1792 876 1855 signi·

71 1862 124 1912 ficut
135 1863 199 1928 quod
210 1865 259 1911 tres
269 1874 379 1926 personas
390 1875 440 1911 esse
452 1864 529 1911 unias
537 1863 657 1913 mseatioe.

103 1934 264 1999 (Ounuuusro.
273 1957 305 1969 -
316 1931 420 1982 Fssentia
434 1932 524 1996 divina,
539 1932 590 1983 ciun
603 1932 628 1982 in
638 1933 722 1985 divinis
735 1934 877 1997 significetur

72 2010 99 2055 ut
109 2006 200 2069 forma,
213 2004 260 2057 erit
274 2017 322 2055 una
338 2004 409 2055 trium
425 2017 590 2069 personarum,
604 2018 655 2069 qno
669 2008 715 2055 tres
727 2009 795 2055 erunt
807 2006 875 2055 unius

71 2077 204 2141 essentie.)
590 2102 595 2109 ·

104 2150 242 2216 Responueu
251 2148 382 2211 dicendum,
396 2147 457 2213 qubd
469 2148 539 2214 (siunt
547 2148 615 2213 suprb
625 2149 712 2199 dictum
722 2148 766 2213 esi)
774 2148 876 2199 intellec-

72 2226 110 2272 tus
121 2225 201 2273 noster
213 2234 251 2271 res
261 2220 349 2271 bisinus
360 2220 480 2281 nominat,
495 2234 541 2271 non
552 2220 677 2271 secundnm
691 2221 783 2270 mudum
796 2226 876 2269 earnm

75 2294 141 2359 (quia
152 2294 186 2345 sic
205 2307 245 2344 eas
254 2305 392 2357 cognoscere
411 2304 459 2341 uun
471 2291 577 2356 potest),
592 2290 632 2341 sed
645 2289 770 2341 secundbm
784 2290 876 2340 mudum

73 2366 97 2415 in
106 2368 177 2416 rebus
187 2365 271 2416 creatis
278 2365 407 2415 inventum.
416 2361 445 2413 Et
458 2362 511 2428 quia
522 2362 546 2411 in
555 2362 624 2413 rebus
635 2359 793 2425 sensibilibus,
805 2360 818 2411 b
828 2362 879 2426 qni-

74 2438 117 2487 bus
129 2437 262 2489 intellectus
274 2438 352 2487 noster
368 2434 488 2485 scientiam
502 2434 577 2498 capit,
590 2436 671 2485 natura
682 2432 778 2496 alicujus
793 2433 878 2497 speciei

106 2574 363 2639 (ib-Nempeiib.V11,
375 2572 410 2617 De
423 2570 527 2623 Tristi„
538 2582 590 2629 cap.
602 2570 626 2629 6,
636 2571 698 2617 circa
709 2570 823 2631 medinm,
838 2574 880 2618 sub

74 2640 200 2687 bisrcmi·
215 2637 334 2695 prusinum
349 2634 495 2691 transpositis
512 2652 517 2679 :
533 2636 589 2683 Nou
603 2636 639 2678 ric
651 2634 757 2679 dicimur
767 2639 815 2679 trec
823 2647 882 2691 per-

74 2717 144 2750 rom
156 2703 196 2748 oet
209 2699 357 2747 subustis·
367 2710 446 2743 mur
459 2699 587 2743 amulium
598 2701 618 2741 et
629 2708 709 2741 numu
722 2697 815 2747 Deum,
828 2700 881 2741 roc

75 2778 147 2823 ouum
165 2778 198 2810 ex
212 2764 319 2809 neuma
336 2762 388 2807 triu
407 2759 738 2817 sumministrationem.
756 2762 787 2805 Et
802 2772 879 2804 moxi

76 2830 122 2876 Nee
132 2834 183 2874 tres
195 2838 317 2886 perrenae
333 2838 365 2869 ex
378 2823 460 2873 emec»
473 2824 577 2867 essentia
590 2822 711 2872 dicimur,
724 2823 795 2879 quusi
808 2822 881 2866 uliud

75 2891 110 2936 r'br'
126 2894 160 2937 cit
180 2890 246 2949 quud
263 2888 367 2936 wamia
380 2889 427 2936 cet,
441 2885 514 2941 atiud
530 2884 595 2943 quud
613 2896 734 2943 perusus⁴
751 2886 816 2929 sicut
834 2888 881 2929 tres

76 2958 167 3002 statuas
180 2965 214 3001 rc
224 2964 305 3002 uero,
317 2956 365 2997 etc.
