1992 3342
205 234 238 270 ou
253 234 415 274 rtuuurrsru
429 236 589 275 rnnsosrnunr
604 238 629 276 ut
645 238 745 277 mutuis.
830 230 875 277 toti

72 309 232 361 testimonium
240 310 329 362 nuntio
337 311 408 375 θωὴν,
416 312 493 375 Peter,
503 313 634 365 Verhuuret
644 314 741 379 spiritus
749 319 872 367 sanetus.»

73 382 233 441 Qnaereutitrus
244 386 321 432 tutem
335 397 341 431 ε
355 400 370 434 o
382 382 439 439 ostii
449 384 511 433 tres?
524 401 539 431 rr
549 388 697 449 respondetur
709 402 716 436 :
730 388 808 437 ot'res
822 400 876 451 per·

72 465 178 515 sonae‚»
192 455 220 501 nt
233 452 374 515 Augustinus
391 452 448 504 ‹lteit
465 456 506 504 llll
520 456 558 504 De
577 458 661 521 Trio„
675 456 741 522 (erp.
761 458 799 522 t).
818 460 877 509 Sunt

72 522 144 585 igitur
155 526 203 574 tres
218 537 323 587 persone
336 524 427 575 tanturn
442 524 467 575 in
480 525 575 579 diuos

106 594 265 660 (Coucuusro.
276 597 368 647 -Tres
380 597 470 647 tuueim
480 598 506 647 in
514 598 598 652 livinis
606 614 708 665 persone
720 606 774 653 sont
780 638 788 665 ,
799 604 876 666 Pater,

74 666 146 716 Filios
162 669 186 716 et
202 666 301 731 Spiritus
314 669 429 733 sanam.)

105 739 243 802 Respondeo
256 738 392 804 dicendum,
402 740 463 805 quod
475 742 600 793 seeuudirn
614 744 729 807 premissa
740 758 833 796 neeesse
843 750 879 797 est

73 823 159 874 ponere
170 809 461 875 ontnuespeuonrrin
469 813 562 865 divinis
572 817 693 866 ostensum
702 822 737 867 est
746 818 808 868 enirn
817 816 878 881 quot

72 883 152 946 plnres
171 895 277 946 persono
294 887 348 933 srnt
363 885 445 948 plures·
456 885 580 936 relationes
598 886 747 938 subsistentes
768 890 796 939 etr
817 888 878 938 invi·

70 966 125 1006 cem
138 954 233 1003 molitor
245 954 366 1005 dietim
378 955 455 1006 llealis
465 960 542 1007 autem
553 956 668 1008 distinctio
681 958 741 1009 iuter
757 960 880 1011 relationes

73 1025 163 1076 diruas
173 1038 222 1075 non
233 1029 269 1075 est
280 1026 324 1077 nisi
333 1027 423 1077 ratium
436 1027 586 1091 oppositionis
596 1028 698 1079 relative
709 1046 717 1081 ι
728 1044 781 1095 ergo
790 1034 879 1095 oportet

73 1097 132 1146 dues
145 1096 268 1147 relationes
278 1098 394 1161 oppositos
409 1100 439 1149 ut
457 1100 515 1149 duos
531 1112 640 1164 personas
652 1102 784 1166 pertinere;
797 1102 817 1153 si
829 1116 879 1165 quo

74 1171 152 1220 auten
166 1167 290 1219 relafienes
301 1170 466 1234 oppositu-non
475 1175 545 1235 suut,
557 1172 586 1221 ed
601 1173 697 1223 eundern
709 1186 828 1237 personum
839 1188 881 1225 ne-

74 1252 139 1291 cesse
159 1244 196 1291 est
213 1254 253 1293 ees
266 1240 392 1304 pertinere.
406 1242 534 1293 Paternitos
548 1256 602 1307 ergo
622 1246 645 1293 et
659 1242 738 1294 illatio
752 1244 818 1309 (einr
834 1245 880 1296 siut

72 1312 184 1377 oppositu
197 1311 334 1377 relationes)
342 1314 372 1362 ad
381 1313 438 1363 turs
446 1325 556 1377 personas
565 1328 595 1365 er
607 1314 743 1365 necessitate
754 1316 878 1379 pertinent.

73 1384 204 1436 paternitas
212 1384 285 1448 igitur
293 1384 419 1435 suentem
427 1389 463 1434 est
471 1398 570 1449 persono
578 1386 667 1449 Putris,
675 1388 699 1436 et
709 1386 787 1437 filiatio
795 1388 882 1437 subus-

73 1459 126 1507 tens
139 1461 175 1508 est
187 1468 287 1521 persone
297 1456 358 1505 Filii.
373 1456 429 1507 lliae
444 1462 521 1508 aowin
537 1459 588 1508 door
604 1457 726 1510 relationes
737 1459 766 1509 od
776 1462 880 1512 neutram

74 1527 157 1579 onum
172 1528 341 1593 oppositionem
353 1529 457 1593 «noent,
472 1531 513 1579 sed
529 1528 573 1579 silui
592 1528 692 1580 invicem
709 1531 854 1594 opponuntur
874 1545 879 1579 :

70 1597 216 1663 impossiuile
234 1605 269 1651 est
288 1600 359 1663 igitur
381 1599 442 1664 quod
460 1601 533 1651 anne
549 1600 590 1651 uui
610 1614 714 1665 persono
735 1600 880 1651 eonvenisnt.

74 1671 171 1734 Oportet
183 1684 240 1734 erqo
253 1670 314 1734 qnod
328 1672 367 1721 uel
382 1685 429 1722 una
441 1685 520 1721 eurum
534 1672 655 1722 conueniet
671 1672 759 1735 utrique
771 1670 882 1721 ottonum

73 1754 224 1806 personarum
230 1780 239 1806 ,
250 1747 292 1793 aut
302 1742 363 1807 qnod
377 1756 424 1793 una
436 1744 492 1807 uini,
504 1746 528 1793 et
541 1743 586 1793 nlla
596 1744 644 1795 alii.
655 1744 705 1794 lton
720 1746 797 1793 nutem
807 1747 883 1807 potest

68 1826 126 1865 esse
140 1812 203 1877 quot
211 1814 327 1877 proeesse
337 1815 459 1865 conveniat
469 1815 531 1865 Patri
541 1818 565 1866 et
575 1815 647 1879 lilio,
661 1816 699 1865 vel
709 1816 775 1866 alteri
789 1828 881 1879 eorum,

72 1885 129 1949 quie
144 1885 178 1936 n'e
194 1889 330 1949 sequeretur
342 1886 403 1950 quod
419 1886 534 1951 processio
546 1887 675 1937 intelleotrls
687 1886 752 1952 (quae
766 1892 800 1937 est
813 1899 883 1951 gene·

71 1955 133 2006 ratio
143 1956 170 2005 'ro
181 1956 276 2020 diruis
285 1957 412 2008 uoundlun
420 1971 489 2022 quom
499 1958 610 2022 accipitur
619 1958 745 2023 paternitas
755 1961 780 2008 et
787 1957 881 2021 filiatio)

73 2028 179 2091 prodiret
188 2042 219 2080 ex
229 2028 374 2091 processione
387 2029 486 2092 amoris,
499 2028 623 2082 uentum
634 2042 702 2093 quarn
714 2026 824 2092 arripitur
833 2028 881 2091 spi-

75 2098 136 2150 ratio
149 2104 174 2151 et
184 2100 317 2164 proeessi03
332 2104 356 2150 et
368 2114 465 2166 persona
478 2112 591 2164 generans
602 2103 627 2151 et
641 2100 718 2163 genita
732 2100 882 2165 prooerlerent

75 2170 92 2221 tt
105 2171 207 2235 spirante
223 2187 230 2221 :
246 2172 308 2235 qnod
320 2175 357 2222 est
373 2177 453 2223 eontra
471 2172 588 2236 praemissa
602 2172 654 2237 (qn.
667 2176 696 2221 st
708 2169 725 2235 ).
738 2170 882 2234 Relinquitur

75 2256 133 2305 ergo
149 2244 212 2309 qnod
229 2244 325 2308 spirnoo
345 2245 467 2296 oonuenlot
482 2248 507 2295 et
524 2255 628 2309 persone
649 2243 725 2295 Petris
739 2246 763 2293 et
781 2256 883 2307 persons

4 2329 6 2336 ’
77 2313 146 2379 Filii,
159 2319 240 2379 utpote
252 2316 339 2365 nullom
348 2318 437 2367 habens
445 2316 612 2381 oppositionem
622 2314 741 2365 relatiuam
750 2327 793 2364 neo
801 2316 830 2364 ed
843 2328 883 2378 pu-

77 2386 213 2437 ternitotem
222 2400 267 2438 nee
278 2386 463 2450 stillationem
475 2391 499 2437 et
515 2400 556 2451 per
565 2398 706 2449 consequeus
724 2388 813 2449 oportet
823 2383 884 2449 quod

78 2458 194 2521 prooemio
206 2458 331 2509 eonveniet
342 2459 410 2509 alteri
421 2472 542 2525 persone,
555 2470 604 2522 que
623 2456 704 2509 diutur
717 2470 814 2521 persona
833 2457 884 2520 Spi-

77 2528 137 2579 ritrts
144 2530 227 2593 sanai,
238 2542 289 2593 qnae
299 2542 341 2593 per
350 2531 442 2580 modum
453 2529 538 2581 amoris
546 2528 656 2593 procedit,
671 2532 697 2577 ut
705 2526 773 2591 supet
781 2528 885 2578 habitunt

79 2604 130 2653 est„
143 2601 293 2665 Relinquitur
308 2613 363 2665 erqo
376 2606 466 2652 notun
484 2604 533 2653 tres
550 2612 658 2672 persouos
674 2614 725 2651 esse
742 2599 769 2649 in
788 2598 884 2663 divinis,

79 2672 169 2725 soitieet
179 2675 289 2737 Patrem,
303 2677 328 2723 et
339 2672 421 2725 tillon
434 2677 458 2724 et
470 2674 580 2739 Spiritum
593 2676 705 2723 usuum.

113 2745 147 2795 tn
166 2744 267 2809 primunr
282 2758 342 2809 erqo
354 2745 490 2810 mnium,
505 2744 566 2809 qnod
584 2744 643 2795 lieet-
654 2745 701 2795 sint
716 2747 811 2808 quatrur
827 2744 887 2793 relo-

81 2814 192 2866 tiooesin
205 2817 305 2881 runnu,
314 2820 394 2867 tomen
407 2830 555 2880 ontearum,
570 2815 657 2866 scilieet
672 2814 779 2880 spiratio,
790 2823 837 2864 non
850 2828 886 2865 se-

81 2892 174 2949 paratu
183 2888 200 2938 i
208 2902 309 2953 persono
322 2888 397 2939 Putris
407 2893 431 2939 et
444 2888 511 2952 lilii,
521 2889 561 2938 sed
575 2888 681 2937 contenit
695 2887 792 2950 utrique.
807 2887 835 2935 ut
844 2885 885 2947 sio,

82 2956 135 3008 lieet
147 2959 177 3009 sit
188 2960 286 3024 relatio,
295 2974 344 3013 non
355 2964 433 3015 tenen
449 2960 534 3011 dieitur
545 2958 687 3023 proprietas,
700 2958 753 3023 quio
773 2970 820 3007 non
833 2968 887 3005 corr·
