1992 3342
133 239 180 285 ³88
320 248 380 284 rans
397 248 419 295 r,
435 245 527 291 ponar.
547 243 695 292 xrrn‚a1r.
713 244 749 280 ur.

133 323 252 375 destinatis
276 322 435 372 neresutatem
452 321 570 385 imponat,
588 319 628 370 sed
651 319 710 368 sieut
729 321 806 368 stante
824 311 932 367 inlallilil'r

132 393 281 459 providentie
295 392 375 443 ordine
389 393 461 442 multa
474 391 634 454 contingenter
646 391 768 453 eueniunt,
779 388 813 438 ita
821 392 898 438 certus
904 387 930 434 est

131 464 339 530 praedestinationis
350 465 419 525 ordo,
440 462 501 527 quid
517 463 584 526 juxta
600 461 688 514 arbitrii
704 461 834 510 libertatem
844 457 932 524 praedes

131 535 253 587 tinctionis
266 535 360 584 ellectus
377 534 536 596 contingenter
555 533 686 597 eueniunt.)

164 606 300 669 despondeo
323 605 464 667 dicendum,
485 603 546 668 quid
571 602 740 668 predestinatio
762 599 892 652 certissime
916 598 932 642 el

140 677 291 727 infallibiliter
310 677 456 740 consequitur
474 691 541 726 suum
558 677 684 739 ellectum3
698 687 743 724 nec
756 677 835 722 tamen
848 666 933 734 imponit

138 748 300 799 necessitatem
310 752 358 808 ‚ut
380 749 468 798 scilicet
487 747 584 797 effectus
598 749 648 812 ejus
663 761 693 797 ex
707 745 847 796 necessitate
864 752 936 807 prore

136 819 195 869 nial.
211 820 302 871 [lictum
313 824 347 870 est
360 820 422 869 enim
435 833 504 882 supra
517 819 578 882 quid
591 817 762 883 predestinatio
776 819 811 866 est
824 829 880 879 pars
893 823 934 876 pre

134 889 250 940 uidentiae.
265 891 311 940 Sed
329 905 376 940 non
389 890 527 953 omniaque
543 889 694 953 prouidentiae
709 888 852 949 subduntm,
865 895 937 936 neres

110 996 113 1024 z
134 959 195 1010 saria
214 964 283 1024 sunt3
298 961 339 1012 sed
357 962 461 1024 quedam
483 961 645 1024 contingenter
668 959 793 1020 eueniunt,
816 955 936 1006 secundin

135 1032 290 1082 conditionem
312 1045 430 1082 causarum
454 1031 627 1096 proximarum,
646 1044 703 1094 quas
724 1030 753 1079 ad
770 1029 828 1079 tales
848 1029 937 1078 effectu

136 1102 213 1152 divina
229 1103 372 1166 prouidentia
392 1103 506 1153 ordinauit
520 1119 525 1152 :
541 1107 565 1153 et
580 1106 658 1153 tamen
672 1101 824 1165 providentie
836 1101 894 1150 ordo
910 1101 937 1146 est

134 1171 282 1235 immittitis,
295 1179 321 1223 ut
336 1171 404 1236 sopri
415 1177 531 1224 ostensum
547 1177 590 1223 est.
606 1173 643 1223 Sic
656 1172 727 1234 igitur
741 1175 765 1220 et
776 1171 831 1220 ordo
843 1170 938 1234 prodes

56 1264 59 1271 ¹
135 1243 255 1295 tinctionis
269 1247 305 1295 est
321 1249 410 1307 certus,
429 1248 544 1294 ettamen
563 1245 656 1294 libertas
674 1242 764 1293 arbitrii
782 1255 828 1292 non
841 1241 936 1298 tollitur,

137 1326 228 1378 exona
246 1316 408 1377 contingenter
428 1315 535 1378 prouenit
554 1311 770 1378 predestinationis
783 1313 888 1362 effectus.
911 1309 939 1358 ld

137 1384 183 1436 hoc
205 1386 275 1436 etiam
288 1386 452 1436 consideranda
465 1390 579 1449 suntque
594 1384 734 1449 supradicta
748 1387 802 1433 sunt
816 1383 844 1433 de
867 1380 939 1432 diviua

118 1514 121 1521 ¹
137 1456 233 1507 scientia
242 1459 302 1508 etde
311 1457 385 1507 diuina
395 1458 522 1519 voluntate,
532 1471 583 1520 quae
595 1455 776 1518 contingentiam
791 1453 805 1504 i
817 1455 886 1504 rebus
898 1461 941 1501 non

136 1526 230 1589 tollunt,
241 1527 294 1576 licet
306 1528 431 1578 certissima
442 1533 465 1577 et
477 1527 608 1577 infallibilia
622 1526 675 1576 sint.

170 1598 204 1647 Ad
217 1598 317 1660 primum
330 1611 383 1662 ergo
397 1599 535 1661 dicendum,
550 1597 610 1660 quod
631 1610 715 1648 corona
733 1594 817 1646 dicitur
831 1609 880 1646 esse
902 1592 940 1643 ali·

138 1667 206 1728 cnjus
216 1667 337 1729 dupliciter
348 1685 354 1716 :
367 1683 413 1719 uno
426 1670 493 1718 modo
510 1682 539 1723 ex
552 1667 750 1731 praedestinatione
767 1667 861 1729 divina,
876 1669 900 1716 et
914 1663 944 1712 sie

139 1736 215 1786 nullus
224 1749 332 1786 coronam
340 1751 405 1787 suam
414 1739 498 1788 amittit
508 1756 515 1802 3
527 1739 572 1788 alio
582 1741 647 1790 modo
656 1752 685 1788 ex
695 1737 779 1786 merito
789 1738 866 1799 gratia
878 1735 942 1799 (quot

139 1805 202 1854 enim
214 1818 329 1855 meremur
339 1809 507 1869 qrrodemmodo
521 1813 623 1860 nostrum
636 1807 702 1871 est),
719 1807 786 1856 etsie
800 1819 863 1856 suam
879 1817 943 1855 coro

139 1890 193 1926 nam
212 1876 294 1939 aliquis
307 1877 411 1928 amittere
424 1882 501 1942 potest
520 1893 561 1944 per
577 1882 696 1942 peceatum
711 1879 808 1928 mortale
829 1890 945 1941 sequens,

140 1949 199 1998 alius
213 1952 290 1998 autem
307 1949 369 1998 illam
382 1962 489 1998 coronam
498 1951 604 2000 amissam
618 1949 717 2013 accipit,
733 1949 759 1997 in
774 1949 883 2011 putantum
895 1949 944 1996 locu

139 2021 191 2084 ejus
203 2021 352 2082 subrogatum
364 2021 482 2069 nonenim
492 2019 606 2084 permittit
616 2022 676 2069 [leus
686 2020 775 2082 aliquos
786 2019 876 2082 eadere,
888 2018 948 2081 quin

139 2091 197 2141 alios
209 2090 297 2154 erigat;
311 2090 436 2141 secundum
447 2090 505 2141 illud
517 2089 573 2143 lob,
586 2091 694 2140 XXXIV:
714 2106 728 2138 ι(
741 2091 849 2140 conteret
861 2091 948 2138 multas

140 2166 165 2212 et
177 2161 371 2225 innumerabiles,
382 2165 407 2210 et
419 2165 479 2212 stare
492 2161 563 2210 faciet
576 2161 632 2210 alios
649 2174 690 2224 pro
704 2161 747 2210 eis.
760 2177 774 2207 a
790 2161 827 2210 Sic
840 2159 901 2210 enim
918 2158 943 2204 in

139 2233 214 2282 locum
235 2234 369 2296 angelorum
389 2232 521 2282 cadentium
543 2231 659 2282 substituti
679 2236 732 2282 suut
745 2231 865 2294 homines,
881 2234 905 2280 et
921 2229 948 2277 'm

139 2303 214 2351 locum
222 2303 352 2354 ludaeorum
362 2303 473 2354 Gentiles.
483 2303 708 2354 Substitutusaulem
719 2305 745 2353 in
759 2307 841 2354 statum
853 2301 948 2365 gratiae,

140 2373 211 2422 adam
227 2378 336 2436 quantum
359 2377 389 2426 ad
412 2377 457 2426 hoc
475 2388 581 2426 coronam
599 2375 701 2424 cadentis
719 2373 816 2438 accipit,
836 2371 896 2436 quod
916 2373 947 2419 de

140 2442 206 2492 bonis
219 2456 270 2505 quae
284 2445 341 2494 alins
355 2445 428 2508 lecit,
441 2445 467 2494 in
481 2447 569 2495 eterna
583 2445 631 2494 vila
645 2445 765 2508 gaudebit,
777 2445 802 2494 in
815 2457 860 2507 qua
871 2455 950 2492 unus·

141 2513 238 2577 quisque
253 2513 361 2577 gaudebit
368 2517 396 2566 de
408 2516 474 2566 bonis
485 2518 534 2565 tam
547 2515 561 2565 t
573 2527 598 2565 se
609 2515 676 2578 quim
688 2515 717 2565 ab
729 2516 781 2565 aliis
794 2513 868 2566 laetis.

174 2584 209 2634 lld
222 2585 348 2634 secundnm
362 2586 501 2648 dicendum,
515 2585 576 2649 quor
594 2585 647 2637 licet
668 2587 698 2636 sit
716 2587 823 2650 possibile
839 2597 894 2635 eum
905 2585 956 2646 qur

140 2658 177 2706 est
187 2656 376 2720 predestinatus,
391 2657 450 2707 mori
458 2657 485 2707 in
498 2661 593 2720 peceato
606 2657 706 2720 mortali,
720 2655 843 2707 secundim
854 2667 880 2704 se
891 2666 959 2702 rnn—

140 2722 282 2790 sideratum3
300 2729 380 2777 tamen
395 2730 439 2778 hoc
451 2733 487 2779 est
497 2728 654 2791 impossibile,
667 2728 741 2792 posito
754 2729 838 2793 (prout
857 2723 955 2775 scilicet

141 2796 251 2862 ponitm)
272 2815 286 2845 u
304 2811 357 2847 eum
375 2813 424 2848 esse
443 2797 631 2862 predestinatum
647 2815 652 2847 :
668 2815 682 2844 a
695 2799 758 2848 unde
780 2811 826 2848 non
843 2795 945 2858 sepulto

132 2867 202 2932 ,quod
215 2869 386 2931 predestinatio
397 2869 448 2919 fulli
457 2869 538 2933 possit.

174 2939 207 2989 td
224 2939 319 2989 tertium
333 2939 453 2991 dicandum
463 2977 472 3003 ‚
496 2939 557 3004 quor
578 2940 630 2992 cium
649 2939 821 3004 praedestinatio
844 2937 956 2988 ineludm
