1992 3342
307 228 339 265 ou
353 227 438 267 narmi
452 225 577 267 recturus.
796 222 838 269 ιιι

72 296 111 358 tius
121 302 213 363 enuntia
224 316 272 354 non
281 303 406 355 minuatur.
421 304 466 356 Sed
475 306 537 356 Deus
545 306 619 369 potuit
632 306 707 357 facere
719 309 841 371 autequam

73 367 152 423 toruus
159 379 272 439 curreret,
283 375 343 440 quod
356 390 402 427 oon
412 381 513 427 curreret
524 394 529 427 :
541 391 594 442 ergo
605 382 723 443 postquam
731 378 839 444 cucurrit,

72 444 128 504 ιιιιιει
135 446 187 497 Βεεε
196 448 273 498 tacere
286 446 347 511 qudd
360 461 406 498 noo
419 450 552 502 cucurrerit.

96 515 113 563 3.
121 516 241 583 moereo,
249 520 350 570 charitas
360 524 407 583 εει,
417 520 491 583 major
498 521 571 571 uirtus
578 522 645 585 quim
658 523 785 585 uirginitas.
796 521 842 573 Sed

72 584 118 634 deus
127 593 192 651 potest
207 604 314 656 reparare
334 593 469 642 charitatem
487 592 592 643 amissam
613 608 687 657 :ergo
708 598 732 645 et
747 594 843 657 uirgini-

71 658 136 773 ἓιιιιη
152 675 204 725 ergo
221 668 297 728 potest
313 664 389 716 tacere
403 663 463 729 qudd
475 665 516 715 itia
536 678 586 731 qum
600 670 707 732 corrupta
723 664 782 729 tuit,
795 679 842 717 nou

79 730 123 780 ueni
132 741 241 801 corrupta.
359 746 364 758 ·

94 801 128 853 Sed
144 812 218 859 contra
240 811 291 871 εει,
315 810 375 873 quod
398 809 550 873 Hieronymus
571 809 649 861 dicit:
675 827 689 857 o
713 808 768 861 Cium
784 811 844 859 Deus

70 874 213 944 rummesie,
225 894 273 931 noo
286 884 362 945 potest
375 882 403 931 do
417 884 524 946 cormpta
535 881 609 932 tacere
620 880 820 947 incorruptamtd).
829 898 842 927 o

71 945 114 1006 Ergo
131 952 204 1003 eadem
222 952 313 1003 ratione
336 968 382 1004 uon
406 958 481 1018 potest
499 954 574 1005 tacere
598 956 625 1005 dc
644 968 778 1019 quocunque
799 954 844 1005 alio

71 1021 160 1078 rrmtento
172 1025 234 1089 qudd
245 1038 292 1076 nou
305 1026 382 1076 tuerit.

84 1090 234 1166 ¹(ioucuosro.
244 1124 276 1135 —
286 1096 351 1157 Quod
368 1100 485 1164 preterita
502 1113 548 1150 nou
566 1099 653 1149 suerint
670 1098 737 1164 (edm
756 1103 844 1150 contra·

71 1160 166 1217 rhodonem
176 1169 316 1235 implicet),
334 1185 380 1221 nou
393 1172 495 1235 subjacet
509 1171 591 1222 divium
604 1170 735 1236 potestati.)

91 1234 207 1302 despondeo
225 1242 367 1307 dicendum,
386 1243 447 1307 quod
464 1244 524 1294 sicut
544 1242 612 1307 suprd
630 1242 714 1292 dietum
738 1248 786 1307 est,
803 1246 844 1294 sub

68 1309 207 1382 omipotentis
226 1314 270 1365 Dei
291 1329 338 1365 uon
362 1316 423 1365 cadit
453 1316 537 1380 aliquid
561 1316 622 1379 quod
644 1314 845 1366 contradictionem

68 1381 154 1452 rusticae.
165 1387 371 1439 sustentantem
382 1402 429 1439 non
442 1388 513 1439 fuisse
525 1385 724 1439 contradictionem
734 1388 843 1452 implicat.

66 1451 113 1502 Siout
135 1458 193 1509 enim
215 1459 420 1510 contradictionem
437 1460 541 1523 implicat
560 1460 636 1511 dicere
659 1456 719 1523 qodd
745 1461 847 1510 Socrates

67 1523 115 1573 cedet
129 1532 150 1578 et
161 1545 209 1582 non
227 1531 309 1594 sedet,
322 1530 355 1581 ita
374 1530 435 1595 qudd
448 1531 531 1581 sederit
549 1535 572 1581 et
593 1544 638 1581 oon
658 1531 750 1582 sederit.
766 1530 845 1581 Dicere

66 1599 124 1647 notem
140 1602 200 1665 qudd
213 1602 316 1667 sederit,
335 1607 371 1653 est
389 1603 464 1653 dicere
480 1602 541 1666 qudd
553 1603 582 1653 sit
599 1603 754 1667 preteritum
771 1600 846 1654 dicere

66 1672 126 1719 auum
141 1674 200 1735 qued
217 1688 264 1725 non
281 1675 379 1738 sederit,
394 1678 430 1724 est
442 1674 518 1725 dicere
539 1673 599 1738 qn'od
619 1688 665 1725 uon
683 1674 771 1725 fuerit:
787 1676 847 1725 uode

68 1745 347 1809 commutassemus,
364 1763 378 1793 »
397 1760 444 1797 nen
459 1746 562 1810 subJ'acet
581 1746 664 1797 diviuae
684 1745 801 1811 potentiae.
819 1749 847 1797 ut

66 1810 96 1859 itu
110 1819 224 1881 estquod
243 1819 382 1881 nugusuoos
404 1820 459 1869 dicit
478 1823 555 1869 eontra
575 1820 681 1869 Faustum
700 1819 741 1870 lib.
759 1814 846 1882 XXIX,

67 1895 104 1945 ctu.
115 1890 127 1935 ι
138 1903 143 1935 :
156 1889 288 1953 «Quisquis
299 1888 334 1939 ita
347 1890 402 1939 dicit
414 1906 419 1939 :
431 1890 456 1940 Si
472 1892 532 1942 Deus
552 1890 693 1953 omnipotens
711 1894 761 1953 est,
779 1890 848 1940 iaciat

67 1957 85 2001 tt
95 1970 138 2019 que
150 1960 211 2014 tama
223 1965 285 2023 sunt,
299 1961 359 2011 iacta
370 1975 416 2011 non
427 1962 521 2024 fuerint,
536 1974 580 2011 noo
590 1961 652 2011 uidet
663 1964 707 2011 troc
721 1974 745 2011 se
756 1960 846 2011 dicere:

65 2025 143 2080 tideus
152 2032 299 2097 omnipotens
313 2038 364 2095 est,
379 2031 448 2083 iaciat
461 2037 486 2082 ot
497 2047 524 2083 ea
538 2046 589 2096 quae
601 2045 655 2081 uera
667 2034 735 2095 sunt,
751 2044 777 2082 eo
798 2031 847 2095 ipso

66 2097 174 2156 ruodduera
188 2108 257 2167 suot,
270 2103 327 2154 falsa
345 2104 399 2154 sint.
415 2121 430 2154 u
448 2106 476 2154 Et
492 2105 644 2171 Philosophus
664 2104 717 2153 dicit
732 2101 767 2167 (ι)
786 2106 849 2153 sexto

65 2169 142 2235 t'ttz'c„
156 2190 209 2239 cap.
223 2180 250 2239 2,
260 2174 321 2239 qudd
336 2193 350 2224 u
360 2177 405 2228 hoc
415 2176 461 2227 solo
471 2176 573 2241 privatur
582 2177 650 2239 Deos,
660 2173 761 2237 ingenito
775 2174 850 2225 iacere

65 2254 103 2300 ¹us
115 2248 246 2299 eontracta.
259 2264 273 2295 u

89 2318 116 2369 td
131 2319 232 2387 primum
254 2335 308 2387 ergo
330 2323 466 2387 dicendum,
486 2321 546 2386 qodd
568 2321 622 2373 licet
644 2339 658 2369 o
671 2320 787 2386 praeterita
805 2334 851 2371 non

93 2489 117 2553 (1)
131 2498 175 2543 Vei
185 2499 221 2543 sie
235 2515 240 2542 ε
257 2498 381 2544 Audenter
394 2498 481 2555 loquor
496 2516 503 2541 .-
518 2498 573 2542 edum
588 2498 671 2542 emutio
682 2499 759 2555 poerit
773 2498 852 2547 Deos,

65 2554 173 2613 stapionem
193 2563 316 2607 suscitare
336 2575 387 2606 ooo
397 2566 473 2619 potest
482 2566 536 2618 pout
552 2562 668 2613 rotonum
684 2567 710 2605 ut
722 2560 799 2607 uidere
818 2566 854 2605 est

66 2620 121 2670 epist.
134 2624 173 2682 2⁶2,
186 2624 224 2668 De
239 2625 348 2669 custodio
361 2626 530 2682 nimisnimtis,
539 2622 570 2681 ¹ud
584 2623 742 2669 Eustochium.

94 2690 118 2746 iii
134 2697 187 2739 naso
205 2708 235 2739 eu
248 2697 340 2752 proprio
360 2697 448 2740 tuotirm
462 2709 547 2753 sensu,
563 2694 642 2739 sodex
658 2695 776 2750 cujusdam
793 2696 854 2750 Aga·

68 2752 128 2801 tionis
145 2759 258 2804 sambuci
273 2762 349 2803 Podtm
370 2766 459 2814 ruente,
478 2759 544 2813 qu'us
557 2758 642 2801 dictum
657 2758 700 2801 hoe
715 2758 776 2801 uelut
791 2757 853 2801 recte

69 2813 137 2881 dicturo
162 2822 322 2867 commendat.
345 2822 399 2878 Legi
423 2823 492 2878 porro
516 2820 597 2865 melius
626 2820 696 2865 dehet
724 2833 753 2864 eu
779 2830 853 2875 gracco

72 2880 168 2949 uem,
181 2895 289 2952 infecto,
302 2908 372 2951 quam
390 2902 415 2939 ut
433 2900 500 2940 uetus
520 2897 635 2948 interpres
653 2892 720 2939 uertit
732 2892 854 2949 imponito·

68 2965 120 3011 uuas}
133 2965 234 3024 legisset
246 2956 370 3027 epheson.
