1992 3342
123 194 169 242 ott
338 205 398 240 enus
414 206 437 251 ι,
455 203 547 247 cumr.
565 203 612 252 xx,
629 205 686 240 aur.
704 204 741 242 ιιι.

155 272 463 342 Adsecuirdumdlceudum,
473 277 597 343 quodlicet
608 283 718 332 creatura
731 279 760 330 uls
773 281 860 330 eterne
875 291 915 332 nou

120 350 209 402 luerint
221 349 267 399 nisi
283 349 309 398 in
331 351 392 412 lieo,
405 353 483 400 amen
499 363 540 414 per
558 351 602 400 hoc
619 349 680 414 qudd
693 351 721 400 ab
737 352 825 401 aeterno
838 349 863 398 in
876 351 918 400 lieo

121 421 229 483 luerunt,
246 421 275 470 ah
289 424 377 470 aterum
393 421 454 470 [leus
469 420 576 483 cognovit
588 420 662 470 resin
678 421 776 484 propriis
788 421 885 483 naturis,
899 423 919 470 et

124 492 205 542 eadem
220 490 308 541 milone
325 491 430 541 amauit:
448 492 508 541 siem
526 496 550 542 et
563 503 606 542 nos
618 505 660 555 per
671 491 836 542 similitudines
846 504 920 541 rerum

122 575 173 625 que
183 561 208 610 iu
225 561 292 611 noim
304 565 374 624 sunt,
388 562 548 625 cognoscimus
558 575 595 613 res
610 562 635 611 in
649 561 730 625 seipsis
741 561 876 612 existentes.

154 632 189 681 dd
204 631 300 681 tertium
314 631 450 696 dicendum,
462 633 524 697 pardd
534 633 635 683 amicilia
644 646 692 682 non
703 635 778 695 potest
788 631 921 682 haberi'nisi

122 703 151 753 ad
159 703 283 752 rationales
295 707 421 767 creaturas,
428 705 454 754 in
463 705 546 768 quilius
559 705 672 767 contingit
683 717 732 754 esse
741 703 919 754 redamatiouem

122 777 146 824 et
154 774 385 826 communicationem
394 776 419 825 iu
426 776 605 840 operibusuitae3
614 780 639 826 et
646 775 728 840 quihus
737 774 851 838 contingit
862 775 920 824 bene

123 845 226 907 evenne,
236 847 273 894 vel
284 846 356 909 male,
367 846 494 896 secunddm
508 846 622 897 loctunam
636 851 660 897 et
671 845 816 908 felicitatem,
826 845 887 895 siem
902 847 922 894 et

123 915 152 964 ad
162 928 202 964 eas
212 915 304 978 proprie
318 917 480 967 benevolentia
491 919 535 966 est.
554 917 669 966 Creature
686 919 764 965 autem
779 915 923 965 irrationales

123 998 171 1035 non
183 989 279 1048 possunt
290 987 421 1050 pertingere
436 989 465 1038 ad
482 988 606 1038 amandum
619 989 705 1049 Deum,
721 999 795 1050 neque
814 987 844 1036 ad
863 1001 922 1038 com·

117 1055 302 1106 manicationem
312 1056 474 1108 intellectualis
482 1061 506 1108 el
518 1057 665 1120 hautevile,
677 1069 722 1120 pua
734 1057 795 1106 Deus
808 1056 877 1106 vivit.
888 1057 924 1106 Sic

122 1125 193 1188 igitur
203 1128 272 1191 Deus,
282 1129 373 1192 proprie
382 1130 507 1192 loquendo,
518 1141 564 1179 uon
578 1132 639 1178 amat
652 1130 767 1178 creaturas
779 1125 924 1178 irrationales

123 1210 200 1248 amere
211 1201 343 1260 amicitiae,
356 1201 396 1249 sed
407 1213 484 1250 amore
497 1201 572 1264 quusi
583 1199 804 1262 concupiscentioe5
816 1197 840 1246 in
852 1213 924 1262 quan·

123 1272 173 1318 tum
184 1269 275 1319 ordinat
284 1283 324 1319 eas
337 1270 366 1320 ad
376 1270 499 1321 rationales
514 1274 629 1321 creaturas
640 1273 664 1320 ct
679 1269 748 1319 etiam
763 1268 793 1318 ad
808 1269 923 1334 seipsum,

123 1352 171 1389 non
181 1340 246 1403 quasi
256 1339 290 1389 eis
300 1340 413 1403 indigeat,
426 1342 466 1390 sed
475 1343 568 1404 propter
577 1353 641 1390 suam
651 1339 778 1389 honitatem
786 1342 812 1388 et
822 1343 923 1390 nostram

122 1410 253 1461 utilitatem.
265 1411 452 1474 concupiscimus
466 1411 528 1461 enim
540 1409 628 1473 aliquid
639 1415 662 1460 el
673 1408 739 1459 nobis
756 1413 781 1458 et
793 1409 854 1458 aliis.

154 1483 307 1545 sequutum
319 1481 455 1543 decadum,
470 1480 531 1544 pudd
549 1480 607 1530 nihil
620 1479 727 1544 prohihet
739 1493 811 1528 imum
827 1483 852 1528 et
865 1481 925 1530 idem

121 1551 248 1601 secundini
262 1551 348 1614 aliquid
366 1551 452 1614 amari,
470 1555 494 1601 et
509 1549 636 1600 secundnm
657 1549 742 1612 aliquid
764 1549 817 1600 odie
834 1549 926 1600 haberi.

124 1623 185 1670 licus
199 1625 275 1670 autem
287 1623 420 1683 peccatores
428 1658 437 1685 ,
455 1622 481 1670 in
501 1624 611 1684 quantum
628 1623 683 1670 suut
702 1623 789 1670 nature
806 1622 926 1684 praedam,

124 1695 202 1752 amat,
216 1690 250 1739 sie
269 1689 331 1739 euim
348 1694 373 1740 et
393 1697 447 1741 sunt
470 1696 494 1742 et
512 1692 541 1741 ab
558 1691 608 1755 ipso
622 1695 690 1754 sunt3
703 1691 728 1740 in
745 1695 858 1754 quantum
871 1690 929 1742 verd

123 1763 255 1823 peccatores
267 1763 337 1822 sunt,
351 1774 398 1810 nou
410 1767 464 1812 suut
472 1799 481 1825 ,
495 1763 537 1812 scd
550 1763 578 1812 ab
591 1775 641 1811 esse
659 1761 782 1824 deliciunt,
797 1766 822 1812 et
840 1763 889 1812 hoc
904 1761 928 1810 iu

124 1830 159 1880 eis
171 1829 185 1880 d
197 1832 244 1882 lieo
260 1844 306 1881 non
322 1834 371 1895 est,
391 1834 452 1884 uude
471 1831 599 1884 secnnddm
616 1834 676 1896 hoc,
693 1833 722 1882 ab
739 1833 791 1897 ipsu
812 1834 867 1884 odio
887 1835 932 1884 lra-

124 1900 216 1952 bentur.

418 1974 575 2024 dlll'lCULUS
589 1975 630 2023 111.

279 2086 367 2131 Uteitm
374 2087 440 2131 Deus
449 2088 573 2144 aqualiter
583 2087 670 2142 ditique
679 2087 769 2132 omnic.

157 2202 190 2250 la
203 2203 296 2252 ceruum
309 2204 343 2255 uc
356 2203 486 2268 proceditur
496 2202 539 2268 (a).
553 2188 648 2253 leuetur
662 2201 722 2266 quoa
735 2203 796 2253 neus
809 2205 934 2268 equanto

125 2271 205 2333 diligat
217 2273 303 2323 omum.
318 2274 405 2325 Dicitur
415 2274 478 2343 euim
490 2279 551 2338 Sap.
561 2273 606 2324 Vl:
622 2291 635 2322 u
644 2273 771 2338 AEqualiter
782 2277 818 2325 est
833 2274 856 2325 ei
875 2289 935 2326 cura

125 2401 202 2442 auteur
214 2399 292 2452 phrasi
302 2409 355 2450 ταις
368 2411 400 2450 εις
413 2390 445 2441 τὰ
461 2391 517 2442 ὄντα
537 2389 618 2441 miscet
628 2389 745 2458 προνοίαις
756 2401 821 2445 reddi
836 2401 937 2458 planius

125 2463 201 2513 potest
218 2475 224 2502 :
243 2459 441 2521 Extrcseipsson
453 2461 626 2520 quodammode
641 2463 668 2519 fil
681 2463 849 2520 providentiis
868 2477 938 2520 quus

125 2519 158 2562 ad
174 2522 257 2565 arnoia
274 2535 327 2580 pasce
345 2529 403 2570 suot
420 2524 501 2577 lecim
517 2525 553 2569 vel
573 2524 683 2568 emotum
700 2536 786 2569 rerum
803 2538 938 2582 pressera-

125 2581 206 2630 tione,
221 2590 246 2627 ut
262 2587 384 2631 modernus
399 2587 512 2643 quispiam
532 2585 615 2637 vertit;
638 2585 674 2630 v'el
690 2598 737 2643 per
757 2588 941 2644 providentioe

125 2645 237 2688 omnium
249 2659 352 2697 rerem,
365 2654 391 2693 ut
406 2650 473 2694 alius.
490 2650 591 2704 Uterque
603 2653 682 2692 tamen
695 2649 771 2692 miuus
785 2648 814 2692 ad
828 2661 942 2706 graecam

125 2705 226 2760 phrasim
239 2708 338 2754 herens.

164 2775 194 2838 (1)
210 2781 242 2824 Ile
261 2780 297 2824 liis
315 2781 385 2825 etiam
399 2780 423 2824 in
436 2783 471 2836 ll,
485 2779 563 2828 Sciet„
581 2778 635 2824 dist.
656 2777 699 2837 26,
718 2784 754 2824 art
770 2778 793 2836 1,
810 2779 838 2823 ad
854 2779 890 2833 23
916 2789 946 2828 ut

126 2851 151 2888 et
168 2842 213 2899 111,
232 2841 309 2900 Seue,
327 2842 381 2887 dist.
398 2841 441 2901 te,
461 2847 506 2886 art.
527 2839 555 2900 5,
576 2840 711 2896 quaestione.
728 2840 755 2902 l,
770 2846 794 2884 et
807 2841 862 2886 dist.
888 2844 947 2904 23,

128 2911 170 2951 art,
187 2901 216 2957 ὃς
231 2909 256 2948 et
271 2902 339 2949 coci.
356 2905 438 2952 Geel„
451 2903 492 2948 lib.
508 2901 536 2963 1,
550 2913 603 2960 cup.
619 2901 659 2947 tl.
