1992 3342
189 189 222 226 na
237 189 397 228 remansione
412 188 670 228 avenionensem
685 188 789 227 curra.
837 180 882 226 ctu

82 264 162 316 teulio
179 265 250 316 tertur
263 266 288 315 iu
304 265 386 333 aquo
403 266 585 324 determinatum,
598 266 628 316 ad
642 266 702 330 quod
718 265 815 316 intendit
827 279 884 330 per-

83 335 170 386 ducere
184 337 268 388 mobile
284 353 290 386 :
305 336 402 387 intentio
416 337 476 388 enim
490 340 526 388 est
539 337 568 387 de
578 337 637 399 tine,
650 337 687 388 cui
703 340 816 400 repugnat
832 351 884 402 pro

84 421 170 458 cessus
183 408 207 457 iu
221 409 342 458 inlinitum.
353 409 497 459 Manifestum
514 413 550 458 est
560 412 636 458 autem
649 407 708 472 qndd
718 408 770 459 cbm
782 413 885 460 creatura

84 477 205 528 rationulis
218 493 259 542 per
276 492 339 529 suam
349 479 455 530 virtutem
469 479 580 543 consequi
593 493 639 529 uon
649 479 725 543 possit
738 493 802 530 suam
814 480 886 532 beati-

84 549 205 610 tudinem,
221 564 272 614 quc
294 550 422 601 invisione
444 550 486 600 Dei
508 549 624 611 consistit,
638 553 663 600 ut
684 564 711 600 ex
732 551 886 614 superioribus

85 624 165 684 patet,
179 621 268 682 indiget
287 626 313 670 ut
330 623 357 671 ad
368 621 538 690 beatitudiuem
555 620 628 670 ibeo
644 624 771 672 moveatur.
791 622 886 684 Oportet

86 690 160 754 igitur
174 691 235 756 qubd
251 691 281 742 sit
299 691 383 756 aliquid
401 693 573 745 determinatum
585 693 613 742 ad
626 693 688 755 quod
700 692 806 754 qualibet
817 705 885 743 crea·

87 767 143 816 tura
151 762 266 814 rationalis
275 763 396 826 dirigatur,
405 763 464 814 sicut
472 765 495 814 iu
506 765 609 816 ultimum
621 762 697 815 finem.
707 764 784 814 Etboo
794 764 885 827 quidem

89 834 266 885 determinatum
279 849 324 886 nou
340 839 416 900 potest
432 850 482 886 esse
498 835 522 885 iu
535 836 612 886 diviua
624 835 716 886 visione
730 841 837 899 quantum
857 836 886 886 ad

87 905 165 971 ipsum
182 907 242 969 quod
254 906 354 970 videtur,
370 907 424 970 quia
443 920 532 958 summa
544 906 627 957 veritas
642 906 670 956 ab
689 907 794 958 omuibus
811 907 887 958 beatis

88 975 215 1028 seeundim
225 977 325 1028 diversos
335 979 418 1040 gradvs
429 979 578 1042 conspicitur3
587 978 627 1028 sed
635 980 744 1041 quamunr
755 980 783 1029 ad
794 980 885 1030 modum

88 1049 187 1100 visionis
207 1049 330 1112 prefigitur
348 1048 500 1100 diversimode
512 1050 624 1100 terminus
640 1062 670 1100 ex
682 1048 809 1100 intentione
829 1050 886 1100 diri·

90 1120 168 1183 gentis
179 1120 203 1169 iu
213 1120 289 1170 linem.
304 1121 356 1170 llou
371 1120 431 1170 enim
446 1120 552 1184 possibile
572 1124 607 1170 est
618 1118 678 1183 qudd
697 1120 755 1170 sicut
765 1120 887 1181 rationalis

89 1195 195 1242 creatura
208 1192 337 1256 perducitur
350 1194 377 1242 ad
393 1192 514 1256 videndum
529 1205 640 1242 summam
653 1191 782 1252 essentiam
794 1192 825 1242 ita
834 1206 886 1257 per·

91 1261 188 1312 ducatur
204 1264 232 1312 ad
245 1276 357 1312 summum
368 1263 457 1312 modum
473 1261 581 1325 visionis,
596 1262 635 1326 qui
651 1265 687 1312 est
704 1261 884 1324 comprehensio.

90 1331 135 1382 llic
152 1331 213 1382 euim
227 1333 288 1384 solus
300 1334 378 1382 modus
392 1333 435 1383 soli
447 1333 492 1382 ileo
506 1338 633 1398 competere
643 1336 731 1396 potest,
746 1337 772 1381 ut
781 1345 810 1382 ex
820 1332 887 1396 supra

92 1401 160 1454 dictis
182 1407 244 1468 patet
261 1419 267 1452 ε
283 1404 323 1454 sed
341 1403 392 1452 cbm
407 1403 494 1453 indulta
511 1403 611 1454 efficacia
628 1403 754 1466 requiratur
773 1404 802 1453 ad
816 1405 887 1454 licum

92 1475 345 1538 comprehendendum,
360 1479 468 1525 creaturan
487 1473 541 1524 verb
562 1473 663 1525 efficacia
686 1475 710 1524 in
726 1475 823 1524 videndo
841 1487 887 1524 non

92 1545 165 1610 possit
181 1560 230 1596 esse
243 1547 289 1596 uisi
301 1545 378 1610 duita3
390 1546 418 1596 ab
436 1545 524 1595 iuliuito
540 1550 616 1596 aumnr
631 1545 720 1596 linitum
731 1545 846 1609 quodlibet
861 1545 885 1594 iu

93 1616 166 1667 linitis
179 1618 286 1681 gradibus
301 1617 382 1676 distet,
393 1617 470 1668 multis
478 1618 553 1668 modis
561 1617 670 1680 contingit
680 1621 805 1668 creaturam
817 1616 887 1668 ratio-

93 1688 168 1738 nalem
181 1689 308 1752 iutelligere
323 1690 395 1738 licum
400 1726 409 1753 ,
423 1688 460 1738 vel
472 1687 555 1738 elaribs
565 1689 602 1737 vel
616 1688 692 1738 minbs
705 1688 773 1740 clari.
788 1689 816 1738 Et
827 1689 886 1739 sicut

93 1757 208 1810 beatitudo
223 1759 326 1810 consistit
338 1760 363 1810 in
378 1759 427 1824 ipsa
440 1759 544 1820 visione,
561 1759 594 1810 ita
611 1760 693 1824 gradus
704 1759 851 1810 beatitudiuis
862 1761 888 1810 iu

93 1835 154 1882 certo
170 1831 236 1882 modo
250 1831 352 1882 visionis.
365 1830 481 1894 sicigitur
498 1845 640 1895 unaqueque
653 1835 755 1882 ereatura
768 1831 888 1887 rationalis

93 1900 164 1952 dlleo
177 1903 306 1966 perducitur
319 1903 346 1951 ad
363 1903 430 1952 linem
443 1902 603 1962 beatitudiuis,
617 1907 642 1951 ut
653 1902 721 1952 etiarn
734 1904 763 1952 ad
781 1904 889 1953 determi-

93 1977 171 2022 natum
185 1974 277 2036 madum
290 1973 436 2024 beatitudinis
445 1974 581 2037 perducatur
590 1987 618 2023 ex
628 1973 826 2037 predestinatione
836 1975 888 2025 liei.

93 2044 157 2094 Unde
168 2049 289 2095 consecuto
302 2044 341 2094 illo
350 2046 436 2108 gradu,
451 2045 479 2094 ad
492 2044 595 2094 altiorem
606 2041 701 2094 transire
714 2056 759 2093 nou
772 2048 855 2109 potest.

125 2116 264 2180 ddprimum
278 2129 331 2178 ergo
345 2116 477 2178 dicendum,
490 2114 550 2178 qnbd
562 2115 645 2166 mereri
656 2121 692 2166 est
705 2116 756 2179 ejus
766 2118 825 2179 quod
840 2130 890 2167 uro·

94 2190 160 2238 vetur
175 2189 203 2238 ad
221 2184 297 2238 finem.
313 2187 414 2238 llovotur
430 2191 506 2238 autem
517 2189 544 2238 ad
560 2187 628 2238 linem
645 2190 746 2238 creatura
759 2187 887 2251 rationabs,

95 2273 140 2310 nou
149 2258 221 2309 solbm
233 2261 352 2323 patiendo,
361 2260 400 2308 sed
410 2259 477 2308 etiam
488 2261 612 2322 operando.
622 2258 650 2308 Et
661 2259 680 2308 si
689 2258 781 2321 quidem
790 2259 841 2308 linis
850 2259 889 2309 ille

94 2329 166 2382 subsit
178 2329 258 2388 virtuti
269 2330 386 2380 rationalis
401 2333 526 2391 ereatura,
541 2329 643 2394 operatio
655 2329 694 2379 illa
709 2329 798 2379 dicetur
810 2329 888 2393 acqui·

97 2401 164 2451 sitiva
184 2400 245 2452 illius
259 2401 310 2451 linis
317 2439 325 2464 ,
339 2401 398 2452 sicut
411 2402 479 2451 bomo
501 2401 628 2451 meditando
643 2400 738 2464 acquirit
754 2401 888 2464 scientiam3

97 2473 117 2523 si
132 2470 184 2523 verb
195 2472 247 2522 duis
261 2487 307 2523 non
320 2473 350 2523 sit
365 2474 388 2522 in
398 2476 512 2537 potestate
526 2474 590 2534 ejus,
603 2471 642 2521 sed
656 2472 684 2521 ab
693 2471 737 2520 alio
746 2475 888 2534 expectetur,

96 2544 198 2608 operatio
208 2543 252 2594 erit
266 2543 382 2594 meritoria
394 2543 452 2594 linis.
467 2543 493 2592 lli
504 2547 581 2594 autern
590 2544 651 2607 quod
661 2543 729 2593 estin
745 2544 827 2594 ultimo
839 2546 889 2593 ter·

96 2616 167 2676 mino,
178 2615 339 2666 conconvenit
350 2615 434 2666 moveri
441 2651 450 2678 ,
458 2615 496 2665 sed
506 2618 618 2664 mutatum
627 2628 687 2664 esse.
698 2615 762 2664 llude
770 2614 891 2665 charitatis

97 2686 248 2751 imperfectae,
262 2699 312 2750 qua
330 2689 365 2736 est
382 2687 438 2749 viae,
452 2688 487 2736 est
504 2685 596 2744 mereri,
618 2685 735 2738 eharitatis
748 2689 825 2735 numm
838 2699 890 2749 per·

98 2760 161 2810 tecta
177 2771 223 2808 non
232 2761 267 2808 est
278 2757 371 2820 mereri,
385 2759 425 2808 sed
438 2757 516 2822 potius
529 2757 623 2821 praemio
632 2756 677 2806 frui
687 2773 693 2806 :
704 2756 764 2806 sicut
776 2759 800 2806 et
813 2756 837 2806 iu
847 2759 889 2806 ba·
991 2790 992 2795 κ

98 2829 181 2881 bilibus
194 2828 311 2892 acquisitis
323 2828 424 2893 operatio
441 2829 571 2892 precedens
589 2828 691 2879 habitum
708 2831 744 2878 est
756 2827 890 2890 acquisitiva
991 2854 992 2859 κ

99 2900 200 2963 habitis,
214 2913 265 2963 quc
279 2898 333 2952 verb
351 2903 389 2952 est
403 2913 432 2951 ex
446 2899 526 2952 babitu
536 2899 585 2965 jaun
595 2899 722 2965 emunito,
735 2902 772 2950 eet
786 2901 890 2964 operatio
991 2930 992 2933 =
