1992 3342
18 321 21 330 .
123 253 169 304 m
310 261 371 300 eras
386 263 409 312 r,
425 263 519 307 onnsr.
536 262 606 310 xnrx,
622 260 680 299 aar.
696 261 732 296 nr.

120 353 204 408 penore
219 338 397 398 nno.etetian1
411 340 550 391 wnveninnt
568 338 592 389 in
610 338 698 388 ratione
714 335 814 387 nandi.
829 335 861 386 nt
874 337 926 390 ideo
988 348 990 409 p

118 411 175 464 iicet
185 413 284 464 habeam
299 423 379 462 causas
390 409 536 476 particulares
548 409 673 462 annanias
683 447 689 468 ,
700 412 776 459 tamen
787 412 880 473 oportet
888 411 927 461 de·
988 430 990 437 ·

119 484 198 536 venire
214 485 241 535 ad
256 497 325 534 nnarn
338 482 435 547 primam
453 496 547 534 carmin
559 494 710 532 communem.

151 555 186 608 td
206 555 331 608 secundnm
344 555 464 608 dicendum
472 593 478 616 ,
487 553 548 618 quod
557 553 654 618 privatio
665 556 689 603 et
699 551 791 601 habitos
809 554 864 603 nata
877 558 925 604 sunt

120 625 170 678 iteri
181 628 240 676 eirca
250 626 319 677 idem.
339 625 474 692 Subiectum
488 629 563 676 autern
573 623 708 690 privationis
719 624 839 674 ostensio
850 631 925 689 poten

119 699 164 762 tia,
175 702 200 750 ut
211 698 297 750 dictum
312 702 348 749 est
362 701 411 763 (qu.
426 702 473 754 ts,
491 701 534 748 art.
551 694 724 760 spondentia
738 694 826 746 malum
841 698 872 748 sit
885 698 925 763 pn'·

120 770 182 821 vatio
195 767 251 822 boni
261 771 296 834 (nt
307 783 336 820 ex
347 769 415 822 dictis
427 771 514 836 patet),
524 765 559 818 iiii
572 768 633 818 nono
644 766 766 832 opponitur
779 803 786 827 ,
797 767 836 817 cui
847 770 926 834 adjun-

119 841 180 906 gitur
190 839 292 906 potentia
305 880 311 902 ‚
322 845 453 893 nonautena
466 853 556 891 summo
566 839 641 902 bono,
651 837 711 902 qnod
725 841 837 889 estactns
851 855 925 905 purus.
988 846 989 867 t

152 914 185 963 td
198 913 291 963 tertium
300 912 436 972 dicendum,
447 911 509 976 qnod
518 911 695 974 vinnmqnodqne
709 907 838 960 intenditur
850 926 927 962 secun

120 985 173 1036 dim
188 984 302 1050 propriam
317 984 437 1036 rationem.
449 984 515 1034 Sicut
524 986 601 1033 annm
612 981 685 1031 torma
694 985 730 1031 est
739 981 855 1044 perfectio
866 997 927 1047 qna·
988 976 989 989 ¹

121 1060 172 1108 dam
180 1057 230 1122 ,ita
240 1055 338 1122 privatio
353 1058 389 1106 est
400 1057 504 1119 quaedam
516 1053 618 1105 remotio.
634 1053 699 1103 Unde
713 1052 791 1118 omnis
804 1053 895 1118 forma,
908 1060 929 1105 et

121 1128 245 1196 perfectio,
257 1131 280 1179 et
292 1127 376 1177 honum
392 1141 432 1191 per
443 1139 560 1177 accessum
572 1126 600 1175 ad
615 1124 736 1176 terminum
749 1125 882 1189 perdoctum
895 1129 927 1178 ia·

123 1201 230 1262 tenditur,
242 1197 341 1266 privatio
355 1203 431 1254 auwrn
446 1202 470 1249 et
487 1199 571 1248 maium
584 1209 625 1261 per
637 1209 754 1247 recessnm
771 1195 784 1246 a
804 1200 906 1250 termino
922 1215 928 1247 :

123 1273 182 1324 unde
196 1285 242 1323 non
254 1271 338 1321 dicitnr
352 1270 451 1320 matam
464 1273 488 1320 et
502 1270 575 1334 pejas
589 1282 631 1334 per
642 1281 759 1319 accessum
771 1267 802 1318 ad
817 1283 931 1323 sammon

122 1345 207 1394 radunt
217 1382 223 1405 ,
233 1342 292 1392 sicut
303 1341 386 1392 dicitur
399 1341 490 1392 donum
504 1345 528 1392 et
539 1339 631 1390 melius
641 1353 682 1404 per
693 1351 815 1391 accessum
825 1344 855 1392 ad
870 1359 930 1394 surn-

123 1429 186 1468 mnrn
199 1415 292 1465 bonnm.

154 1487 187 1537 tid
198 1490 303 1550 quntum
315 1483 434 1536 dicendum
441 1521 449 1547 ,
464 1483 526 1548 quod
535 1484 624 1534 nullum
639 1495 681 1533 ens
692 1481 775 1533 dicitnr
788 1485 879 1536 malurn
893 1502 931 1552 per

123 1557 334 1624 participationem,
352 1557 392 1606 sed
409 1569 450 1620 per
468 1555 621 1622 privationem
641 1553 825 1620 participationis
844 1573 851 1608 :
874 1560 931 1608 nnde

125 1645 170 1681 non
182 1633 271 1696 oportet
280 1627 328 1680 fieri
339 1629 492 1680 reductionem
503 1628 531 1679 ad
545 1626 630 1692 aliquid
641 1626 701 1690 qnod
712 1626 742 1676 sit
752 1640 794 1692 per
806 1630 930 1680 essentiam

124 1702 216 1752 maium.
720 1729 724 1735 ι

155 1773 189 1824 sd
198 1771 303 1838 qrrintnm
314 1771 449 1831 dicendum,
464 1767 526 1834 qudd
536 1771 620 1820 malum
633 1783 679 1820 non
690 1774 768 1836 potest
780 1771 869 1824 trabere
879 1787 929 1823 cau·

124 1857 172 1896 sam
188 1843 233 1893 nisi
246 1855 287 1908 per
301 1841 422 1906 accidens,
434 1845 460 1891 ut
476 1841 545 1905 sopri
559 1845 677 1892 ostensam
692 1846 728 1894 est
740 1843 826 1907 (arta
837 1843 858 1910 ).
869 1847 930 1896 Unde
989 1842 990 1857 ¹

125 1915 265 1986 impossibiie
283 1919 319 1966 est
337 1913 385 1966 iteri
401 1913 556 1966 reductionem
570 1915 598 1964 ad
616 1915 702 1979 aliquid
723 1918 785 1980 quod
800 1918 834 1968 sit
849 1933 892 1984 per
908 1932 930 1968 se

125 2001 195 2040 causa
210 1987 273 2038 nrali.
288 1987 352 2046 Quod
367 1991 443 2038 autem
458 1987 541 2036 dicitur
555 1985 616 2050 qudd
630 2003 644 2034 a
654 1988 739 2037 rnatum
750 1993 787 2038 est
800 1994 830 2040 ut
843 1991 869 2040 in
884 1991 931 2055 pln-

126 2060 232 2124 rrtrns,n
250 2057 382 2124 simpliciter
395 2059 476 2109 falsum
493 2062 537 2110 est.
551 2059 609 2109 Nam
622 2058 761 2121 generabilia
782 2063 806 2111 et
821 2061 930 2128 corrupti·

128 2131 198 2196 nida,
213 2129 236 2181 in
249 2132 331 2196 quihus
343 2130 416 2181 soldm
430 2131 540 2194 contingit
550 2143 601 2180 esse
611 2130 695 2180 malam
708 2133 806 2193 namra,
823 2137 879 2183 sunt
888 2146 930 2183 no

127 2203 177 2254 dica
184 2217 238 2270 pars
245 2203 316 2254 totius
325 2202 433 2270 nniversi3
445 2203 557 2253 etiterum
566 2201 733 2266 inunaqudque
742 2203 820 2266 specie
829 2206 930 2256 deiectus

129 2278 215 2325 naturae
232 2274 327 2339 accidit,
343 2275 406 2324 utin
423 2274 573 2340 paucioribus.
589 2273 616 2322 in
636 2274 690 2336 solis
708 2278 785 2324 autern
800 2277 932 2328 horninibus

115 2353 117 2360 ’
132 2346 215 2395 malum
230 2345 391 2406 videturesse,
405 2349 430 2396 ut
444 2345 468 2396 in
483 2345 600 2410 pluribus3
617 2349 670 2408 quia
683 2345 768 2396 bonnm
782 2348 887 2400 hominis
896 2363 931 2400 se·

113 2419 116 2424 '
130 2415 230 2468 candiana
242 2432 334 2469 sensum
344 2417 457 2482 corporis,
472 2431 518 2467 non
527 2419 654 2470 esthonum
666 2417 768 2467 hominis
783 2418 807 2468 in
821 2424 929 2485 quantam

128 2491 210 2552 honre,
222 2490 246 2540 id
264 2493 313 2554 est,
330 2489 453 2542 secundiane
471 2490 687 2556 rationem3p1nres
705 2494 782 2540 antem
802 2496 929 2557 sequantur

131 2573 224 2612 sensum
243 2575 311 2624 qnam
322 2563 444 2613 rationem.

157 2632 192 2683 nd
212 2638 302 2684 sertem
316 2633 450 2696 ᾱὶωιιιιιιιιι,
466 2634 531 2698 qnod
542 2635 569 2685 in
578 2635 653 2686 causis
666 2635 721 2686 maii
737 2649 786 2686 non
798 2640 839 2688 est
852 2651 931 2701 prone

124 2704 179 2754 dere
196 2703 221 2754 in
234 2703 364 2768 infinitam,
381 2707 422 2758 sed
438 2710 476 2757 est
492 2708 601 2758 reducere
621 2706 698 2758 omnia
716 2707 776 2758 anaia
788 2707 815 2758 in
833 2709 930 2774 ationem

126 2785 216 2824 cansam
227 2773 323 2836 bonan,
333 2789 362 2826 ex
374 2790 420 2840 qna
433 2778 537 2842 sensnm
551 2779 635 2828 mnam
648 2791 690 2842 per
702 2779 820 2830 accidens.

422 2955 631 3027 ψ
