1992 3342
143 144 189 189 338
359 150 420 188 raas
430 151 453 200 r,
466 149 558 194 ouesr.
573 149 618 198 xx,
635 148 689 186 aar.
706 150 722 186 ι.

143 227 207 277 Unde
218 225 276 276 nilril
288 225 395 289 palliet
406 225 435 274 de
447 225 528 276 eodem
544 237 594 276 ease
610 223 765 275 volunlatem
779 223 926 287 ὺεηερὶαειιῐ,

142 301 166 348 ει
186 297 340 346 voluntatem
357 297 432 360 siqui.
450 297 495 346 Sed
512 293 614 359 operatio
632 307 723 358 semper
740 297 776 344 est
793 297 873 346 eadem
892 305 933 344 auur

141 370 260 418 voluntate
276 366 431 430 beneplaciti,
446 380 493 416 non
507 371 583 416 autem
596 371 737 430 praeceptum
750 368 788 417 vel
804 369 932 418 enaddan:

142 443 191 490 tum
201 438 255 501 quia
267 439 318 487 heo
326 441 361 488 est
374 438 403 487 de
413 437 533 501 presenti,
543 437 599 488 illud
612 437 639 487 de
656 437 749 501 luturo;
764 441 816 488 tum
831 439 884 502 quia
896 441 934 490 hee

44 518 48 525 '
142 523 183 573 per
196 522 221 558 se
232 512 267 558 est
282 509 378 559 effectus
393 509 518 559 voluntatis
524 545 533 572 ,
547 509 602 559 illud
614 512 691 558 autem
705 522 746 572 per
759 509 845 576 alivum,
860 515 886 560 ul
898 509 935 560 de

142 584 191 630 tum
205 583 251 629 est.

174 651 208 700 dd
220 649 314 700 tertium
327 649 462 712 dicendum,
476 649 537 712 quod
551 654 656 704 ereatura
671 650 790 702 rationalis
804 654 840 716 est
854 652 934 704 domina

142 721 179 772 sui
191 721 271 782 aotvts3
287 724 311 769 et
320 719 373 770 ideo
384 720 446 770 eirea
459 720 532 783 ipsam
546 721 653 784 specialia
666 723 772 784 quedam
782 722 848 786 signa
862 723 936 774 divine

143 792 267 843 voluntatis
280 790 435 856 assignantur,
447 792 473 840 in
483 796 593 854 quantum
604 792 738 842 rationalem
748 797 876 844 creaturam
887 795 937 842 oeus

143 862 234 914 ordinat
250 863 279 911 ad
296 863 410 924 agendum
425 861 552 913 voluntarie
568 867 592 914 et
604 877 645 927 per
659 877 692 913 se.
710 863 756 912 Sed
771 863 823 914 alie
837 869 938 914 creature

142 947 189 982 non
200 936 271 995 agunt
284 932 329 982 nisi
342 937 410 983 mole
423 946 453 983 ex
465 933 598 996 operatione
613 933 700 996 divina,
714 936 738 984 ει
750 933 803 984 ideo
817 933 878 984 eirea
891 933 939 984 alas

142 1017 189 1053 non
199 1005 285 1053 habent
296 1004 371 1053 loounr
383 1002 428 1054 nisi
440 1005 556 1068 operatio
571 1006 594 1054 ει
602 1005 747 1068 perenissto.

174 1075 209 1124 dd
228 1078 334 1137 quartum
359 1073 496 1137 dicendum,
514 1073 575 1138 quod
593 1088 660 1124 ornae
679 1075 764 1124 malum
785 1073 876 1137 eulpae,
894 1071 940 1122 linit

142 1144 299 1208 multiplieiter
313 1143 444 1208 oonlingat,
458 1148 535 1194 lamen
545 1145 570 1194 in
583 1145 627 1194 hoo
640 1143 750 1196 convenit
764 1143 826 1208 qu'od
834 1143 939 1198 discordat

141 1214 155 1265 a
174 1217 291 1266 volontate
308 1212 402 1278 divind3
417 1217 441 1264 et
454 1215 506 1268 ideo
523 1229 595 1265 unum
612 1215 703 1278 siguum
716 1218 823 1278 respectu
836 1215 938 1264 anulorum

141 1285 284 1348 assignatur,
304 1285 390 1336 soilioet
400 1284 548 1348 protadilio.
563 1284 609 1334 Sed
621 1285 682 1334 lnona
698 1280 852 1336 diversimode
869 1298 892 1336 se
905 1287 940 1332 lra-

141 1359 198 1408 lrent
214 1359 243 1408 ad
257 1358 385 1409 bonitatem
402 1356 520 1419 divinam;
535 1356 589 1420 quia
601 1357 706 1420 quedem
723 1361 776 1406 sunt
796 1357 847 1408 sine
864 1356 939 1420 quibu

141 1431 274 1480 fruitionem
291 1429 375 1480 divine
393 1428 502 1478 aeneas
516 1428 625 1492 consequi
643 1441 690 1478 non
706 1442 843 1492 possumus,
857 1433 879 1478 ει
896 1439 938 1478 τεε-

141 1504 212 1563 peotu
234 1502 317 1550 horum
335 1502 370 1549 est
388 1501 562 1562 praeceptam
581 1500 684 1562 quedam
700 1497 756 1549 verd
776 1502 846 1562 suut,
864 1499 941 1562 quibus

142 1570 268 1635 perlectiiis
279 1571 447 1634 consequimur,
459 1574 482 1620 et
493 1572 599 1634 respectu
610 1572 691 1622 horum
704 1575 739 1620 est
749 1571 893 1626 consilium.
903 1569 939 1617 lei

143 1642 275 1704 dicendum,
289 1640 351 1703 qudd
364 1640 486 1691 eonsilium
500 1645 536 1690 est
549 1654 595 1690 non
609 1641 682 1692 solium
695 1643 724 1692 de
737 1641 867 1692 melioribus
878 1640 941 1692 bonis

143 1711 307 1774 assequendis,
322 1711 364 1761 sed
379 1711 448 1761 etiarn
461 1711 490 1762 de
503 1711 630 1764 minorihus
642 1711 707 1762 malis
720 1711 828 1764 vitandis.

429 1903 576 1974 dunello
601 1904 665 1974 XX.

243 2046 278 2092 De
288 2055 370 2090 amore
381 2045 429 2090 Det
437 2077 447 2095 ,
461 2047 490 2090 e'e
503 2049 608 2102 quotuor
622 2045 740 2091 articulos
756 2033 848 2096 divise.

175 2195 262 2244 Ueinde
275 2193 465 2244 considerandum
478 2197 513 2244 est
523 2194 552 2244 de
569 2193 607 2250 his
619 2207 669 2258 que
683 2195 789 2245 absoan
802 2197 832 2247 ad
844 2197 942 2248 volunte-

145 2270 193 2315 tern
203 2265 245 2315 Uei
257 2266 383 2329 pertinent.
401 2266 508 2328 luparie
525 2267 601 2316 autem
618 2265 744 2329 appetitiva
760 2267 906 2318 inveniuntur
920 2269 944 2315 iu

145 2336 221 2397 nobis,
231 2339 255 2385 et
267 2336 385 2399 passiones
395 2336 477 2387 anime
488 2335 497 2402 (
503 2341 529 2386 ul
542 2337 648 2399 gaudium
656 2374 665 2399 ,
673 2351 744 2394 ¹aaaron
758 2341 782 2388 et
793 2339 943 2403 hujusmodi),

145 2412 168 2458 et
181 2407 274 2456 habitus
285 2408 405 2458 moralium
421 2408 542 2472 virtutum,
556 2411 582 2458 ut
592 2407 697 2473 justitia,
711 2409 821 2460 fortitudo
835 2416 859 2460 et
870 2411 947 2473 nujus

144 2478 214 2529 rnodi.
235 2479 299 2529 Unde
319 2478 393 2542 prinnd
415 2479 607 2530 considerabimus
625 2480 653 2530 de
671 2494 747 2532 amore
769 2481 826 2546 Uei,
850 2480 947 2532 secundo

144 2551 172 2600 de
183 2549 273 2613 justitia
287 2554 311 2600 et
327 2550 481 2602 miserioordie
495 2551 555 2614 ejus.

174 2621 241 2671 Circa
249 2620 348 2684 priunum
356 2625 489 2685 queruntur
499 2623 604 2685 quatuor
614 2627 641 2672 l⁰
651 2623 731 2674 Utrivrn
741 2622 766 2672 in
777 2625 827 2674 Uen
836 2623 868 2674 sit
878 2635 940 2673 amor

145 2698 172 2741 2⁰
187 2691 268 2742 Utrum
290 2697 352 2743 amet
367 2693 452 2743 omnia.
474 2698 501 2741 3⁰
518 2693 599 2743 Utrlna
619 2695 691 2758 magis
710 2699 771 2745 amet
793 2709 869 2744 arnum
885 2691 950 2757 quain

145 2763 218 2814 aliud.
234 2767 260 2813 4⁰
276 2763 354 2814 Utrdm
368 2764 462 2815 meliora
475 2764 548 2828 magis
561 2768 629 2816 aurel.
