1992 3342
328 237 359 275 nra
375 235 453 276 rumen
469 237 604 278 annom.
817 231 861 280 87¹

63 307 155 364 renisu
172 311 295 364 volunutts
309 314 337 364 ed
355 312 378 364 id
396 315 456 378 qued
473 318 509 366 est
523 315 561 366 uel
581 329 627 366 nen
646 319 688 367 est.
706 317 772 368 Patet
786 321 863 370 summ

63 384 126 451 qudd
137 385 253 437 dnmems
263 385 335 436 multa
346 386 433 437 vellent
442 399 489 438 non
498 400 559 449 esse,
569 401 621 452 qna
628 391 694 452 sunt,
703 391 727 439 et
737 402 798 454 esee,
812 405 863 456 qun
921 427 927 439 ,

64 471 112 510 non
128 461 202 508 nunt:
220 459 306 509 uellent
322 458 382 510 enlm
395 458 466 523 (edm
483 460 530 511 sint
547 458 638 525 invidi)
651 460 754 512 damnari
769 463 863 529 eosqui

62 531 187 582 salvantur.
203 531 267 582 Unde
280 534 371 596 opertet
384 531 459 582 dicere
473 532 533 597 qudd
547 532 571 582 in
585 531 620 582 eis
635 531 666 583 sit
681 533 757 596 delur,
771 538 795 584 et
804 549 862 600 pre·

64 601 133 668 eipud
150 601 203 666 qnia
216 603 244 653 de
253 603 339 654 ratione
353 616 426 668 paenae
439 606 474 654 est
483 603 544 668 qndd
558 603 670 655 uoluntati
677 609 799 668 repugnet.
812 606 862 657 Pri-

63 676 148 724 uantur
165 674 233 724 etiam
251 673 405 738 beatitudine,
419 685 487 739 qnam
508 673 639 725 naturaliter
658 679 782 741 appetunt3
796 679 820 728 et
830 677 861 733 ,in

62 746 143 796 multia
156 758 233 796 eorum
247 745 325 810 iniqua
336 747 440 796 voluntas
453 747 579 798 cohibetur.

95 818 129 868 dd
141 817 239 881 primum
250 817 429 882 ergodieendnm
436 855 444 882 ,
453 817 514 884 qudd
524 818 630 883 gandium
642 817 737 869 etdnlor
746 819 861 872 desudem

65 893 119 940 sunt
133 889 254 954 apposita,
269 903 316 940 non
330 894 406 941 antem
424 890 452 941 de
466 891 571 941 diversis.
590 890 655 942 Unde
670 889 727 940 nihil
740 891 860 957 prohibet,

63 973 133 1011 nuum
147 960 214 1012 simul
225 961 300 1012 dolere
312 963 340 1012 de
355 975 401 1012 uno
414 965 438 1014 et
451 964 548 1026 gaudere
564 962 593 1012 de
604 961 663 1025 alio,
676 963 700 1012 et
713 963 811 1014 maxime
824 977 861 1016 se·

64 1031 162 1084 cundum
175 1031 235 1096 qudd
247 1033 310 1084 dolor
322 1036 346 1082 et
356 1034 463 1096 gaudium
473 1033 596 1098 important
609 1031 723 1096 simplices
738 1035 861 1087 veluntatis

65 1106 143 1165 actm,
156 1104 267 1169 quianon
281 1103 353 1155 sulum
367 1104 391 1154 in
405 1103 516 1168 diuersis,
526 1105 642 1156 sedetiam
652 1103 677 1153 in
690 1117 738 1154 una
746 1108 771 1156 et
781 1108 860 1158 eadem

63 1188 88 1227 re
102 1179 174 1240 puteat
189 1189 239 1227 esse
252 1175 336 1240 aliquid
350 1177 410 1240 qued
418 1177 531 1240 velumus,
545 1179 569 1228 et
577 1175 661 1241 aliquid
672 1177 734 1239 qnod
744 1177 859 1228 nolumus.

96 1248 129 1299 ld
141 1248 263 1299 seeundum
276 1247 410 1311 dicendum,
419 1247 479 1312 qudd
490 1249 550 1299 deut
561 1247 586 1300 in
596 1247 738 1300 damonibus
749 1253 785 1300 est
797 1251 861 1302 delur

64 1321 92 1371 de
108 1321 231 1385 presenti,
244 1319 277 1371 ita
298 1325 321 1372 et
336 1320 404 1371 timor
419 1322 447 1371 de
464 1320 550 1371 lutura.
571 1321 636 1381 (lund
655 1323 732 1371 numm
750 1320 833 1372 dieitur
852 1339 859 1372 ε

63 1409 77 1441 a
93 1393 176 1444 Faetus
191 1395 225 1444 est
241 1397 265 1442 ut
275 1392 368 1442 nntium
381 1391 485 1456 timeret,
499 1409 513 1439 u
529 1392 666 1456 intelligitur
678 1391 707 1442 de
721 1391 803 1442 timore
819 1393 860 1444 llel

61 1464 181 1516 muniente
195 1463 209 1514 la
222 1468 327 1529 peueatn3
346 1463 399 1514 alibi
416 1477 514 1528 namque
531 1464 639 1528 seriptum
656 1466 691 1514 est
708 1462 769 1528 qndd
784 1481 799 1512 u
814 1465 861 1516 de·
940 1462 946 1475 ⁴

60 1549 141 1587 menes
155 1537 248 1586 eredunt
264 1540 287 1587 et
300 1534 476 1586 contremiseunt
489 1553 503 1582 u
517 1535 591 1600 (Ine,
606 1535 635 1597 ll,
645 1535 694 1597 lt).

91 1609 124 1658 dd
138 1608 231 1660 tertium
248 1608 379 1668 dicendum,
395 1607 454 1672 qudd
468 1608 543 1658 dolere
564 1608 591 1658 de
606 1607 665 1658 malo
679 1605 752 1672 cupae
765 1610 859 1672 propter

60 1693 85 1730 se
99 1683 220 1731 adestatur
231 1679 354 1731 voluntatis
366 1679 471 1741 temtati,
486 1679 524 1730 ani
538 1679 622 1728 malum
633 1677 706 1741 cupa
722 1679 858 1744 oppositum

61 1751 138 1802 dolere
153 1755 229 1802 autem
244 1752 272 1801 de
286 1750 346 1801 mile
358 1764 433 1814 poeuae
439 1788 447 1815 ,
461 1752 498 1802 uel
512 1752 540 1802 de
549 1751 611 1800 malo
623 1750 696 1814 eulpa
708 1751 801 1814 propter
810 1763 860 1816 ρω-

61 1833 124 1886 nam,
139 1826 259 1874 attestatur
269 1822 367 1874 bonitati
380 1827 466 1874 naturae
472 1861 481 1887 ,
493 1823 531 1873 cui
544 1821 629 1873 malum
640 1834 715 1886 poenae
728 1819 858 1886 opponitur.

60 1894 124 1945 Unde
139 1894 278 1957 Augustinus
291 1894 430 1955 dieit‚ll1ll.
446 1896 483 1944 De
503 1895 582 1945 Civit.
595 1892 644 1943 Dei
653 1893 719 1959 (ean.
735 1891 789 1956 13),
799 1890 859 1955 qndd

61 1984 75 2013 «
94 1967 158 2018 delur
178 1967 256 2018 amissi
273 1966 326 2018 boni
341 1966 366 2016 in
387 1965 498 2031 supplicio
521 1966 588 2016 testis
601 1969 636 2016 est
651 1967 739 2014 naturae
754 1964 828 2014 donn.
844 1981 859 2010 u

60 2038 152 2088 Damon
166 2052 220 2102 ergo
230 2037 281 2088 eiam
291 2051 403 2102 perverse
413 2037 444 2087 sit
452 2037 576 2087 uoluntatis
585 2041 610 2088 et
620 2035 749 2098 obaurata,
760 2036 788 2085 de
799 2035 859 2088 mala

59 2109 133 2174 culpe
148 2123 194 2161 non
207 2109 275 2160 dolet.

351 2195 512 2248 auunculus
528 2197 566 2248 lu.

177 2313 264 2358 Utrum
272 2325 315 2358 ner
324 2314 367 2358 tate
377 2311 742 2370 uitlecuapoeuudiedoenaemem,

93 2432 126 2482 ld
142 2435 246 2494 quartum
262 2431 296 2482 sie
315 2431 445 2495 proceditur
452 2429 496 2496 (l).
509 2430 603 2481 Videtur
619 2428 681 2494 qudd
698 2441 738 2480 aer
751 2427 795 2480 iste
813 2442 859 2480 non

60 2501 92 2554 sit
104 2500 167 2552 luens
180 2501 276 2568 pennalis
288 2503 424 2553 daemonum.
434 2503 527 2552 llaemnn
537 2501 599 2552 enim
611 2504 649 2552 est
658 2503 740 2551 nature
752 2498 859 2564 spiritua·

61 2573 101 2623 lis.
119 2573 202 2623 Natura
221 2576 297 2624 autem
312 2571 436 2637 spiritualis
455 2585 502 2624 nun
520 2571 617 2625 aldaitm
632 2572 691 2624 locu.
707 2572 767 2635 Ergo
782 2570 859 2644 nullus

61 2644 125 2696 loeus
138 2648 174 2695 est
187 2644 326 2696 damonibus
336 2644 439 2710 poenalis.

92 2719 115 2766 t.
133 2717 245 2768 Praeterea
254 2752 262 2778 ,
272 2720 391 2780 peceatum
400 2715 501 2768 huminis
516 2729 562 2768 non
574 2720 609 2767 est
618 2710 709 2780 grauius
724 2713 792 2779 quam
804 2727 857 2778 nee·

93 2831 124 2896 (l)
140 2835 172 2880 lle
183 2833 219 2879 lais
234 2833 303 2880 etiam
313 2835 355 2891 Π,
370 2831 448 2883 sent..
461 2833 516 2880 dist.
533 2833 577 2893 ld,
592 2846 632 2892 qu.
649 2833 679 2893 1,
695 2838 738 2880 art.
758 2832 786 2891 a,
805 2838 855 2878 tum

59 2898 170 3007 latalaum„
185 2902 234 2941 nrm
248 2896 276 2941 nd
287 2895 314 2950 l;
329 2901 353 2942 et
365 2895 420 2942 dist.
434 2896 479 2958 ll,
494 2909 534 2956 qu.
549 2897 577 2956 l,
593 2903 636 2944 art.
649 2896 677 2958 8,
693 2897 854 2956 qualinam!
