1992 3342
147 218 193 266 tlte
331 227 392 266 raus
407 229 429 276 ι,
445 225 537 270 oum
554 227 626 274 uma,
642 227 699 264 aaa.
715 225 753 264 vr.

147 301 284 368 probabilior
291 306 316 354 et
323 307 451 354 sanctonum
462 302 529 353 dietis
536 302 608 364 mama
615 301 868 367 eousouausestpubrt
876 304 946 353 sutiu

145 377 199 438 post
218 375 318 438 primurn
337 373 426 424 iustam
440 387 486 425 sue
505 373 626 425 meationis
643 372 747 424 diabolus
764 374 906 436 peccauerit
920 374 946 422 br

146 446 190 494 hoc
205 457 297 496 neeesse
309 447 344 494 est
353 445 442 506 dicore,
458 444 478 494 si
492 447 589 508 ponatur
597 442 658 507 quon
666 443 692 492 iu
703 442 780 507 primo
793 444 893 495 intami
904 457 946 493 sua

146 515 270 566 creationis
291 516 315 566 iu
332 519 407 564 actum
425 515 489 565 liberi
504 514 592 564 arbitrii
611 513 756 578 proruperit,
769 518 796 564 et
811 529 869 564 cuum
883 514 949 578 praba

147 585 215 636 luerit
227 591 330 646 creatus,
344 589 369 635 ut
385 585 452 650 supri
465 586 573 636 diximus.
587 585 644 635 Cium
656 584 717 634 euim
729 586 808 649 augeli
825 600 868 649 per
882 599 949 635 uuum

146 661 222 708 actum
232 656 371 706 meritorium
382 656 412 706 ad
421 655 582 706 beatitudinem
590 655 739 719 perueniant,
749 661 777 705 ut
787 657 861 720 supra
870 657 949 706 (lictum

147 732 195 792 est,
211 729 230 778 si
249 729 350 778 diabolus
363 729 386 777 iu
402 728 473 790 gratia
487 731 588 790 matus,
602 729 627 777 in
644 727 720 791 primo
734 728 836 777 instanti
854 727 949 785 menrit,

146 801 221 850 subm
229 803 283 863 post
291 799 391 864 primum
403 801 492 849 instans
501 799 667 849 beatitudinem
675 799 814 862 accepisset,
822 798 870 849 nisi
878 799 952 849 subn

147 871 330 936 impedimentum
340 871 486 937 praestitisset
499 872 621 934 peccando.
632 871 657 932 Si
667 869 721 920 uero
729 873 834 934 ponatur
842 869 905 933 quod
914 883 951 918 an·

147 944 210 1008 gelus
222 943 246 994 in
260 943 331 1005 palia
345 947 433 994 creatus
445 958 490 993 non
507 943 589 1006 luerit,
603 945 640 992 uel
653 942 714 1008 qubrl
726 942 840 1007 inprime
854 943 950 994 instanti

147 1018 220 1064 acbrm
232 1015 297 1064 liberi
308 1015 394 1065 arbitrii
402 1029 447 1064 non
457 1013 555 1079 potuerit
562 1014 656 1076 habere,
668 1013 726 1063 nibil
734 1014 846 1077 prohibet
857 1016 953 1078 aliquam

145 1099 231 1136 moram
246 1087 316 1136 luisse
327 1085 385 1136 inter
399 1087 538 1136 creationem
557 1089 580 1134 el
597 1085 695 1148 lapsum.

178 1157 212 1207 nd
225 1157 323 1222 primunr
336 1171 389 1221 ergo
400 1157 535 1217 dicendum,
545 1157 605 1222 qubd
615 1171 655 1221 per
668 1161 745 1206 motus
756 1157 901 1220 corporales,
914 1157 952 1219 qui

146 1241 187 1294 per
195 1233 285 1294 tempus
298 1233 463 1288 mensurantur,
475 1229 609 1291 quaudoque
619 1228 643 1276 in
651 1241 716 1277 sacra
730 1225 856 1290 Scriptura
868 1227 953 1277 iutelli-

148 1304 233 1364 guulur
245 1300 397 1364 metaphorice
410 1305 485 1350 motus
500 1300 627 1362 spirituales
641 1298 783 1351 instantanei
799 1316 807 1348 a
822 1303 848 1350 et
861 1300 896 1350 sio
915 1312 954 1362 per

151 1371 327 1422 ambulationem
347 1370 480 1436 intelligitur
499 1375 574 1421 motus
597 1371 664 1421 liberi
682 1370 771 1420 arbitrii
789 1369 912 1421 teudemis
930 1368 952 1417 iu

148 1441 240 1494 bouum.

179 1513 212 1563 nd
223 1513 346 1563 secuudum
360 1511 557 1576 dicendum,un
571 1513 680 1576 Origenes
691 1511 747 1563 dicit
760 1511 823 1580 qubd
836 1530 850 1561 n
862 1525 954 1576 serpens

148 1583 254 1646 antiquus
264 1597 310 1634 non
322 1583 335 1634 l
346 1583 458 1648 principio
471 1598 513 1634 uec
527 1584 604 1640 statim
616 1598 684 1647 supra
694 1588 775 1647 pectus
788 1583 952 1644 ambularit,u

149 1659 242 1718 propter
255 1655 353 1718 primum
367 1655 455 1706 instans
468 1657 492 1705 in
503 1669 548 1718 quo
561 1656 635 1705 malus
648 1668 694 1704 uon
706 1654 759 1703 luit.

181 1723 312 1778 intertium
323 1725 458 1788 dicendum,
469 1725 529 1789 qubd
540 1727 634 1787 augelus
645 1726 713 1775 babet
726 1725 823 1776 liberum
837 1724 954 1775 arbitrium

149 1795 273 1848 iulleribile
291 1804 343 1862 post
360 1797 503 1848 electionem.
518 1799 547 1846 El
559 1797 626 1862 ideo,
641 1797 686 1847 nisi
698 1796 776 1847 statim
787 1799 841 1860 post
853 1796 953 1859 primum

148 1867 249 1931 memus,
264 1869 347 1932 inquo
361 1868 486 1918 naturalem
502 1872 588 1918 motum
601 1866 682 1917 habuit
697 1869 725 1917 ad
741 1868 844 1929 bouum,
856 1866 955 1930 imperii-

149 1943 252 1990 mentum
264 1939 398 1990 bealitudioi
412 1938 567 2004 praestitisset,
580 1937 659 1988 luisset
672 1938 777 1988 firmatus
787 1937 813 1986 iu
825 1938 898 1988 bono.
911 1937 955 1986 Sed

149 2021 196 2059 nou
207 2015 243 2062 est
254 2010 328 2062 simile
340 2011 367 2061 de
377 2011 472 2061 bomine
483 2027 489 2060 :
502 2014 525 2060 et
537 2010 589 2060 ideo
602 2010 660 2059 ratio
673 2023 719 2059 uon
734 2009 850 2072 sequitur.

181 2080 214 2131 rid
227 2087 332 2146 quartum
344 2080 549 2146 dicendum,un
561 2081 645 2130 «inter
659 2080 768 2144 quelibet
783 2080 829 2130 duo
843 2079 955 2130 instanlia

150 2166 199 2204 esse
210 2158 299 2218 ternpus
314 2153 429 2216 medium,
440 2169 454 2199 u
468 2154 537 2203 babet
551 2153 669 2203 veritatem
676 2189 685 2215 ,
696 2151 721 2200 in
739 2155 853 2215 mantum
865 2156 954 2214 tempus

149 2227 184 2275 est
199 2224 345 2287 continuum,
358 2228 383 2273 ul
394 2223 501 2286 probatur
514 2223 539 2272 in
554 2223 593 2272 Vl.
608 2223 703 2286 Pbyoic·
721 2223 764 2274 Sed
779 2227 860 2272 tamen
873 2223 898 2273 iu
915 2236 954 2271 ao-

151 2295 208 2360 gelis
219 2295 267 2362 (qui
277 2309 323 2345 non
334 2298 386 2344 sunt
394 2295 491 2358 subjecti
501 2294 666 2358 coelestimotui
675 2292 797 2357 quiprimb
807 2308 851 2357 per
861 2297 952 2358 tempus

150 2367 282 2416 continuum
295 2365 451 2430 mensuratur)
461 2375 552 2428 tempus
565 2365 673 2429 accipitur
685 2379 726 2429 pro
740 2364 791 2428 ipsa
803 2366 951 2415 successione

149 2437 307 2501 operationum
323 2437 451 2486 intellectus
463 2437 501 2485 uel
517 2436 586 2485 etiam
603 2432 705 2486 affectis.
722 2435 761 2485 Sic
779 2435 853 2497 igitur
864 2435 954 2484 instans

148 2507 247 2573 primum
267 2507 291 2557 in
309 2507 398 2572 augelis
421 2505 557 2570 intelligitur
572 2507 708 2570 respondere
723 2505 854 2569 operationi
870 2503 954 2554 mentis

150 2576 272 2640 angelica,
286 2592 331 2644 qua
343 2592 367 2628 se
379 2579 403 2628 in
417 2577 515 2642 seipsam
526 2577 638 2637 conuertit
650 2591 692 2641 per
704 2576 861 2640 vespertinam
873 2574 954 2638 cogui-

149 2648 249 2710 tionem,
265 2648 318 2712 quia
333 2648 357 2698 in
372 2649 446 2712 primo
464 2650 499 2699 die
516 2652 703 2699 commemoratur
717 2662 832 2711 uespere,
853 2645 895 2696 sed
909 2659 953 2694 non

151 2733 231 2768 mone.
243 2719 270 2768 lit
285 2720 335 2768 hcc
348 2719 439 2783 quidem
451 2719 553 2784 operalio
565 2719 589 2768 iu
603 2719 709 2769 omnibus
722 2719 783 2769 bona
798 2717 853 2769 luit.
867 2717 914 2768 Sed
927 2717 953 2765 ob

151 2789 194 2838 bae
207 2789 337 2852 operatione
351 2791 442 2853 quidam
456 2805 496 2856 per
507 2783 640 2840 matutinam
653 2789 807 2853 coguitionem
820 2790 850 2838 ad
863 2789 953 2838 laudem

151 2857 221 2907 Verbi
235 2861 288 2907 sunt
301 2861 417 2923 conversi;
433 2862 526 2924 quidam
536 2861 589 2912 verb
601 2861 626 2909 in
636 2861 717 2925 seipsis
729 2864 888 2922 remanentes,
901 2859 953 2908 lacti

151 2932 204 2976 sunt
217 2940 276 2990 uox,
289 2941 330 2991 per
343 2933 472 2994 superbiam
482 2933 680 2997 tumescentes,
688 2937 715 2982 ut
728 2930 872 2995 Absumus
883 2929 955 2990 dibile
