1992 3342
123 223 170 272 tto
305 234 366 271 eras
381 234 405 283 1,
418 234 511 279 oum.
529 232 623 283 xxvm,
639 233 696 273 aaa.
713 232 740 270 ιι.

123 310 224 363 ementis
237 308 363 361 meandum
375 322 441 374 rem3
456 324 503 362 non
516 310 593 361 differt
602 313 681 360 autem
692 307 738 360 nisi
757 308 888 361 secunddm
898 324 923 363 a·

123 382 226 446 tionem,
240 381 301 445 quod
316 380 398 431 relatio
413 380 523 446 importat
539 385 670 447 respectum
689 382 718 432 ad
735 382 885 447 oppositum,
900 397 928 434 ce

125 453 201 505 sentia
209 455 287 503 anmm
298 465 353 503 non.
363 450 373 517 )

156 525 291 593 despondeo
304 523 436 587 dicendum,
449 523 512 587 quoa
521 523 583 575 circa
596 524 641 575 lroc
655 522 738 574 dicitm
750 524 871 576 Gilbertns
883 528 928 576 Por·

123 600 219 647 mtanns
232 609 337 659 errasse,
351 596 392 646 sed
407 608 512 646 errorem.
522 610 590 647 suum
605 595 753 660 postmodum
767 595 795 647 in
811 597 930 649 Rhemcnsi

125 666 227 718 Concilio
239 665 274 731 (l)
290 680 423 730 revocasse3
438 666 497 717 dixit
510 666 572 717 enim
592 666 652 733 quod
665 666 792 718 relationes
809 666 837 719 in
855 668 930 719 dum

125 741 180 787 sunt
196 736 338 801 assistentes,
352 737 402 788 sive
416 737 559 788 extrinsecis
572 736 654 788 affixe.

157 809 192 860 ld
204 809 271 875 an'us
289 810 429 861 evidentiam
447 809 638 861 considerandum
655 811 690 860 est
707 808 770 873 quod
789 809 816 860 in
836 811 932 875 quolibet

124 893 209 932 novem
221 894 331 945 generum
339 882 463 933 accidentis
472 884 507 931 est
517 882 562 932 duo
576 880 720 945 considerare
732 896 738 931 :
753 894 856 945 quorum
868 895 931 933 mun

125 954 161 1005 est
171 967 222 1003 esse
229 991 238 1017 ,
245 954 306 1018 quod
316 954 425 1019 competit
437 952 562 1017 unicuique
572 953 674 1025 ipsorum
685 951 815 1004 secundam
829 953 895 1019 qnod
907 958 934 1004 est

125 1024 249 1089 accidens3
263 1028 288 1076 et
300 1028 346 1077 troc
358 1025 509 1078 communiter
520 1023 666 1089 inomnilsus
676 1027 712 1074 est
724 1024 804 1075 inesse
817 1026 933 1091 subjecto.

125 1096 251 1148 accidentis
261 1096 324 1149 enim
333 1112 385 1147 csse
395 1100 431 1147 cst
445 1098 522 1146 teresse
538 1112 544 1146 ι
560 1095 621 1149 aliud
632 1096 693 1159 quod
705 1098 782 1161 potest
797 1095 937 1149 consideran

125 1167 152 1219 in
168 1182 321 1235 unoquoque,
333 1172 368 1220 est
382 1168 472 1234 propria
490 1166 549 1219 ratio
565 1166 744 1232 uniuscujusque
761 1168 861 1220 illorum
874 1182 938 1235 gene

126 1252 188 1292 rnm.
201 1241 229 1291 llt
240 1240 266 1290 in
282 1239 334 1291 aliis
349 1238 443 1308 quidem
461 1236 607 1302 generibusi
620 1238 752 1303 relatione,
765 1243 853 1305 utpote
871 1254 937 1305 quan

126 1309 193 1363 titete
206 1315 231 1363 et
251 1311 374 1377 qualitate,
388 1312 457 1361 etiam
478 1309 571 1375 propria
587 1310 646 1361 ratio
664 1309 755 1375 generis
772 1312 893 1377 accipitur
908 1326 940 1361 se

129 1382 230 1434 cundim
241 1382 435 1447 comparationem
452 1382 482 1432 ad
491 1380 638 1445 subjectum
653 1394 708 1431 nam
721 1382 845 1446 quantitas
859 1384 940 1435 dicitu

129 1468 248 1505 mensuro
261 1454 424 1511 substantiae,
434 1452 533 1517 qualitas
549 1451 605 1503 seno
619 1452 759 1517 dispositio
769 1454 939 1515 substantioe;

128 1525 170 1576 sed
186 1527 245 1577 ratio
257 1525 350 1591 propria
360 1524 479 1575 relationis
495 1537 543 1575 non
553 1524 665 1589 accipitur
678 1524 811 1575 secunddm
823 1540 943 1591 compara-

128 1596 217 1647 tionem
229 1598 258 1647 ad
273 1597 328 1646 illud
342 1595 367 1645 ln
383 1609 428 1661 quo
440 1599 488 1659 est,
503 1596 544 1647 sed
557 1594 685 1648 secundinm
702 1596 906 1661 comparationem
919 1598 943 1646 ad

128 1668 215 1732 aliquid
228 1670 301 1718 extra.
313 1667 338 1718 Si
346 1666 417 1731 igitur
428 1666 600 1718 consideremus
611 1667 681 1718 etiam
691 1666 717 1717 in
729 1668 800 1718 rebus
812 1670 903 1720 creatis
912 1683 946 1720 re

128 1735 227 1789 lationes
245 1737 370 1789 mundium
390 1738 413 1789 id
432 1740 492 1803 quod
510 1738 634 1789 relationes
654 1742 723 1802 sunt,
741 1738 775 1789 sic
787 1738 947 1792 inveniuntur

130 1820 181 1861 esse
202 1808 348 1873 assslentes,
363 1822 411 1860 non
428 1808 569 1861 intrinsecis
586 1810 661 1860 altine
669 1847 678 1874 ‚
696 1809 764 1874 quasi
784 1810 948 1875 significantes

130 1885 261 1947 respectum
280 1881 447 1946 quodammodo
470 1882 643 1945 contingentem
662 1878 736 1947 ipsam
756 1896 808 1933 rem
831 1886 950 1947 relatam,

130 1959 199 2021 prout
208 1955 237 2006 ab
248 1968 276 2005 ea
289 1954 364 2005 tendit
373 1953 399 2003 in
415 1955 522 2005 alterum.
536 1954 561 2004 Si
571 1953 627 2005 ver'o
638 1954 794 2005 consideretur
808 1956 898 2008 relatio
916 1972 952 2006 se

132 2026 234 2079 cundum
245 2025 306 2092 quod
321 2030 357 2077 est
372 2024 496 2089 accidens,
510 2024 544 2076 sic
556 2030 591 2076 est
604 2025 719 2075 inherens
731 2025 840 2090 subjecto
846 2064 856 2091 ,
869 2032 898 2079 et
911 2031 953 2078 ha—

131 2098 190 2150 bens
202 2114 253 2149 esse
266 2098 405 2149 accidentale
417 2098 515 2163 inipso.
537 2098 584 2147 Sed
598 2098 713 2148 Gilhertus
734 2098 881 2151 Pometanus
896 2116 956 2151 con-

132 2170 242 2222 sideravit
259 2170 395 2222 relationem
411 2168 486 2233 primo
499 2170 566 2220 modo
582 2168 682 2219 tantum.
697 2168 812 2233 Quicquid
826 2175 915 2223 autem
931 2174 954 2221 iu

133 2241 202 2293 relus
218 2241 302 2293 creatis
321 2241 391 2292 habet
405 2255 457 2291 csse
471 2240 630 2305 accidentale,
644 2240 772 2291 wunddm
791 2240 858 2307 quoa
867 2247 967 2305 trans-t

167 2394 199 2459 (1)
215 2400 261 2444 Sub
274 2398 379 2457 Eugenio
396 2400 444 2457 111,
462 2398 616 2455 personaliter
634 2398 786 2456 presidente,
804 2404 832 2445 ut
846 2398 967 2447 tostatnrl

134 2458 272 2507 cananeum
282 2463 377 2521 Abbas,
388 2461 428 2518 qui
439 2473 492 2505 cnm
504 2467 584 2506 sancto
594 2460 710 2507 Bornerdo
722 2461 851 2507 accerrime
862 2474 967 2511 contrat

135 2523 345 2581 dilhortnmipsnm
354 2524 498 2581 disceptante
509 2522 596 2568 adfuit:
605 2524 638 2569 sic
648 2524 710 2569 enim
717 2524 814 2569 tandem
822 2524 967 2580 loquuturus

135 2598 187 2634 ense
198 2586 326 2633 Gilbertum
341 2586 414 2632 relect
423 2603 431 2629 ι
440 2585 470 2631 Si
478 2598 520 2631 cos
530 2587 568 2631 ito
578 2586 696 2637 creditis,
709 2588 746 2631 ita
755 2584 847 2631 credo.-
860 2586 901 2633 Sc·
916 2580 967 2635 coti

134 2650 173 2693 ito
190 2648 290 2698 dicitis,
302 2650 339 2693 ito
352 2649 408 2694 dico
422 2666 429 2693 .·
442 2648 471 2693 Si
488 2660 532 2694 eos
545 2649 582 2694 tto
594 2646 719 2699 scribitis,
733 2650 771 2694 ito
783 2648 878 2694 serito.
907 2654 967 2705 Fuit

136 2716 214 2755 entem
233 2710 348 2757 Gilbertus
363 2712 493 2769 Episcopus
510 2710 663 2759 Pictavieusis
682 2710 733 2757 eti
749 2712 842 2757 dnobus
861 2714 967 2771 Arellii

136 2772 241 2817 diaconis
250 2772 355 2818 ecclesias
366 2786 414 2819 suae
422 2777 517 2831 propter
529 2785 583 2819 suos
593 2784 684 2818 errores
695 2780 833 2832 accusatus,
844 2784 967 2839 quornrq

136 2834 175 2879 hle
188 2846 248 2878 unus
270 2834 328 2892 lult',
344 2836 475 2882 relationes
494 2848 545 2881 reos
558 2848 607 2882 erec
617 2848 753 2895 pannum
766 2842 793 2883 ut
810 2835 905 2885 nitere
932 2844 967 2895 eq

136 2902 194 2941 tom.
206 2897 250 2954 111,
261 2898 359 2954 concil,
369 2906 435 2954 parte
446 2898 470 2957 Ω,
483 2903 544 2944 sees.
553 2898 578 2957 2,
591 2904 616 2945 et
626 2900 670 2945 troc
679 2898 757 2957 ipsum
766 2904 802 2947 est
811 2896 967 2950 celuim*

138 2956 298 3004 accidentales
313 2971 342 3003 ne
355 2960 509 3007 extrinsecis
522 2960 609 3020 affixos
620 2972 682 3022 esse,
697 2967 724 3007 ut
736 2959 785 3011 hle.
833 2992 838 2999 -
