1992 3342
179 208 210 245 us
224 205 384 247 incusem
398 206 575 247 οιωυωσι
591 210 609 247 s
622 210 685 261 oso,
702 213 754 253 nro.
816 206 865 255 tte

72 282 190 347 ugrum
206 284 577 347 hacpcssunteuse3erssonihil
594 286 700 350 protheo
719 302 769 341 esse
787 290 864 357 alium

70 357 131 407 enh'a
142 367 189 407 non
199 358 277 405 creata
292 367 306 404 s
322 355 377 405 beo.

101 430 124 477 2
139 428 252 477 Praeterea
261 462 268 487 ‚
278 426 307 476 ad
317 427 362 476 hoo
368 425 454 489 ulpho
463 426 550 490 indiget
559 428 628 481 emsa
639 430 753 483 elidente
758 468 767 496 ‚
775 437 801 484 ut
811 435 842 485 sit
853 450 860 486 :

71 510 124 559 ergo
135 498 197 561 quod
213 510 261 549 non
272 500 348 562 potest
359 510 407 549 non
419 510 484 562 esse,
496 512 544 549 non
557 499 644 563 mulge
656 502 725 554 causi
737 504 861 558 elidente.

71 568 116 618 Sed
127 568 213 619 nullum
224 568 378 619 neemmrirm
388 572 463 634 potest
470 584 517 639 non
526 584 584 631 esse,
592 572 646 636 quia
654 576 714 637 quod
723 588 817 629 necem
825 583 863 630 est

70 652 120 690 esse
129 653 176 690 non
188 643 263 703 potest
275 653 322 690 non
332 652 392 691 esse.
403 639 459 692 cium
476 640 545 704 igitur
556 644 627 693 multa
638 644 684 695 sint
696 649 824 701 necessaria
836 650 863 701 in

70 712 154 775 rebus,
168 710 258 762 uidetur
269 711 329 775 qubd
342 723 389 763 nou
400 712 478 763 omnis
489 713 552 765 entia
564 714 612 765 sint
625 730 638 766 a
651 718 706 768 beo.

101 789 124 833 ³.
132 785 260 846 Preterea,
273 793 457 848 quorumeunque
476 789 512 835 est
525 785 601 849 abque
610 799 688 851 caum,
702 789 727 839 in
740 791 778 841 his
788 795 864 855 potest

70 853 118 905 deri
133 853 295 905 demonstratio
307 867 349 917 per
361 868 452 905 cumam
464 854 534 905 illam.
547 856 592 907 Sed
602 856 627 907 in
640 860 807 913 mathematicis
815 876 863 914 non

69 925 94 974 lit
111 924 275 977 demonstratio
289 938 331 989 per
350 939 440 977 oausam
458 930 565 989 agentem
573 964 582 991 ,
596 932 621 978 ut
639 943 681 992 per
697 931 862 997 Philosophum

68 1001 130 1060 patet
143 998 184 1047 iil.
198 997 427 1062 Metupbyricorum
439 998 506 1062 (text.
522 997 554 1063 t).
567 1000 617 1050 Non
630 999 699 1065 igitur
711 1003 787 1053 omnia
800 1005 864 1057 entia

67 1066 143 1117 sonti
157 1068 215 1129 beo,
226 1066 284 1117 siem
298 1066 313 1117 l
327 1081 395 1118 causa
408 1072 501 1131 agente.

97 1138 141 1188 Sed
151 1141 231 1188 minua
241 1141 291 1201 est,
303 1138 364 1202 quud
375 1137 457 1189 dieitur
467 1140 549 1195 item„
560 1153 612 1204 cap.
623 1142 671 1192 lli:
686 1158 701 1190 u
714 1143 748 1193 iix
758 1143 824 1209 ipso,
838 1148 862 1197 et

66 1221 106 1273 per
120 1208 211 1273 ipsum
222 1211 246 1259 et
258 1208 283 1259 in
295 1208 346 1273 ipso
358 1212 411 1261 sunt
421 1209 508 1261 omnia.
518 1224 531 1257 o

95 1279 106 1345 (
117 1281 262 1331 monuero,
275 1306 306 1317 —
316 1279 373 1331 Cim
385 1281 446 1331 bens
458 1280 489 1331 sit
502 1280 577 1344 ipsum
590 1282 715 1333 smerdem
723 1296 774 1332 esse
789 1282 863 1349 (quod

65 1365 138 1401 unum
157 1350 246 1401 mutim
266 1350 313 1415 est)
323 1364 418 1403 necesse
434 1355 469 1403 est
488 1363 557 1403 omne
576 1366 630 1415 ens,
650 1352 711 1416 quod
725 1365 860 1420 quocunque

65 1425 132 1475 modo
140 1420 210 1487 esti
226 1424 272 1474 neo
285 1421 361 1487 esse.)

95 1493 232 1559 Respondet
246 1495 369 1547 dcundum
375 1531 385 1557 ‚
398 1494 461 1559 qudd
475 1506 568 1545 neeesse
581 1497 618 1545 est
631 1494 706 1546 dicere
719 1508 786 1546 omne
801 1510 845 1548 eus
852 1534 862 1563 ,

65 1568 124 1631 quod
137 1579 275 1631 quoeunque
290 1566 357 1617 modo
370 1569 420 1629 est,
435 1564 508 1616 ibeo
528 1579 587 1619 esse.
603 1564 628 1615 iii
643 1566 705 1617 enim
722 1567 809 1631 sliqrrid
825 1568 862 1621 iu·

65 1638 156 1689 venitur
172 1638 196 1687 in
209 1637 286 1702 aliquo
298 1650 340 1701 per
352 1636 551 1702 participationem
558 1672 567 1700 ‚
580 1648 673 1688 necesse
685 1640 721 1688 esi
735 1637 795 1702 qubd
805 1652 861 1691 oau-

65 1713 127 1759 setur
136 1709 163 1759 in
176 1709 227 1773 ipso
236 1709 266 1759 ab
279 1720 306 1759 eo
319 1708 356 1759 cui
372 1707 524 1759 essentialiter
535 1707 656 1770 mareuil,
667 1708 727 1759 deut
739 1710 823 1759 terrum
835 1709 860 1761 iit

64 1779 163 1844 ignitum
173 1781 203 1831 ab
212 1781 274 1842 igne.
287 1781 407 1831 ostensum
417 1782 452 1831 est
462 1784 539 1830 eutem
547 1779 670 1846 suprtffl,
682 1780 735 1831 edm
745 1780 775 1832 de
785 1781 863 1831 diuina

63 1851 209 1917 simplicitate
222 1855 336 1915 ageretur,
349 1850 410 1916 pudd
424 1853 484 1901 bens
494 1854 530 1903 est
539 1850 614 1915 ipsum
626 1866 676 1901 erse
687 1865 729 1915 per
739 1864 765 1902 se
777 1852 861 1903 subsis-

62 1926 132 1987 tens3
147 1923 262 1973 etiterum
273 1927 388 1975 ostensum
399 1927 447 1987 est,
457 1923 518 1987 quod
530 1938 581 1973 esse
590 1923 715 1974 subsistam
726 1936 773 1974 non
788 1926 863 1987 potest
887 1962 906 1983 ,s

62 2006 112 2045 esse
130 1994 177 2045 nisi
189 2008 273 2057 unum3
291 1993 381 2045 simtsi
396 1994 476 2045 albedo
492 1998 552 2045 esset
567 1994 706 2058 subsistens,
721 2006 768 2044 non
785 1994 863 2059 posset

16 2071 17 2074 ’
63 2078 113 2117 esse
123 2067 171 2117 nisi
178 2080 235 2128 uus,
245 2064 297 2117 eim
305 2065 422 2117 albedines
429 2065 608 2129 multiplicentur
613 2064 738 2115 secundino
749 2062 861 2129 reeipien-

64 2135 98 2185 tia
115 2154 120 2188 ι
133 2136 270 2201 relinquitur
281 2150 336 2199 ergo
351 2136 412 2200 qubd
428 2136 504 2187 omnia
517 2135 561 2187 aliu
573 2136 588 2184 d
598 2137 658 2199 lieo,
669 2148 715 2185 non
733 2135 782 2187 sint
794 2148 860 2186 suum

62 2226 128 2270 erse,
137 2210 179 2259 sed
188 2207 325 2272 participent
335 2222 394 2257 eree.
404 2210 499 2259 Necesse
512 2210 546 2257 est
559 2207 628 2267 igitur
637 2207 714 2258 omnia
723 2220 773 2273 qua
786 2205 861 2257 disere

61 2281 179 2331 dieantur
189 2277 314 2329 secundinus
325 2278 437 2329 diumsam
446 2277 643 2342 participationem
658 2277 765 2343 essendi(
775 2282 801 2327 ut
813 2276 861 2328 sini

16 2364 17 2398 i
62 2349 343 2415 percelebrandum
356 2348 486 2414 perlecti),
503 2349 589 2400 oaumri
602 2350 629 2399 ab
645 2362 691 2399 uno
703 2348 778 2412 primo
789 2352 858 2412 ente,

62 2424 123 2487 quod
136 2420 301 2486 perfectissime
310 2424 354 2472 est.
368 2422 431 2472 Unde
443 2426 468 2472 et
480 2423 544 2472 Plato
554 2421 589 2489 (s)
598 2420 655 2471 dixit
665 2418 725 2484 qudd
737 2436 751 2469 u
764 2432 859 2471 necem

96 2592 129 2655 (1)
145 2594 239 2641 scilicet
257 2599 340 2650 west.
355 2592 382 2651 a,
403 2598 447 2638 ort.
468 2592 494 2647 ἡ
515 2598 577 2639 utet
590 2593 613 2637 id
630 2592 692 2649 quod
709 2592 812 2649 sequitur
832 2603 861 2639 ex

64 2664 147 2715 quaest.
161 2656 200 2714 11,
212 2661 256 2701 art.
267 2654 315 2700 det
325 2655 350 2715 t,
361 2656 502 2711 desumitur,
511 2655 549 2701 ubi
561 2656 663 2713 queritur
671 2667 704 2700 oo
717 2655 781 2700 Deus
792 2665 860 2700 osus

63 2724 86 2765 et
95 2732 130 2765 sn
141 2719 251 2764 maxime
261 2729 336 2763 usur.

96 2796 127 2859 (Ξ)
140 2800 169 2843 lu
179 2798 270 2855 dialogo
280 2797 320 2853 qni
330 2797 487 2842 namuurum
499 2796 639 2841 inscribitur.
653 2794 774 2852 Appendix
783 2799 859 2839 antem

63 2874 167 2918 sequens
184 2859 349 2916 sqmvulencer
365 2859 479 2918 colligitur
492 2871 521 2904 es
531 2863 594 2905 testu
608 2859 635 2921 i,
649 2858 692 2904 lib.
706 2859 728 2905 11
742 2855 859 2917 haupt„

64 2924 115 2970 sire
128 2936 185 2981 cup.
200 2920 213 2969 1
217 2956 225 2983 ‚
237 2934 309 2981 prope
320 2920 398 2969 duem.
