1992 3342
143 179 189 228 ‘m
338 187 399 226 ems
413 187 436 234 r,
453 186 547 232 com.
559 186 628 234 neni,
645 185 700 226 nr.
713 183 740 224 v.

142 263 210 316 simul
222 261 327 326 inmidpit
339 261 445 327 quicquid
456 263 479 314 ei
491 262 583 314 ammai
595 265 684 328 potest,
694 262 732 312 vei
741 261 860 324 monteri
873 262 948 313 abeo.

143 336 207 388 Unde
222 334 369 398 intelligendo
382 333 451 400 qood
470 335 533 401 qnid
548 338 594 398 est,
609 333 718 398 intelligit
731 333 844 397 quicquid
857 347 905 384 nos
917 333 948 382 in

141 409 243 474 teiiipere
259 421 380 473 possumus
393 407 550 472 componendo
564 410 589 458 et
598 405 786 470 dividendo,por
796 419 876 456 unum
886 419 947 458 snum
990 434 992 439 ·

142 479 239 545 simplex
249 479 397 530 intellectum.

173 553 207 602 Ad
223 551 349 602 secundum
366 551 499 615 dicandum,
514 550 575 614 qnod
592 550 688 602 diverso
709 547 853 613 quidditetes
875 563 948 600 remn

143 621 218 674 minias
235 622 343 674 differunt
356 628 467 686 quantum
483 621 513 673 ad
531 621 643 673 rationem
658 620 788 680 existendi,
802 621 877 684 quim
891 621 948 670 affir-

143 694 211 746 matio
230 697 254 744 et
268 695 373 758 negati03
384 697 460 746 nmen
476 698 588 758 qmntnm
610 695 640 744 od
654 693 770 746 radonem
782 694 948 757 cognoscendi,

142 765 262 816 affirmatio
279 771 303 817 et
319 765 409 828 negatio
422 765 494 828 magis
509 766 667 828 conveniunt,
681 765 738 829 qnia
753 763 837 815 statim
855 778 899 829 per
911 766 949 813 noc

143 835 203 904 quod
225 837 371 902 cognoscitur
388 837 475 890 venitm
494 836 670 901 affirmationis,
690 834 841 900 mgnmcitm
865 835 949 886 falsius

143 907 272 972 negationis
292 909 410 974 opposite.

175 981 208 1030 dd
217 980 311 1032 tertium
320 980 447 1042 dicendum,
460 977 522 1046 qnod
530 981 575 1031 hoc
582 980 645 1045 qood
654 979 733 1044 angeli
742 979 874 1044 loquuntur
883 992 949 1031 enum

144 1051 250 1104 tiationes
264 1052 411 1104 affirmativas
426 1057 450 1104 et
463 1053 580 1116 negativas
598 1051 731 1102 manifestat
743 1051 809 1116 qudd
822 1052 905 1116 angeli
917 1064 949 1100 oo

144 1127 256 1188 gnoseunt
265 1124 452 1190 compositionem
467 1129 491 1176 et
504 1123 711 1188 divisionem3non
719 1127 800 1189 antem
812 1126 949 1188 cognoscam

144 1195 301 1260 componendo
315 1199 339 1248 et
354 1195 485 1262 dividendo,
505 1196 548 1248 scd
560 1193 692 1261 simpliciter
706 1197 876 1260 cognoscendo
888 1193 949 1260 qood

146 1267 267 1332 quidest.
314 1315 321 1328 ,

445 1357 603 1409 estimoniis
616 1357 644 1407 V.
755 1423 758 1427 ¹

246 1473 331 1518 Utrdcm
341 1474 368 1518 io
381 1465 505 1519 intellecto
513 1473 594 1530 oopett
600 1471 677 1530 pouit
686 1471 854 1529 mesotritos.

179 1591 213 1642 dd
229 1591 333 1656 quintum
346 1592 379 1643 sic
396 1592 527 1656 proceditur
537 1591 581 1658 (1).
594 1591 688 1642 Videtur
702 1590 764 1655 qnod
786 1591 813 1641 in
828 1591 946 1643 intellecto

148 1663 224 1726 angeli
237 1663 309 1727 possit
322 1677 371 1715 csse
385 1664 480 1716 falsitas.
495 1664 634 1715 Proterritas
644 1663 706 1714 enim
719 1663 750 1714 ad
762 1663 891 1715 falsitatem
901 1677 947 1728 per-

990 616 992 626 t

146 1735 214 1785 tinet.
234 1737 280 1786 Sed
296 1736 320 1785 im
336 1736 477 1788 demonibus
496 1739 532 1787 est
544 1736 684 1801 pdootosr'o
698 1737 836 1800 proteron,
858 1740 886 1786 nt
899 1733 948 1786 dicit
990 1740 991 1743 ’

147 1805 279 1872 Dionysius,
293 1807 331 1860 lv.
343 1821 394 1872 cap.
403 1807 502 1858 Dedio.
513 1807 616 1858 Nomio.
625 1807 685 1871 Ergo
694 1806 788 1857 ridetur
801 1806 868 1871 qnod
880 1807 905 1857 in
913 1819 949 1856 an
990 1873 992 1884 Ι

149 1878 251 1940 gaiorum
267 1877 385 1930 intellecto
396 1880 469 1944 possit
484 1892 534 1930 esse
549 1878 646 1930 falsitas.

180 1954 205 2001 t.
223 1951 347 2016 Praeterea,
361 1950 487 2004 nescientia
500 1955 536 2002 e'st
549 1963 617 2001 canon
633 1949 699 2000 telae
720 1949 892 2003 aestimationis.
909 1949 950 1999 Sed

150 2021 198 2072 oin
211 2021 296 2086 angelis
311 2028 387 2088 potest
403 2037 452 2075 csse
468 2022 595 2074 nescientia
602 2061 611 2088 ,
623 2040 636 2071 n
651 2025 677 2072 ot
687 2021 812 2088 iiioopsins
827 2023 898 2088 dicit,
911 2023 948 2071 Vl.

148 2095 293 2144 Emiesiost.
308 2096 432 2146 dternrcd.
450 2095 509 2159 Ergo
526 2095 618 2146 ridetur
635 2093 694 2160 qnod
713 2094 738 2145 in
758 2095 793 2146 eis
812 2097 889 2161 possit
905 2109 950 2148 esse

148 2165 243 2218 samias.
716 2186 720 2194 ·

183 2243 206 2291 t.
224 2241 349 2305 proteres,
362 2253 430 2291 omne
438 2239 500 2304 quod
511 2239 572 2291 cadit
586 2238 706 2290 ireritnte
719 2239 841 2303 sapientie
853 2245 879 2292 et
888 2241 951 2293 habet

149 2311 260 2362 rationem
282 2311 441 2378 depravatam,
460 2313 531 2362 habet
554 2311 675 2363 taionem
694 2313 732 2362 vei
751 2325 854 2364 errorem
872 2317 899 2364 in
915 2327 951 2364 sno

150 2381 276 2435 inteileotn.
295 2385 339 2435 Sed
353 2386 397 2436 hoc
411 2384 535 2450 dionysius
550 2383 604 2435 dicit
617 2385 646 2434 de
662 2384 817 2443 doemonibus,
834 2385 886 2436 vn.
902 2395 950 2450 inp.

152 2455 188 2503 De
198 2455 252 2505 dio.
265 2456 368 2506 Nomio.
387 2457 446 2521 Ergo
459 2457 552 2508 videtur
566 2454 626 2520 qnod
640 2455 665 2506 in
682 2453 801 2507 inteiiectn
819 2459 952 2522 angelornm

151 2526 223 2590 possit
233 2541 285 2578 esse
299 2528 397 2578 falsitas.

182 2599 226 2650 Sed
236 2603 327 2663 contra,
337 2599 564 2664 Philosophusdicit,
578 2601 615 2650 iil.
625 2600 663 2649 De
672 2601 776 2653 ocioso,
784 2599 848 2664 ondd
862 2618 878 2650 «
889 2601 954 2651 intet-

150 2671 223 2721 lectus
230 2683 318 2735 semper
327 2685 394 2722 veros
400 2677 443 2736 est3
450 2689 464 2718 n
470 2673 609 2736 Augustinus
618 2672 687 2724 etiam
694 2670 785 2722 dicitin
795 2673 951 2726 domitii]

186 2795 216 2857 (a)
239 2800 270 2842 os
284 2797 320 2842 nn
337 2801 407 2846 snam
421 2765 446 2846 sn
458 2803 498 2859 11,
511 2801 591 2852 seeo„
602 2801 658 2847 arc.
668 2800 720 2860 aa,
735 2814 776 2857 qn.
788 2801 821 2860 s,
836 2802 910 2848 aes
925 2800 950 2847 aa

152 2858 182 2912 ὃς
198 2865 222 2902 et
238 2871 278 2914 qn.
294 2859 322 2915 8,
338 2862 366 2906 do
380 2863 459 2921 verit,
473 2869 518 2914 art.
532 2863 580 2923 14,
593 2865 623 2911 ad
635 2864 667 2918 ὃς
683 2870 764 2922 stopo.
780 2863 828 2923 18,
840 2866 871 2912 de
884 2867 948 2922 mro,

156 2926 201 2965 art.
216 2919 244 2978 5,
260 2920 283 2964 in
297 2933 362 2978 corp.
833 2963 839 2972 .
