1992 3342
262 240 266 248 ,
303 204 335 241 ur
349 205 435 243 nuuruu
451 204 574 243 roruurru.
793 196 836 245 tut

70 274 156 330 deiude
168 280 226 331 iihro
237 280 292 331 vitu
299 317 308 344 ‚
321 284 397 344 potest
407 281 452 332 dici
464 282 524 347 qudd
536 282 571 333 ihi
584 282 696 333 scribatur
711 284 738 334 de
758 298 818 335 nouo
830 300 836 334 ε

69 349 211 402 ueiucuudiuu
225 352 357 416 opinionem
374 354 507 416 homiuum,
526 354 563 404 uei
583 354 708 405 secuudirm
729 354 788 419 qudd
810 356 839 406 de

71 421 192 488 uuuuiucipit
202 425 289 475 hahere
304 424 406 475 ordinem
422 426 534 477 advitam
546 430 653 476 aeteruam
667 441 709 492 per
723 426 837 491 gratiam

67 493 183 553 quodetiam
200 497 244 547 suh
264 496 342 547 diviua
362 498 443 549 notitia
459 498 668 565 comprehenditur,
682 498 737 551 licet
750 513 796 550 hou
811 500 838 551 de

69 574 118 614 uero.

385 666 492 677 -ι--ι

304 799 448 869 hitherto
463 798 549 873 xxv,

141 951 174 998 De
185 950 278 998 dicimo
286 952 411 1009 poteote'o,
424 952 455 997 iu
466 965 510 997 tem
521 952 639 999 articulos
650 953 738 999 dicito.

86 1088 127 1140 roc
142 1092 348 1145 considerationem
362 1090 446 1143 diuiuae
461 1092 609 1157 praescieutiae
624 1097 648 1142 ει
661 1093 800 1157 voluntatis,
818 1097 842 1145 et

63 1171 123 1211 eurum
132 1179 178 1229 que
191 1165 223 1217 ad
233 1167 278 1215 hoc
291 1164 423 1229 pertinent,
438 1169 509 1216 restat
521 1164 710 1216 considerandum
724 1167 751 1216 de
765 1165 841 1217 diuina

58 1234 148 1293 uuida.

83 1306 169 1361 Etcircc
182 1313 230 1361 hoc
243 1313 376 1374 queruntur
388 1323 445 1360 ser:
459 1313 486 1359 1ο
497 1307 578 1361 Utrium
590 1308 615 1357 iu
630 1308 677 1359 Deo
690 1307 719 1358 sit
730 1308 842 1373 putentia.

60 1378 80 1421 2⁰
89 1378 158 1430 tuto
172 1384 228 1447 ejus
243 1381 347 1445 potentia
357 1381 387 1432 sit
399 1382 497 1434 infinita.
512 1386 537 1429 3⁰
552 1380 632 1432 Utrium
646 1381 675 1431 sit
689 1380 842 1445 omnipotens.

57 1451 75 1494 ¹³⁰
86 1452 157 1504 htrhu
171 1454 248 1519 possit
259 1454 335 1504 iacere
349 1453 410 1519 quhd
426 1468 453 1505 ea
465 1468 516 1519 quae
528 1457 580 1503 sunt
591 1452 721 1518 preterita,
734 1456 780 1502 uuu
794 1452 844 1502 sue·

56 1518 98 1570 riut.
116 1529 140 1573 5ιὶ
158 1527 244 1578 Utrdm
257 1527 318 1576 Deus
334 1526 407 1591 possit
423 1525 499 1577 iacere
513 1540 563 1589 quur
580 1539 626 1576 uun
644 1524 713 1588 iacit,
733 1524 770 1575 uel
787 1538 847 1588 prae·

53 1593 165 1711 {emittere
183 1612 241 1665 quae
259 1595 322 1649 facit.
339 1604 365 1648 (ιο
381 1596 463 1649 Utrum
476 1612 527 1662 que
544 1597 612 1663 fucit,
624 1597 697 1665 possit
711 1597 786 1649 iacere
799 1610 848 1649 me·

61 1677 107 1718 uum,

346 1752 503 1803 hii'i'lCULUS
519 1752 538 1802 Ι.

275 1867 362 1913 Utrctm
370 1868 398 1911 io
407 1869 458 1913 Deo
468 1867 500 1911 sit
509 1868 622 1925 poterutta.

70 1983 102 2034 id
112 1986 220 2051 primum
234 1985 269 2038 sic
281 1985 413 2051 proceditur
427 1984 469 2051 (t).
481 1985 576 2036 Videtur
589 1984 650 2049 qudd
662 1986 687 2036 iu
698 1987 745 2037 lieo
758 1998 805 2037 hou
819 1986 849 2036 sit

48 2058 146 2112 putentia.
159 2058 311 2109 sicutenim
323 2058 396 2122 prima
412 2057 509 2109 materia
519 2071 543 2108 se
554 2058 623 2107 hahet
635 2058 662 2108 ud
670 2057 847 2122 potentiamne

49 2124 97 2177 irus
108 2130 164 2196 (pui
178 2135 220 2181 est
237 2143 309 2193 agens
321 2128 436 2193 primum)
453 2143 478 2179 se
491 2130 561 2180 hahet
574 2130 603 2178 ad
623 2133 708 2179 ectum.
721 2130 765 2181 Sed
774 2129 847 2193 prima

46 2201 299 2266 uuteda‚secuudi1ur
312 2215 336 2251 se
355 2200 513 2263 consideratu,
537 2204 572 2251 est
593 2202 678 2265 ubsque
700 2200 762 2251 uurui
776 2205 846 2251 actu:

47 2284 91 2330 ugo
101 2287 174 2336 egeus
186 2273 294 2339 primum
305 2272 378 2337 (quod
389 2276 424 2322 εει
434 2270 508 2337 Deus)
518 2274 553 2325 est
565 2272 649 2336 ubsque
664 2272 726 2323 omni
736 2273 847 2337 potentie.

64 2344 85 2392 2.
100 2343 244 2407 Praeterea,
254 2342 380 2394 secuudhm
391 2342 555 2405 Philosophum
567 2342 592 2391 iu
605 2344 643 2402 VI,
659 2344 765 2408 metaph.
781 2344 848 2409 (text.

43 2414 92 2476 itt,
102 2435 116 2463 u
127 2417 247 2482 qualibet
258 2414 362 2479 potentia
376 2414 456 2464 melior
470 2418 505 2465 est
521 2414 572 2479 ejus
583 2417 646 2465 octus
662 2430 668 2464 ι
685 2431 699 2461 u
713 2430 767 2466 uum
778 2416 850 2468 formu

43 2486 158 2539 uetiorest
171 2487 254 2555 quhm
269 2486 365 2537 materia
383 2490 407 2536 et
424 2486 482 2536 actio
499 2484 568 2550 quim
586 2486 688 2551 potentia
708 2487 799 2551 activa,
817 2492 852 2539 cst

38 2558 90 2608 euim
106 2562 162 2612 huis
184 2560 256 2625 ejus.
272 2558 318 2608 Sed
333 2557 391 2607 nihii
409 2561 445 2607 εει
462 2558 545 2607 melius
563 2570 591 2608 eo
611 2559 670 2622 quod
688 2562 723 2609 εει
742 2558 767 2608 iu
789 2561 850 2625 De03

39 2630 83 2688 uuir
100 2632 224 2698 quicquid
242 2634 278 2681 est
291 2630 317 2679 in
334 2631 396 2693 Deo,
418 2630 536 2692 cethem,
556 2632 582 2679 ut
600 2642 668 2695 supra
682 2633 798 2683 ostensum
816 2636 851 2683 est

40 2701 83 2766 'W‘
99 2703 131 2772 3)·
146 2708 223 2771 Ergo
238 2702 303 2753 uuila
316 2701 420 2767 potentia
433 2704 468 2752 est
479 2700 506 2750 iu
518 2700 580 2751 Deo.-

66 2822 95 2884 {tt
108 2830 144 2874 lte
164 2827 211 2873 his
229 2822 306 2869 etium
319 2823 343 2882 1,
359 2822 438 2872 scot„
450 2822 505 2867 dict.
518 2820 565 2880 dh,
588 2828 669 2878 quaest.
685 2821 709 2881 1,
727 2828 771 2868 art.
789 2821 813 2875 t:
830 2828 854 2867 ει

37 2881 269 2941 conclamatur.
284 2888 309 2944 1,
324 2883 622 2945 cap.16;utet1ih,11‚
637 2898 689 2943 cup.
705 2884 854 2945 'i‚8,9;et

39 2961 113 3003 puaest.
125 2954 152 3015 1,
170 2955 207 3001 de
225 2954 336 3008 potent,
352 2953 396 2994 ert.
412 2947 436 2993 1.
