1992 3342
202 200 232 239 nn
247 201 358 239 uussrous
372 191 507 241 urimenus
522 202 688 243 rsusouuuuu.
793 195 839 245 ttb

51 280 185 329 monstraret
200 277 330 328 missionem
343 278 492 343 invisibilem,
504 292 549 331 nou
557 286 621 347 tuuc,
635 284 676 335 sed
690 283 714 334 iu
725 282 838 349 principio

51 364 96 401 sue
109 349 266 413 conceptionis
278 350 307 399 ad
319 363 371 400 euru
383 352 474 401 iactam.
482 355 551 403 Facta
563 358 639 404 autem
650 358 684 406 est
695 355 772 407 missio
784 356 839 406 risi·

51 419 102 470 bilis
118 419 148 470 ad
160 420 286 483 Christum,
295 421 320 470 iu
332 422 446 487 baptismo
461 423 552 487 quidem
568 426 610 475 sub
621 426 697 489 specie
714 428 839 489 columbe,

52 496 111 559 quod
127 497 163 544 est
175 492 259 543 animad
275 494 420 556 seecundum,
434 497 463 545 ud
475 496 638 547 ostendendum
651 498 675 548 iu
693 500 781 550 Christo
799 510 841 550 au·

53 565 183 616 lboritatem
201 560 300 614 donandi
316 564 409 628 gratiam
422 579 462 629 per
475 566 613 629 spiritualem
631 571 840 633 regenerationem

54 638 113 687 uude
128 652 173 687 vox
190 636 262 685 Patris
274 635 373 686 intonuit
391 637 478 686 :ultio
492 641 527 687 est
538 638 608 689 iilius
622 654 687 691 meus
702 640 811 703 dilectus,
828 657 841 687 n
986 690 987 707 χ

12 733 13 738 =
54 710 114 759 uude
124 707 154 757 ud
162 703 333 757 similitudinem
341 707 461 772 unigeniti,
472 709 511 758 alii
523 715 726 772 regenerarentur:
737 712 761 761 iu
772 716 845 763 trans·
945 764 949 771 ,

55 780 189 843 figuratione
204 778 274 841 read,
290 780 332 829 sub
346 779 421 843 specie
440 780 507 831 nubis
524 782 616 845 lucide,
638 784 666 833 ad
683 785 845 834 ostendendam

56 852 225 902 exuberantiam
238 850 359 914 doctrine,
371 852 432 901 unde
446 850 529 901 dictum
544 856 579 903 est
598 869 603 902 ε
617 870 631 901 u
642 856 718 917 Ipsum
732 855 816 906 audite.
831 870 845 901 o

55 927 87 975 ltd
105 926 219 988 apostotos
230 928 320 984 aulem,
329 924 370 973 sub
383 924 459 987 specie
467 925 546 987 tlatrls,
557 926 585 975 ad
600 926 761 977 ostendendam
772 930 848 990 potes·

56 1001 127 1047 tatem
139 995 260 1047 ministerii
274 995 299 1045 iu
311 996 479 1059 dispensatione
499 997 708 1060 sacramentorumr
723 998 782 1048 uude
796 997 848 1047 dic-

55 1074 104 1119 tum
114 1072 150 1119 est
166 1068 215 1118 eis:
230 1085 243 1116 u
252 1069 352 1126 Quomm
361 1067 493 1119 remiseritis
502 1072 607 1131 peecata,
617 1068 762 1119 remittuntur
773 1069 805 1119 eis
816 1084 822 1117 z
833 1084 847 1115 u

56 1141 148 1203 sedlsub
158 1140 242 1203 linguis
251 1139 325 1201 igneis
328 1175 338 1202 ,
348 1140 378 1189 ud
390 1137 668 1191 ostendendumoldcium
682 1139 789 1190 doctrine
798 1140 847 1205 (l);

57 1214 119 1265 uude
130 1212 214 1263 dicitm
222 1210 281 1275 quod
294 1229 309 1258 «
317 1215 434 1275 creperuut
444 1211 506 1275 loqui
516 1210 584 1261 variis
594 1211 685 1273 tinguis.
696 1226 710 1257 n
722 1211 755 1261 ll
769 1214 850 1261 Patres

57 1290 136 1335 autern
156 1282 391 1345 reteris'z'testameuti
403 1282 481 1333 missio
498 1282 593 1333 visibilis
608 1282 704 1346 Spiritus
716 1282 790 1332 sancti
802 1282 851 1333 deri

58 1371 104 1408 uon
115 1355 206 1419 debuit,
218 1355 271 1418 quia
281 1354 344 1418 priris
354 1354 432 1404 debuit
440 1354 518 1419 perfici
530 1354 607 1404 missio
617 1353 712 1403 risibilis
722 1353 772 1403 bibi
783 1366 851 1417 quam

59 1429 158 1493 Spiritus
170 1426 256 1490 sancti,
270 1426 323 1475 cium
334 1425 432 1489 Spiritus
445 1428 538 1476 sauctus
553 1424 681 1475 manifestet
690 1423 783 1487 Filium,
795 1423 853 1475 sicut

60 1503 131 1553 bilius
147 1502 247 1549 Patrem.
261 1500 362 1548 Fuerunt
371 1503 448 1551 umen
460 1498 525 1547 iactae
537 1496 637 1547 risibiles
652 1496 804 1560 apparitiones
820 1496 854 1546 di-

60 1574 165 1623 riumum
172 1582 320 1636 personarum
330 1569 434 1619 Patribus
443 1566 684 1619 veterist'estameuti:
694 1566 852 1631 quapridem,

12 1645 13 1648 ’
62 1646 195 1695 missiones
204 1641 319 1691 visibiles
330 1640 375 1691 dici
387 1654 434 1691 uon
444 1643 552 1704 possuut3
566 1639 675 1703 quianon
686 1638 777 1689 luerunt
790 1640 855 1689 iactae

61 1718 92 1767 ad
103 1714 270 1777 designandum
283 1712 470 1762 iubebitutionem
482 1710 565 1761 divine
578 1724 680 1775 persone
693 1724 734 1775 per
744 1710 854 1773 gratiam,

61 1788 103 1839 sed
116 1789 147 1839 ad
161 1785 247 1849 aliquid
263 1784 324 1835 aliud
339 1784 547 1847 manifestandum,
564 1782 687 1833 secuudum
707 1780 856 1845 Augustiuum

67 1860 124 1923 (lib.
134 1860 170 1923 lt,
182 1858 215 1907 de
227 1859 304 1913 Tria..
319 1869 369 1920 cap.
384 1858 422 1905 lt.
433 1855 452 1920 t.

347 2004 579 2061 aurrconosuu.

103 2130 192 2176 verbm
201 2130 271 2173 uuile
279 2140 377 2185 persona
389 2128 472 2171 diuina
481 2125 601 2178 mittetur,
611 2122 658 2166 uisi
672 2121 702 2165 ub
717 2132 744 2165 ec
753 2118 825 2175 dapes

12 2227 13 2258 ,
330 2191 433 2249 procedit
448 2186 599 2233 mordaciter.

12 2309 13 2316 ἵ
99 2325 134 2375 lld
148 2326 255 2373 octauum
272 2318 304 2369 sio
318 2315 446 2381 proceditur
459 2313 501 2380 (Ξ).
513 2313 606 2363 Videtur
619 2308 678 2375 qubd
691 2308 753 2357 nulla
765 2319 861 2371 persona

67 2396 148 2448 diuina
161 2394 275 2454 mittatur,
290 2390 334 2439 nisi
350 2389 378 2439 ab
397 2401 424 2437 ea
441 2386 455 2436 d
470 2400 514 2450 qua
528 2382 629 2449 procedit
646 2378 789 2432 eternaliter.
805 2376 861 2437 Quia

105 2550 135 2614 (1)
155 2551 215 2597 Hine
237 2545 340 2611 (tyrillus
354 2541 573 2598 Hierosolymitanus
593 2536 686 2591 (letech.
707 2533 751 2593 17,
773 2534 863 2605 liuguus

71 2617 152 2673 igneas
168 2610 283 2669 capitibus
296 2608 457 2663 Apostolorum
470 2604 532 2649 velut
546 2613 645 2646 coronae
663 2598 777 2657 quosdam
787 2598 863 2655 spire·

72 2679 150 2723 tractes
160 2674 260 2721 insidere
270 2670 366 2722 ludere
376 2670 423 2714 sive
432 2665 567 2712 diedemate
575 2676 637 2709 novo
645 2660 790 2721 spiritantia
796 2661 862 2715 iuxta

72 2752 173 2797 graecum
183 2732 335 2802 διαδῂματα·
350 2732 410 2788 quod
425 2742 467 2786 per
482 2740 582 2772 coronas
598 2732 675 2771 tamen
688 2724 799 2780 interpres
812 2720 863 2764 red·

73 2814 116 2856 dit.

106 2871 139 2934 (dl
153 2876 188 2918 Ite
199 2870 236 2914 bis
250 2865 318 2912 etiam
330 2868 354 2923 1,
366 2865 443 2913 sios..
452 2862 506 2906 dlst.
517 2860 559 2919 15,
576 2872 616 2916 qu.
637 2858 664 2917 3,
679 2864 721 2903 art.
741 2855 753 2903 1
767 2860 791 2900 et
802 2853 828 2907 23
841 2856 865 2897 et

75 2942 159 2992 quaest.
171 2933 211 2991 1⁰,
222 2931 251 2977 de
264 2935 364 2987 potens,
381 2933 425 2973 art.
439 2925 464 2986 h,
474 2925 502 2970 ad
513 2923 535 2970 l.
