1992 3342
126 221 172 266 itt
317 228 378 265 ms
394 229 415 277 ι,
431 227 523 271 uum.
540 228 613 276 xnus,
631 228 686 264 nun.
704 229 732 264 ιι.

126 305 263 370 prietntihns
280 302 431 354 exterioribus
448 303 597 368 imponuntur
613 303 706 354 nonnius
720 303 749 353 ud
762 301 928 366 dguiloundus

126 375 237 428 merides
253 387 340 424 rernm.
358 374 423 426 Unde
444 375 576 439 hujusmodi
593 373 686 426 nomino
708 375 846 439 omnisque
865 379 927 427 uoci·

125 448 221 512 pinntur
238 444 329 511 proprid
346 458 388 510 pro
409 445 467 510 ipsis
484 446 591 498 essentiis
613 459 704 509 rernm,
721 446 750 496 nd
766 459 824 510 quus
839 446 928 511 signid-

125 518 210 568 onnthe
222 515 380 582 principaliter
387 520 441 568 mut
449 517 571 582 impositu
586 517 707 582 ehqnnndo
717 520 795 567 nutem
805 523 928 570 sumuntur

124 602 167 654 pro
180 587 373 652 proprietatibus,
387 587 495 653 iprihrrs
513 589 679 653 imponuntur,
691 591 715 638 et
727 589 772 638 hoo
782 588 862 639 minus
875 604 928 658 pro

123 659 175 726 prid
189 675 195 709 :
210 658 270 710 dont
285 662 351 722 putet
361 658 422 725 pndd
434 661 480 710 hoo
491 672 577 710 nomen
594 673 686 724 eorpus
698 658 831 724 impositum
847 665 887 712 est
903 663 928 712 ud

124 729 300 796 signilloundnnr
313 730 427 797 quoddam
444 743 518 794 penus
529 729 723 794 substantiarum,
738 745 767 782 ex
782 731 928 796 eo-qutdiu

124 801 160 852 eis
174 801 326 853 inveniuntur
337 805 385 854 tres
397 801 570 866 emensum
587 805 611 854 et
627 801 679 853 ideo
693 801 817 866 ahqnundo
833 805 930 867 ponitur

125 875 170 924 hoe
180 877 271 925 'nomen
280 888 374 940 eorpus
383 875 412 925 sd
425 872 589 937 ugnlhonndus
599 878 645 926 tres
656 873 831 938 dimensiones,
844 889 931 926 secun

125 944 180 995 dirnr
195 944 257 1010 qndd
270 959 362 1010 emper
373 944 466 1010 ponitur
478 943 567 1009 species
577 945 719 1010 quantitatis.

154 1017 194 1067 sio
207 1030 263 1080 erpo
275 1016 396 1068 dioendnm
409 1020 445 1068 est
454 1020 479 1068 et
488 1018 518 1068 de
530 1017 587 1068 ritu.
599 1019 657 1068 lium
669 1017 723 1068 rite
736 1029 823 1067 nomeu
833 1019 932 1068 sumitur

124 1102 155 1140 ex
166 1090 266 1153 quodum
280 1089 381 1140 erteriie
390 1088 511 1153 opponenti
526 1089 585 1140 einen
598 1103 657 1152 rem,
667 1089 727 1153 quod
740 1092 776 1139 est
789 1103 888 1140 monere
897 1104 933 1142 se-
967 1109 968 1142 ι

125 1162 270 1226 ipsum3non
280 1166 358 1212 tumen
370 1165 407 1212 eet
414 1161 546 1226 impositum
555 1163 599 1212 hoo
610 1162 729 1212 nomened
740 1162 785 1212 hoo
799 1162 932 1226 signilionn-
967 1149 968 1204 l

125 1234 191 1297 dnm,
203 1234 244 1285 md
254 1234 284 1284 ud
291 1233 465 1296 sigrritleendnm
475 1232 625 1283 mhstuntiom
636 1233 673 1284 eui
682 1232 792 1283 eonvenit
802 1235 931 1286 secundnm
967 1205 968 1288 i

124 1319 191 1356 snum
201 1309 307 1356 notorum
316 1317 409 1356 morere
421 1304 535 1368 seipsum,
548 1304 587 1354 vel
597 1317 665 1367 agere
676 1317 701 1354 se
712 1317 852 1370 quocunqne
862 1309 931 1357 nodo

125 1378 155 1430 ed
165 1377 322 1441 operationem
332 1373 375 1442 (l).
395 1375 424 1426 ht
436 1374 561 1426 seeundum
578 1377 622 1427 hoo
634 1377 731 1431 uivere.
745 1375 805 1426 nihil
819 1377 883 1428 eliud
897 1383 931 1428 est
967 1403 968 1414 ι

125 1449 194 1514 quim
205 1461 256 1500 esse
269 1447 295 1498 in
305 1448 346 1498 uh
356 1450 453 1510 nutnrs3
465 1451 489 1498 et
502 1446 550 1497 vitu
562 1447 675 1511 significet
686 1449 731 1498 hoo
745 1447 838 1512 ipsum,
853 1449 896 1501 sed
907 1449 931 1498 in

125 1521 250 1583 obstructo,
264 1520 323 1570 siout
337 1521 382 1569 hoo
394 1532 488 1582 nomen,
499 1533 599 1572 cursus,
611 1519 724 1583 significet
731 1517 808 1583 ipsum
824 1536 931 1570 currere

125 1591 151 1641 in
159 1592 280 1642 ahmruoto.
290 1591 354 1640 Unde
362 1593 448 1640 vivum
459 1604 507 1641 non
516 1593 552 1640 est
559 1591 708 1654 predicatum
719 1591 878 1656 residentum,
889 1594 931 1643 sod

125 1661 282 1713 snhstnntinle.
303 1662 442 1724 Quandoque
460 1666 538 1712 tumen
554 1663 609 1711 otiu
627 1661 725 1712 sumitur
743 1661 821 1712 minius
838 1663 934 1728 proprii

125 1746 168 1796 pro
175 1732 344 1796 operationibus
354 1732 418 1795 ritu,
429 1733 533 1797 lquhns
544 1745 628 1783 nomeu
638 1733 693 1784 vite
711 1733 851 1798 assumitur-3
870 1734 935 1785 siout

125 1803 181 1854 dicit
192 1800 346 1868 Philosophus
357 1818 419 1854 nono
434 1805 494 1854 Etlr.
504 1817 555 1869 onp.
568 1811 592 1867 9,
604 1803 663 1869 qndd
674 1806 760 1854 viuere
771 1804 935 1870 principaliter

126 1877 162 1924 eet
176 1873 276 1938 sentire,
289 1875 327 1926 uel
340 1875 477 1939 intelligere.
782 1881 785 1884 '

157 1945 191 1996 rid
204 1946 304 2012 primunr
321 1960 376 2010 ergo
393 1946 528 2011 dicendum,
546 1947 608 2012 qudd
623 1947 775 2010 Philosophus
791 1947 826 1998 ihi
844 1949 935 2012 nooipit

125 2019 210 2067 uivere
223 2031 264 2082 pro
278 2018 411 2083 operatione
428 2017 492 2068 vite.
511 2019 553 2068 Vel
566 2019 688 2069 dicendum
702 2019 737 2068 est
750 2017 835 2070 meliis
842 2056 850 2082 ‚
858 2019 936 2083 ·qudd

125 2090 219 2138 sentire
232 2092 257 2140 et
268 2089 411 2152 intelligere
423 2093 447 2140 et
459 2089 590 2152 hujusmodi
603 2089 738 2154 quandoque
751 2093 877 2140 sumuntur
891 2105 935 2155 pro

125 2159 262 2224 quibusdum
274 2161 458 2226 operationibus,
470 2161 606 2225 quandotpre
619 2165 696 2210 nutem
708 2173 750 2225 pro
762 2161 814 2224 ipsu
829 2175 884 2210 esse
897 2163 933 2214 sic

125 2232 271 2296 operantium
280 2249 287 2282 :
296 2233 380 2284 dieitur
392 2233 454 2283 enim
462 2242 524 2284 nono
534 2233 618 2284 Ethio.
630 2233 669 2296 (ut
680 2231 758 2296 sup),
773 2231 835 2296 qndd
843 2235 938 2284 uivere

126 2308 161 2355 est
174 2303 259 2355 sentire
270 2305 310 2354 rel
324 2305 476 2370 intelltpere,
487 2304 512 2355 id
525 2305 657 2356 esthabere
669 2308 774 2355 naturam
787 2305 817 2354 ad
826 2305 939 2356 sentien-

160 2440 191 2505 (1)
213 2443 273 2488 ilino
283 2444 378 2495 Geton„
389 2447 414 2503 1,
424 2457 486 2490 vers.
502 2443 532 2490 st
548 2461 554 2488 ι
570 2443 667 2490 creuere
681 2443 747 2488 lienes
763 2453 857 2488 omnem
875 2447 942 2489 aeri-

125 2518 190 2550 ιιιαιιι
210 2506 328 2551 otoeotem
348 2512 417 2565 otpoo
432 2507 582 2559 meotidem
597 2519 680 2564 nempe
701 2507 782 2562 quinto
802 2505 940 2552 creationis

126 2569 179 2627 dle,
193 2581 221 2613 eo
235 2568 345 2626 deinceps
355 2576 381 2614 nt
394 2571 489 2620 Gener„
501 2571 520 2626 1,
536 2570 613 2615 videre
625 2575 669 2614 est.
684 2571 729 2614 Gur
744 2573 822 2613 entem
837 2579 893 2614 non
909 2570 942 2616 de

125 2632 212 2688 pluntls
230 2630 298 2676 tertii
315 2632 352 2676 die
374 2632 436 2678 idem
452 2633 547 2691 dixerit,
564 2633 613 2688 ism
633 2631 737 2691 superins
754 2636 858 2676 notatum
879 2640 941 2688 est,

126 2694 181 2751 quin
202 2693 278 2739 minine
299 2695 327 2740 ed
350 2707 442 2740 sensnm
462 2695 580 2740 evidenter
603 2700 700 2752 uppuret
720 2693 769 2740 vite
791 2694 828 2740 vel
851 2701 943 2740 motus

125 2756 220 2813 plante.
235 2755 299 2802 Unde
311 2759 404 2814 liopses
414 2757 465 2801 ru'di
477 2757 563 2813 populo
575 2756 614 2814 qui
625 2756 718 2802 nonnisi
733 2755 855 2812 sensibilis
873 2767 946 2804 eon-

125 2819 223 2875 siderst,
241 2819 342 2877 seipsum
356 2820 546 2877 ueoommoduns,
561 2832 589 2866 eo
607 2819 714 2877 expresse
731 2819 820 2864 tnnthrn
840 2818 946 2875 ognie-

125 2882 187 2926 euuit
194 2894 247 2938 qno
258 2882 388 2929 adsensum
399 2888 514 2942 peterent,
526 2881 587 2928 sient
595 2883 633 2929 iliu
644 2893 695 2940 qum
706 2888 771 2928 motu
781 2885 944 2940 progressis-o

126 2950 255 2990 mouentur.
