<?xml version="1.0" encoding="UTF-8"?>
<!DOCTYPE html PUBLIC "-//W3C//DTD XHTML 1.0 Transitional//EN"
    "http://www.w3.org/TR/xhtml1/DTD/xhtml1-transitional.dtd">
<html xmlns="http://www.w3.org/1999/xhtml" xml:lang="en" lang="en">
 <head>
  <title>
</title>
<meta http-equiv="Content-Type" content="text/html;charset=utf-8" />
  <meta name='ocr-system' content='tesseract 3.04.00' />
  <meta name='ocr-capabilities' content='ocr_page ocr_carea ocr_par ocr_line ocrx_word'/>
</head>
<body>
  <div class='ocr_page' id='page_1' title='image "./summatheologica04nicogoog_0862.png"; bbox 0 0 1992 3342; ppageno 0'>
   <div class='ocr_carea' id='block_1_1' title="bbox 218 189 875 251">
    <p class='ocr_par' dir='ltr' id='par_1_1' title="bbox 218 189 875 251">
     <span class='ocr_line' id='line_1_1' title="bbox 218 189 875 251; baseline -0.002 -9"><span class='ocrx_word' id='word_1_1' title='bbox 218 206 248 242; x_wconf 83' lang='lat' dir='ltr'>on</span> <span class='ocrx_word' id='word_1_2' title='bbox 264 205 407 244; x_wconf 79' lang='lat' dir='ltr'>nncsnonnrr</span> <span class='ocrx_word' id='word_1_3' title='bbox 423 205 520 244; x_wconf 81' lang='lat' dir='ltr'>nnurnrs</span> <span class='ocrx_word' id='word_1_4' title='bbox 538 206 619 251; x_wconf 82' lang='lat' dir='ltr'>ouoao</span> <span class='ocrx_word' id='word_1_5' title='bbox 635 189 737 243; x_wconf 72' lang='lat' dir='ltr'>cnnrrn.</span> <span class='ocrx_word' id='word_1_6' title='bbox 829 190 875 242; x_wconf 80' lang='lat'>85&#39;9</span> 
     </span>
    </p>
   </div>
   <div class='ocr_carea' id='block_1_2' title="bbox 77 281 937 417">
    <p class='ocr_par' dir='ltr' id='par_1_2' title="bbox 77 281 937 417">
     <span class='ocr_line' id='line_1_2' title="bbox 111 281 875 345; baseline -0.003 -13"><span class='ocrx_word' id='word_1_7' title='bbox 111 283 146 332; x_wconf 74' lang='lat' dir='ltr'>bd</span> <span class='ocrx_word' id='word_1_8' title='bbox 155 283 279 332; x_wconf 77' lang='lat' dir='ltr'>secundum</span> <span class='ocrx_word' id='word_1_9' title='bbox 289 283 417 344; x_wconf 82' lang='lat' dir='ltr'>uisendum,</span> <span class='ocrx_word' id='word_1_10' title='bbox 428 281 487 345; x_wconf 87' lang='lat' dir='ltr'>qubd</span> <span class='ocrx_word' id='word_1_11' title='bbox 497 282 575 331; x_wconf 81' lang='lat' dir='ltr'>diuina</span> <span class='ocrx_word' id='word_1_12' title='bbox 586 282 684 332; x_wconf 86' lang='lat' dir='ltr'>intentio</span> <span class='ocrx_word' id='word_1_13' title='bbox 693 293 738 330; x_wconf 94' lang='lat' dir='ltr'>non</span> <span class='ocrx_word' id='word_1_14' title='bbox 746 281 875 344; x_wconf 81' lang='lat' dir='ltr'>frustratur,</span> 
     </span>
     <span class='ocr_line' id='line_1_3' title="bbox 77 352 937 417; baseline -0.002 -13"><span class='ocrx_word' id='word_1_15' title='bbox 77 367 124 404; x_wconf 86' lang='lat' dir='ltr'>neo</span> <span class='ocrx_word' id='word_1_16' title='bbox 138 353 163 402; x_wconf 90' lang='lat' dir='ltr'>in</span> <span class='ocrx_word' id='word_1_17' title='bbox 177 353 213 404; x_wconf 90' lang='lat' dir='ltr'>bis</span> <span class='ocrx_word' id='word_1_18' title='bbox 225 353 265 417; x_wconf 88' lang='lat' dir='ltr'>qni</span> <span class='ocrx_word' id='word_1_19' title='bbox 278 359 386 416; x_wconf 86' lang='lat' dir='ltr'>peccant,</span> <span class='ocrx_word' id='word_1_20' title='bbox 396 367 439 403; x_wconf 85' lang='lat' dir='ltr'>neo</span> <span class='ocrx_word' id='word_1_21' title='bbox 450 353 474 402; x_wconf 92' lang='lat' dir='ltr'>iu</span> <span class='ocrx_word' id='word_1_22' title='bbox 487 352 523 402; x_wconf 90' lang='lat' dir='ltr'>bis</span> <span class='ocrx_word' id='word_1_23' title='bbox 538 353 577 416; x_wconf 85' lang='lat' dir='ltr'>qui</span> <span class='ocrx_word' id='word_1_24' title='bbox 588 353 718 415; x_wconf 80' lang='lat' dir='ltr'>salvantur3</span> <span class='ocrx_word' id='word_1_25' title='bbox 731 356 876 415; x_wconf 83' lang='lat' dir='ltr'>utrorumque</span> <span class='ocrx_word' id='word_1_26' title='bbox 906 379 937 412; x_wconf 57' lang='lat' dir='ltr'>‚f</span> 
     </span>
    </p>
   </div>
   <div class='ocr_carea' id='block_1_3' title="bbox 4 423 875 488">
    <p class='ocr_par' dir='ltr' id='par_1_3' title="bbox 4 423 875 488">
     <span class='ocr_line' id='line_1_4' title="bbox 4 423 875 488; baseline -0.003 -13"><span class='ocrx_word' id='word_1_27' title='bbox 4 435 5 444; x_wconf 61' lang='lat'>¹</span> <span class='ocrx_word' id='word_1_28' title='bbox 78 425 143 475; x_wconf 86' lang='lat' dir='ltr'>enim</span> <span class='ocrx_word' id='word_1_29' title='bbox 158 429 264 474; x_wconf 84' lang='lat' dir='ltr'>eventum</span> <span class='ocrx_word' id='word_1_30' title='bbox 283 428 345 474; x_wconf 86' lang='lat' dir='ltr'>Dens</span> <span class='ocrx_word' id='word_1_31' title='bbox 361 423 539 488; x_wconf 74' lang='lat' dir='ltr'>praecognoscit,</span> <span class='ocrx_word' id='word_1_32' title='bbox 554 428 619 474; x_wconf 84' lang='lat' dir='ltr'>etex</span> <span class='ocrx_word' id='word_1_33' title='bbox 635 428 731 486; x_wconf 83' lang='lat' dir='ltr'>utroque</span> <span class='ocrx_word' id='word_1_34' title='bbox 750 423 819 472; x_wconf 90' lang='lat' dir='ltr'>babet</span> <span class='ocrx_word' id='word_1_35' title='bbox 830 424 875 485; x_wconf 78' lang='lat' dir='ltr'>glo-</span> 
     </span>
    </p>
   </div>
   <div class='ocr_carea' id='block_1_4' title="bbox 77 494 918 1058">
    <p class='ocr_par' dir='ltr' id='par_1_4' title="bbox 77 494 877 844">
     <span class='ocr_line' id='line_1_5' title="bbox 77 494 875 558; baseline -0.004 -12"><span class='ocrx_word' id='word_1_36' title='bbox 77 495 147 558; x_wconf 85' lang='lat' dir='ltr'>riam,</span> <span class='ocrx_word' id='word_1_37' title='bbox 158 497 211 545; x_wconf 85' lang='lat' dir='ltr'>dum</span> <span class='ocrx_word' id='word_1_38' title='bbox 220 497 263 546; x_wconf 88' lang='lat' dir='ltr'>bos</span> <span class='ocrx_word' id='word_1_39' title='bbox 271 509 299 546; x_wconf 81' lang='lat' dir='ltr'>ex</span> <span class='ocrx_word' id='word_1_40' title='bbox 312 510 352 545; x_wconf 81' lang='lat' dir='ltr'>sun</span> <span class='ocrx_word' id='word_1_41' title='bbox 361 494 462 545; x_wconf 87' lang='lat' dir='ltr'>bonitate</span> <span class='ocrx_word' id='word_1_42' title='bbox 473 494 544 544; x_wconf 84' lang='lat' dir='ltr'>salvet</span> <span class='ocrx_word' id='word_1_43' title='bbox 548 531 556 558; x_wconf 87' lang='lat'><em>‚</em></span> <span class='ocrx_word' id='word_1_44' title='bbox 564 495 615 545; x_wconf 88' lang='lat' dir='ltr'>ilios</span> <span class='ocrx_word' id='word_1_45' title='bbox 623 509 652 544; x_wconf 82' lang='lat' dir='ltr'>er</span> <span class='ocrx_word' id='word_1_46' title='bbox 660 507 701 545; x_wconf 85' lang='lat' dir='ltr'>sna</span> <span class='ocrx_word' id='word_1_47' title='bbox 706 494 794 558; x_wconf 87' lang='lat' dir='ltr'>justitia</span> <span class='ocrx_word' id='word_1_48' title='bbox 801 494 875 557; x_wconf 91' lang='lat' dir='ltr'>punit.</span> 
     </span>
     <span class='ocr_line' id='line_1_6' title="bbox 79 564 877 630; baseline -0.003 -14"><span class='ocrx_word' id='word_1_49' title='bbox 79 565 132 630; x_wconf 89' lang='lat' dir='ltr'>Ipsa</span> <span class='ocrx_word' id='word_1_50' title='bbox 142 567 196 618; x_wconf 81' lang='lat' dir='ltr'>verb</span> <span class='ocrx_word' id='word_1_51' title='bbox 206 571 307 616; x_wconf 79' lang='lat' dir='ltr'>creatum</span> <span class='ocrx_word' id='word_1_52' title='bbox 324 566 481 616; x_wconf 82' lang='lat' dir='ltr'>intellectualis</span> <span class='ocrx_word' id='word_1_53' title='bbox 495 567 548 616; x_wconf 90' lang='lat' dir='ltr'>dum</span> <span class='ocrx_word' id='word_1_54' title='bbox 561 569 654 630; x_wconf 86' lang='lat' dir='ltr'>peccat,</span> <span class='ocrx_word' id='word_1_55' title='bbox 667 565 680 615; x_wconf 77' lang='lat' dir='ltr'>a</span> <span class='ocrx_word' id='word_1_56' title='bbox 691 565 734 615; x_wconf 85' lang='lat' dir='ltr'>fine</span> <span class='ocrx_word' id='word_1_57' title='bbox 748 564 824 614; x_wconf 90' lang='lat' dir='ltr'>debito</span> <span class='ocrx_word' id='word_1_58' title='bbox 837 566 877 614; x_wconf 86' lang='lat' dir='ltr'>de-</span> 
     </span>
     <span class='ocr_line' id='line_1_7' title="bbox 80 636 875 701; baseline -0.003 -14"><span class='ocrx_word' id='word_1_59' title='bbox 80 637 128 690; x_wconf 80' lang='lat' dir='ltr'>buit</span> <span class='ocrx_word' id='word_1_60' title='bbox 136 675 145 700; x_wconf 89' lang='lat'><em>,</em></span> <span class='ocrx_word' id='word_1_61' title='bbox 154 651 197 689; x_wconf 85' lang='lat' dir='ltr'>uuo</span> <span class='ocrx_word' id='word_1_62' title='bbox 210 639 253 688; x_wconf 85' lang='lat' dir='ltr'>boo</span> <span class='ocrx_word' id='word_1_63' title='bbox 261 642 296 688; x_wconf 86' lang='lat' dir='ltr'>est</span> <span class='ocrx_word' id='word_1_64' title='bbox 305 638 467 692; x_wconf 81' lang='lat' dir='ltr'>inconveniens</span> <span class='ocrx_word' id='word_1_65' title='bbox 476 639 500 686; x_wconf 95' lang='lat' dir='ltr'>in</span> <span class='ocrx_word' id='word_1_66' title='bbox 511 651 651 701; x_wconf 82' lang='lat' dir='ltr'>quacumque</span> <span class='ocrx_word' id='word_1_67' title='bbox 659 639 761 686; x_wconf 87' lang='lat' dir='ltr'>creatura</span> <span class='ocrx_word' id='word_1_68' title='bbox 767 636 875 685; x_wconf 82' lang='lat' dir='ltr'>sublimi:</span> 
     </span>
     <span class='ocr_line' id='line_1_8' title="bbox 80 707 877 771; baseline -0.001 -13"><span class='ocrx_word' id='word_1_69' title='bbox 80 708 114 758; x_wconf 85' lang='lat' dir='ltr'>sio</span> <span class='ocrx_word' id='word_1_70' title='bbox 127 709 189 758; x_wconf 90' lang='lat' dir='ltr'>enim</span> <span class='ocrx_word' id='word_1_71' title='bbox 202 713 304 759; x_wconf 84' lang='lat' dir='ltr'>ereatura</span> <span class='ocrx_word' id='word_1_72' title='bbox 314 709 474 759; x_wconf 79' lang='lat' dir='ltr'>intellectualis</span> <span class='ocrx_word' id='word_1_73' title='bbox 489 709 594 758; x_wconf 72' lang='lat' dir='ltr'>instituto</span> <span class='ocrx_word' id='word_1_74' title='bbox 607 712 644 758; x_wconf 85' lang='lat' dir='ltr'>ost</span> <span class='ocrx_word' id='word_1_75' title='bbox 656 707 669 757; x_wconf 78' lang='lat' dir='ltr'>a</span> <span class='ocrx_word' id='word_1_76' title='bbox 679 709 725 758; x_wconf 84' lang='lat' dir='ltr'>Deo</span> <span class='ocrx_word' id='word_1_77' title='bbox 731 744 739 771; x_wconf 91' lang='lat'><strong><em>,</em></strong></span> <span class='ocrx_word' id='word_1_78' title='bbox 750 711 775 756; x_wconf 92' lang='lat' dir='ltr'>ut</span> <span class='ocrx_word' id='word_1_79' title='bbox 788 707 812 755; x_wconf 91' lang='lat' dir='ltr'>in</span> <span class='ocrx_word' id='word_1_80' title='bbox 825 708 877 770; x_wconf 85' lang='lat' dir='ltr'>ejus</span> 
     </span>
     <span class='ocr_line' id='line_1_9' title="bbox 81 779 596 844; baseline 0 -16"><span class='ocrx_word' id='word_1_81' title='bbox 81 779 176 829; x_wconf 89' lang='lat' dir='ltr'>arbitrio</span> <span class='ocrx_word' id='word_1_82' title='bbox 186 780 285 843; x_wconf 87' lang='lat' dir='ltr'>positum</span> <span class='ocrx_word' id='word_1_83' title='bbox 301 782 331 830; x_wconf 92' lang='lat' dir='ltr'>sit</span> <span class='ocrx_word' id='word_1_84' title='bbox 340 793 407 844; x_wconf 80' lang='lat' dir='ltr'>agere</span> <span class='ocrx_word' id='word_1_85' title='bbox 420 784 511 844; x_wconf 89' lang='lat' dir='ltr'>propter</span> <span class='ocrx_word' id='word_1_86' title='bbox 519 779 596 829; x_wconf 89' lang='lat' dir='ltr'>iinem.</span> 
     </span>
    </p>

    <p class='ocr_par' dir='ltr' id='par_1_5' title="bbox 80 848 918 1058">
     <span class='ocr_line' id='line_1_10' title="bbox 114 848 918 920; baseline -0.001 -20"><span class='ocrx_word' id='word_1_87' title='bbox 114 850 148 900; x_wconf 76' lang='lat' dir='ltr'>bd</span> <span class='ocrx_word' id='word_1_88' title='bbox 171 851 264 900; x_wconf 87' lang='lat' dir='ltr'>tertium</span> <span class='ocrx_word' id='word_1_89' title='bbox 282 852 417 908; x_wconf 77' lang='lat' dir='ltr'>dicendum,</span> <span class='ocrx_word' id='word_1_90' title='bbox 434 851 494 914; x_wconf 81' lang='lat' dir='ltr'>quod</span> <span class='ocrx_word' id='word_1_91' title='bbox 514 854 692 913; x_wconf 82' lang='lat' dir='ltr'>quantacumque</span> <span class='ocrx_word' id='word_1_92' title='bbox 714 848 827 899; x_wconf 73' lang='lat' dir='ltr'>inclinatio</span> <span class='ocrx_word' id='word_1_93' title='bbox 849 851 877 899; x_wconf 90' lang='lat' dir='ltr'>ad</span> <span class='ocrx_word' id='word_1_94' title='bbox 908 899 918 920; x_wconf 48' lang='lat' dir='ltr'>s</span> 
     </span>
     <span class='ocr_line' id='line_1_11' title="bbox 80 911 909 986; baseline 0.001 -16"><span class='ocrx_word' id='word_1_95' title='bbox 80 919 166 971; x_wconf 90' lang='lat' dir='ltr'>bonum</span> <span class='ocrx_word' id='word_1_96' title='bbox 179 921 282 971; x_wconf 80' lang='lat' dir='ltr'>fueritin</span> <span class='ocrx_word' id='word_1_97' title='bbox 298 935 402 986; x_wconf 88' lang='lat' dir='ltr'>supremo</span> <span class='ocrx_word' id='word_1_98' title='bbox 416 923 509 984; x_wconf 75' lang='lat' dir='ltr'>angelo,</span> <span class='ocrx_word' id='word_1_99' title='bbox 524 926 601 970; x_wconf 88' lang='lat' dir='ltr'>tamen</span> <span class='ocrx_word' id='word_1_100' title='bbox 613 920 636 970; x_wconf 88' lang='lat' dir='ltr'>ei</span> <span class='ocrx_word' id='word_1_101' title='bbox 654 921 813 971; x_wconf 83' lang='lat' dir='ltr'>necessitatem</span> <span class='ocrx_word' id='word_1_102' title='bbox 831 935 876 971; x_wconf 91' lang='lat' dir='ltr'>non</span> <span class='ocrx_word' id='word_1_103' title='bbox 898 911 909 925; x_wconf 70' lang='grc'><strong>“</strong></span> 
     </span>
     <span class='ocr_line' id='line_1_12' title="bbox 81 991 875 1058; baseline 0 -18"><span class='ocrx_word' id='word_1_104' title='bbox 81 991 219 1055; x_wconf 80' lang='lat' dir='ltr'>iuduccbat3</span> <span class='ocrx_word' id='word_1_105' title='bbox 234 994 294 1043; x_wconf 82' lang='lat' dir='ltr'>undo</span> <span class='ocrx_word' id='word_1_106' title='bbox 307 993 381 1058; x_wconf 87' lang='lat' dir='ltr'>potuit</span> <span class='ocrx_word' id='word_1_107' title='bbox 391 1007 431 1057; x_wconf 86' lang='lat' dir='ltr'>per</span> <span class='ocrx_word' id='word_1_108' title='bbox 444 993 539 1042; x_wconf 86' lang='lat' dir='ltr'>liberum</span> <span class='ocrx_word' id='word_1_109' title='bbox 551 991 668 1042; x_wconf 80' lang='lat' dir='ltr'>arbitrium</span> <span class='ocrx_word' id='word_1_110' title='bbox 681 1003 731 1041; x_wconf 88' lang='lat' dir='ltr'>eam</span> <span class='ocrx_word' id='word_1_111' title='bbox 743 1005 789 1042; x_wconf 94' lang='lat' dir='ltr'>non</span> <span class='ocrx_word' id='word_1_112' title='bbox 802 991 875 1055; x_wconf 85' lang='lat' dir='ltr'>sequi.</span> 
     </span>
    </p>
   </div>
   <div class='ocr_carea' id='block_1_5' title="bbox 115 1144 851 1318">
    <p class='ocr_par' dir='ltr' id='par_1_6' title="bbox 115 1144 851 1318">
     <span class='ocr_line' id='line_1_13' title="bbox 368 1144 598 1196; baseline -0.009 -1"><span class='ocrx_word' id='word_1_113' title='bbox 368 1144 525 1196; x_wconf 78' lang='lat' dir='ltr'>nnuicbbus</span> <span class='ocrx_word' id='word_1_114' title='bbox 538 1145 598 1194; x_wconf 83' lang='lat' dir='ltr'><strong>VIII.</strong></span> 
     </span>
     <span class='ocr_line' id='line_1_14' title="bbox 115 1258 851 1318; baseline 0 -14"><span class='ocrx_word' id='word_1_115' title='bbox 115 1258 201 1314; x_wconf 68' lang='lat' dir='ltr'>Utrum</span> <span class='ocrx_word' id='word_1_116' title='bbox 206 1263 330 1316; x_wconf 79' lang='lat' dir='ltr'>peccatum</span> <span class='ocrx_word' id='word_1_117' title='bbox 338 1261 411 1316; x_wconf 73' lang='lat' dir='ltr'>priori</span> <span class='ocrx_word' id='word_1_118' title='bbox 419 1261 498 1318; x_wconf 70' lang='lat' dir='ltr'>nepeta·</span> <span class='ocrx_word' id='word_1_119' title='bbox 504 1261 581 1315; x_wconf 78' lang='lat' dir='ltr'>suerit</span> <span class='ocrx_word' id='word_1_120' title='bbox 590 1261 646 1305; x_wconf 78' lang='lat' dir='ltr'>alir&#39;s</span> <span class='ocrx_word' id='word_1_121' title='bbox 653 1273 725 1305; x_wconf 75' lang='lat' dir='ltr'>cansa</span> <span class='ocrx_word' id='word_1_122' title='bbox 733 1260 851 1317; x_wconf 78' lang='lat' dir='ltr'>peccandi.</span> 
     </span>
    </p>
   </div>
   <div class='ocr_carea' id='block_1_6' title="bbox 84 1377 882 1868">
    <p class='ocr_par' dir='ltr' id='par_1_7' title="bbox 84 1377 882 1712">
     <span class='ocr_line' id='line_1_15' title="bbox 116 1377 878 1443; baseline 0 -17"><span class='ocrx_word' id='word_1_123' title='bbox 116 1377 150 1426; x_wconf 76' lang='lat' dir='ltr'>Ad</span> <span class='ocrx_word' id='word_1_124' title='bbox 161 1381 266 1426; x_wconf 84' lang='lat' dir='ltr'>octavum</span> <span class='ocrx_word' id='word_1_125' title='bbox 277 1377 309 1428; x_wconf 88' lang='lat' dir='ltr'>sic</span> <span class='ocrx_word' id='word_1_126' title='bbox 319 1377 446 1442; x_wconf 74' lang='lat' dir='ltr'>proceditur</span> <span class='ocrx_word' id='word_1_127' title='bbox 456 1378 499 1442; x_wconf 77' lang='lat' dir='ltr'>(t).</span> <span class='ocrx_word' id='word_1_128' title='bbox 509 1377 670 1443; x_wconf 74' lang='lat' dir='ltr'>videturqubd</span> <span class='ocrx_word' id='word_1_129' title='bbox 683 1382 799 1441; x_wconf 84' lang='lat' dir='ltr'>peccatum</span> <span class='ocrx_word' id='word_1_130' title='bbox 811 1377 878 1442; x_wconf 87' lang='lat' dir='ltr'>primi</span> 
     </span>
     <span class='ocr_line' id='line_1_16' title="bbox 84 1447 881 1513; baseline -0.001 -16"><span class='ocrx_word' id='word_1_131' title='bbox 84 1447 159 1511; x_wconf 79' lang='lat' dir='ltr'>angeli</span> <span class='ocrx_word' id='word_1_132' title='bbox 169 1448 283 1512; x_wconf 79' lang='lat' dir='ltr'>peccantis</span> <span class='ocrx_word' id='word_1_133' title='bbox 294 1461 340 1498; x_wconf 92' lang='lat' dir='ltr'>non</span> <span class='ocrx_word' id='word_1_134' title='bbox 349 1448 392 1498; x_wconf 79' lang='lat' dir='ltr'>fuit</span> <span class='ocrx_word' id='word_1_135' title='bbox 402 1447 452 1498; x_wconf 88' lang='lat' dir='ltr'>aliis</span> <span class='ocrx_word' id='word_1_136' title='bbox 460 1463 528 1498; x_wconf 83' lang='lat' dir='ltr'>eausa</span> <span class='ocrx_word' id='word_1_137' title='bbox 536 1449 656 1512; x_wconf 86' lang='lat' dir='ltr'>peccandi.</span> <span class='ocrx_word' id='word_1_138' title='bbox 667 1450 740 1498; x_wconf 82' lang='lat' dir='ltr'>Causa</span> <span class='ocrx_word' id='word_1_139' title='bbox 751 1448 811 1498; x_wconf 86' lang='lat' dir='ltr'>enirn</span> <span class='ocrx_word' id='word_1_140' title='bbox 819 1448 881 1513; x_wconf 85' lang='lat' dir='ltr'>prior</span> 
     </span>
     <span class='ocr_line' id='line_1_17' title="bbox 84 1519 882 1584; baseline 0 -15"><span class='ocrx_word' id='word_1_141' title='bbox 84 1523 120 1569; x_wconf 89' lang='lat' dir='ltr'>est</span> <span class='ocrx_word' id='word_1_142' title='bbox 132 1522 236 1576; x_wconf 65' lang='lat' dir='ltr'>causator</span> <span class='ocrx_word' id='word_1_143' title='bbox 246 1520 286 1569; x_wconf 85' lang='lat' dir='ltr'>sed</span> <span class='ocrx_word' id='word_1_144' title='bbox 295 1533 374 1570; x_wconf 88' lang='lat' dir='ltr'>omnes</span> <span class='ocrx_word' id='word_1_145' title='bbox 380 1519 449 1568; x_wconf 90' lang='lat' dir='ltr'>simul</span> <span class='ocrx_word' id='word_1_146' title='bbox 459 1524 620 1584; x_wconf 80' lang='lat' dir='ltr'>peccaverunt,</span> <span class='ocrx_word' id='word_1_147' title='bbox 633 1525 658 1568; x_wconf 91' lang='lat' dir='ltr'>ut</span> <span class='ocrx_word' id='word_1_148' title='bbox 666 1521 817 1570; x_wconf 82' lang='lat' dir='ltr'>Damascenns</span> <span class='ocrx_word' id='word_1_149' title='bbox 827 1519 882 1570; x_wconf 84' lang='lat' dir='ltr'>dicit</span> 
     </span>
     <span class='ocr_line' id='line_1_18' title="bbox 86 1579 881 1655; baseline 0 -13"><span class='ocrx_word' id='word_1_150' title='bbox 86 1591 136 1654; x_wconf 81' lang='lat' dir='ltr'>(lib.</span> <span class='ocrx_word' id='word_1_151' title='bbox 151 1590 182 1651; x_wconf 81' lang='lat'>11,</span> <span class='ocrx_word' id='word_1_152' title='bbox 193 1603 243 1655; x_wconf 89' lang='lat' dir='ltr'>cap.</span> <span class='ocrx_word' id='word_1_153' title='bbox 256 1590 288 1655; x_wconf 82' lang='lat' dir='ltr'>t).</span> <span class='ocrx_word' id='word_1_154' title='bbox 302 1593 361 1655; x_wconf 83' lang='lat' dir='ltr'>Ergo</span> <span class='ocrx_word' id='word_1_155' title='bbox 372 1587 488 1655; x_wconf 80' lang='lat' dir='ltr'>pronatum</span> <span class='ocrx_word' id='word_1_156' title='bbox 500 1591 568 1641; x_wconf 91' lang='lat' dir='ltr'>nnius</span> <span class='ocrx_word' id='word_1_157' title='bbox 581 1604 626 1642; x_wconf 94' lang='lat' dir='ltr'>non</span> <span class='ocrx_word' id='word_1_158' title='bbox 637 1589 681 1640; x_wconf 83' lang='lat' dir='ltr'>suit</span> <span class='ocrx_word' id='word_1_159' title='bbox 692 1579 743 1641; x_wconf 83' lang='lat' dir='ltr'>aIiis</span> <span class='ocrx_word' id='word_1_160' title='bbox 752 1605 819 1642; x_wconf 87' lang='lat' dir='ltr'>eausa</span> <span class='ocrx_word' id='word_1_161' title='bbox 829 1605 881 1654; x_wconf 87' lang='lat' dir='ltr'>peo-</span> 
     </span>
     <span class='ocr_line' id='line_1_19' title="bbox 85 1663 161 1712; baseline -0.026 0"><span class='ocrx_word' id='word_1_162' title='bbox 85 1663 161 1712; x_wconf 84' lang='lat' dir='ltr'>candi.</span> 
     </span>
    </p>

    <p class='ocr_par' dir='ltr' id='par_1_8' title="bbox 86 1733 882 1868">
     <span class='ocr_line' id='line_1_20' title="bbox 117 1733 882 1798; baseline 0.001 -16"><span class='ocrx_word' id='word_1_163' title='bbox 117 1738 140 1782; x_wconf 77' lang='lat'>2.</span> <span class='ocrx_word' id='word_1_164' title='bbox 160 1735 283 1791; x_wconf 75' lang='lat' dir='ltr'>proterea,</span> <span class='ocrx_word' id='word_1_165' title='bbox 293 1733 390 1797; x_wconf 89' lang='lat' dir='ltr'>primum</span> <span class='ocrx_word' id='word_1_166' title='bbox 407 1738 525 1798; x_wconf 87' lang='lat' dir='ltr'>peceatum</span> <span class='ocrx_word' id='word_1_167' title='bbox 536 1733 611 1796; x_wconf 81' lang='lat' dir='ltr'>angeli</span> <span class='ocrx_word' id='word_1_168' title='bbox 627 1743 672 1784; x_wconf 91' lang='lat' dir='ltr'>non</span> <span class='ocrx_word' id='word_1_169' title='bbox 686 1737 760 1798; x_wconf 83' lang='lat' dir='ltr'>potest</span> <span class='ocrx_word' id='word_1_170' title='bbox 774 1747 825 1784; x_wconf 82' lang='lat' dir='ltr'>csse</span> <span class='ocrx_word' id='word_1_171' title='bbox 836 1733 882 1784; x_wconf 88' lang='lat' dir='ltr'>nisi</span> 
     </span>
     <span class='ocr_line' id='line_1_21' title="bbox 86 1803 879 1868; baseline -0.001 -13"><span class='ocrx_word' id='word_1_172' title='bbox 86 1805 233 1868; x_wconf 68' lang='lat' dir='ltr'>superbiant</span> <span class='ocrx_word' id='word_1_173' title='bbox 243 1817 309 1868; x_wconf 85' lang='lat' dir='ltr'>snpra</span> <span class='ocrx_word' id='word_1_174' title='bbox 317 1803 402 1854; x_wconf 81' lang='lat' dir='ltr'>dicium</span> <span class='ocrx_word' id='word_1_175' title='bbox 410 1809 452 1856; x_wconf 89' lang='lat' dir='ltr'>est.</span> <span class='ocrx_word' id='word_1_176' title='bbox 461 1805 506 1855; x_wconf 85' lang='lat' dir='ltr'>Sed</span> <span class='ocrx_word' id='word_1_177' title='bbox 515 1805 618 1868; x_wconf 80' lang='lat' dir='ltr'>superbia</span> <span class='ocrx_word' id='word_1_178' title='bbox 625 1805 782 1854; x_wconf 78' lang='lat' dir='ltr'>excellentiam</span> <span class='ocrx_word' id='word_1_179' title='bbox 791 1804 879 1868; x_wconf 63' lang='lat' dir='ltr'>querit</span> 
     </span>
    </p>
   </div>
   <div class='ocr_carea' id='block_1_7' title="bbox 5 1873 881 1940">
    <p class='ocr_par' dir='ltr' id='par_1_9' title="bbox 5 1873 881 1940">
     <span class='ocr_line' id='line_1_22' title="bbox 5 1873 881 1940; baseline 0 -14"><span class='ocrx_word' id='word_1_180' title='bbox 5 1873 6 1876; x_wconf 69' lang='grc'>’</span> <span class='ocrx_word' id='word_1_181' title='bbox 87 1875 158 1940; x_wconf 79' lang='lat' dir='ltr'>magis</span> <span class='ocrx_word' id='word_1_182' title='bbox 172 1879 247 1926; x_wconf 88' lang='lat' dir='ltr'>autem</span> <span class='ocrx_word' id='word_1_183' title='bbox 258 1876 397 1926; x_wconf 76' lang='lat' dir='ltr'>excellentiae</span> <span class='ocrx_word' id='word_1_184' title='bbox 409 1879 537 1940; x_wconf 72' lang='lat' dir='ltr'>repugnat,</span> <span class='ocrx_word' id='word_1_185' title='bbox 551 1874 610 1938; x_wconf 83' lang='lat' dir='ltr'>qubd</span> <span class='ocrx_word' id='word_1_186' title='bbox 625 1876 705 1939; x_wconf 86' lang='lat' dir='ltr'>aliquis</span> <span class='ocrx_word' id='word_1_187' title='bbox 716 1874 817 1926; x_wconf 81' lang='lat' dir='ltr'>inferiori</span> <span class='ocrx_word' id='word_1_188' title='bbox 830 1877 881 1926; x_wconf 91' lang='lat' dir='ltr'>sub·</span> 
     </span>
    </p>
   </div>
   <div class='ocr_carea' id='block_1_8' title="bbox 87 1944 886 2510">
    <p class='ocr_par' dir='ltr' id='par_1_10' title="bbox 87 1944 884 2367">
     <span class='ocr_line' id='line_1_23' title="bbox 87 1944 882 2011; baseline -0.001 -13"><span class='ocrx_word' id='word_1_189' title='bbox 87 1949 152 1998; x_wconf 88' lang='lat' dir='ltr'>datur</span> <span class='ocrx_word' id='word_1_190' title='bbox 163 1946 230 2011; x_wconf 79' lang='lat' dir='ltr'>quam</span> <span class='ocrx_word' id='word_1_191' title='bbox 246 1945 367 2011; x_wconf 81' lang='lat' dir='ltr'>superiori3</span> <span class='ocrx_word' id='word_1_192' title='bbox 381 1950 403 1997; x_wconf 88' lang='lat' dir='ltr'>et</span> <span class='ocrx_word' id='word_1_193' title='bbox 417 1947 450 1997; x_wconf 84' lang='lat' dir='ltr'>sio</span> <span class='ocrx_word' id='word_1_194' title='bbox 463 1961 509 1998; x_wconf 91' lang='lat' dir='ltr'>non</span> <span class='ocrx_word' id='word_1_195' title='bbox 523 1947 611 1996; x_wconf 86' lang='lat' dir='ltr'>videtur</span> <span class='ocrx_word' id='word_1_196' title='bbox 622 1947 682 2010; x_wconf 87' lang='lat' dir='ltr'>qubd</span> <span class='ocrx_word' id='word_1_197' title='bbox 699 1944 815 1997; x_wconf 73' lang='lat' dir='ltr'>daemones</span> <span class='ocrx_word' id='word_1_198' title='bbox 828 1961 882 2010; x_wconf 89' lang='lat' dir='ltr'>peo-</span> 
     </span>
     <span class='ocr_line' id='line_1_24' title="bbox 88 2016 880 2082; baseline -0.001 -14"><span class='ocrx_word' id='word_1_199' title='bbox 88 2017 188 2068; x_wconf 85' lang='lat' dir='ltr'>oaveriot</span> <span class='ocrx_word' id='word_1_200' title='bbox 198 2029 238 2082; x_wconf 86' lang='lat' dir='ltr'>per</span> <span class='ocrx_word' id='word_1_201' title='bbox 248 2018 291 2066; x_wconf 90' lang='lat' dir='ltr'>boc</span> <span class='ocrx_word' id='word_1_202' title='bbox 302 2017 361 2080; x_wconf 88' lang='lat' dir='ltr'>qubd</span> <span class='ocrx_word' id='word_1_203' title='bbox 375 2018 493 2068; x_wconf 84' lang='lat' dir='ltr'>uoluerunt</span> <span class='ocrx_word' id='word_1_204' title='bbox 505 2016 596 2068; x_wconf 81' lang='lat' dir='ltr'>subesse</span> <span class='ocrx_word' id='word_1_205' title='bbox 606 2017 674 2067; x_wconf 86' lang='lat' dir='ltr'>alieni</span> <span class='ocrx_word' id='word_1_206' title='bbox 686 2017 826 2081; x_wconf 86' lang='lat' dir='ltr'>superiorum</span> <span class='ocrx_word' id='word_1_207' title='bbox 838 2032 880 2067; x_wconf 89' lang='lat' dir='ltr'>an-</span> 
     </span>
     <span class='ocr_line' id='line_1_25' title="bbox 88 2086 882 2153; baseline -0.001 -14"><span class='ocrx_word' id='word_1_208' title='bbox 88 2090 189 2152; x_wconf 79' lang='lat' dir='ltr'>gelorum</span> <span class='ocrx_word' id='word_1_209' title='bbox 203 2087 279 2151; x_wconf 80' lang='lat' dir='ltr'>potius</span> <span class='ocrx_word' id='word_1_210' title='bbox 293 2088 360 2152; x_wconf 82' lang='lat' dir='ltr'>quam</span> <span class='ocrx_word' id='word_1_211' title='bbox 372 2089 427 2138; x_wconf 83' lang='lat' dir='ltr'>beo.</span> <span class='ocrx_word' id='word_1_212' title='bbox 445 2088 482 2138; x_wconf 87' lang='lat' dir='ltr'>Sic</span> <span class='ocrx_word' id='word_1_213' title='bbox 501 2093 576 2138; x_wconf 89' lang='lat' dir='ltr'>nutem</span> <span class='ocrx_word' id='word_1_214' title='bbox 591 2093 709 2153; x_wconf 88' lang='lat' dir='ltr'>peccatum</span> <span class='ocrx_word' id='word_1_215' title='bbox 725 2086 793 2138; x_wconf 90' lang='lat' dir='ltr'>unius</span> <span class='ocrx_word' id='word_1_216' title='bbox 807 2089 882 2152; x_wconf 76' lang='lat' dir='ltr'>angeli</span> 
     </span>
     <span class='ocr_line' id='line_1_26' title="bbox 87 2159 884 2224; baseline 0.003 -14"><span class='ocrx_word' id='word_1_217' title='bbox 87 2161 167 2210; x_wconf 86' lang='lat' dir='ltr'>fuisset</span> <span class='ocrx_word' id='word_1_218' title='bbox 181 2159 232 2210; x_wconf 89' lang='lat' dir='ltr'>aliis</span> <span class='ocrx_word' id='word_1_219' title='bbox 250 2172 318 2209; x_wconf 81' lang='lat' dir='ltr'>cansa</span> <span class='ocrx_word' id='word_1_220' title='bbox 334 2159 456 2224; x_wconf 80' lang='lat' dir='ltr'>peccandi,</span> <span class='ocrx_word' id='word_1_221' title='bbox 473 2159 492 2210; x_wconf 95' lang='lat' dir='ltr'>si</span> <span class='ocrx_word' id='word_1_222' title='bbox 506 2173 544 2210; x_wconf 91' lang='lat' dir='ltr'>eos</span> <span class='ocrx_word' id='word_1_223' title='bbox 557 2160 586 2210; x_wconf 91' lang='lat' dir='ltr'>ad</span> <span class='ocrx_word' id='word_1_224' title='bbox 602 2161 645 2210; x_wconf 89' lang='lat' dir='ltr'>boc</span> <span class='ocrx_word' id='word_1_225' title='bbox 659 2159 784 2213; x_wconf 82' lang='lat' dir='ltr'>induxisset</span> <span class='ocrx_word' id='word_1_226' title='bbox 799 2163 824 2209; x_wconf 89' lang='lat' dir='ltr'>ut</span> <span class='ocrx_word' id='word_1_227' title='bbox 839 2160 884 2212; x_wconf 90' lang='lat' dir='ltr'>sibi</span> 
     </span>
     <span class='ocr_line' id='line_1_27' title="bbox 88 2229 884 2297; baseline 0 -16"><span class='ocrx_word' id='word_1_228' title='bbox 88 2231 253 2296; x_wconf 83' lang='lat' dir='ltr'>subjicerentur</span> <span class='ocrx_word' id='word_1_229' title='bbox 269 2246 274 2280; x_wconf 94' lang='lat'>:</span> <span class='ocrx_word' id='word_1_230' title='bbox 289 2245 333 2281; x_wconf 91' lang='lat' dir='ltr'>nou</span> <span class='ocrx_word' id='word_1_231' title='bbox 347 2244 400 2294; x_wconf 84' lang='lat' dir='ltr'>ergo</span> <span class='ocrx_word' id='word_1_232' title='bbox 413 2231 503 2281; x_wconf 82' lang='lat' dir='ltr'>uidetur</span> <span class='ocrx_word' id='word_1_233' title='bbox 518 2232 577 2295; x_wconf 88' lang='lat' dir='ltr'>qubd</span> <span class='ocrx_word' id='word_1_234' title='bbox 592 2237 709 2297; x_wconf 82' lang='lat' dir='ltr'>peecatum</span> <span class='ocrx_word' id='word_1_235' title='bbox 723 2229 792 2294; x_wconf 88' lang='lat' dir='ltr'>primi</span> <span class='ocrx_word' id='word_1_236' title='bbox 810 2233 884 2296; x_wconf 81' lang='lat' dir='ltr'>angeli</span> 
     </span>
     <span class='ocr_line' id='line_1_28' title="bbox 88 2300 603 2367; baseline -0.004 -15"><span class='ocrx_word' id='word_1_237' title='bbox 88 2303 157 2352; x_wconf 85' lang='lat' dir='ltr'>fuerit</span> <span class='ocrx_word' id='word_1_238' title='bbox 174 2313 242 2352; x_wconf 86' lang='lat' dir='ltr'>causa</span> <span class='ocrx_word' id='word_1_239' title='bbox 258 2302 368 2367; x_wconf 85' lang='lat' dir='ltr'>peccandi</span> <span class='ocrx_word' id='word_1_240' title='bbox 378 2301 437 2352; x_wconf 88' lang='lat' dir='ltr'>aliis.</span> <span class='ocrx_word' id='word_1_241' title='bbox 601 2300 603 2303; x_wconf 80' lang='grc'><strong>’</strong></span> 
     </span>
    </p>

    <p class='ocr_par' dir='ltr' id='par_1_11' title="bbox 89 2371 886 2510">
     <span class='ocr_line' id='line_1_29' title="bbox 121 2371 885 2437; baseline 0.001 -15"><span class='ocrx_word' id='word_1_242' title='bbox 121 2378 143 2422; x_wconf 80' lang='grc'>3.</span> <span class='ocrx_word' id='word_1_243' title='bbox 160 2375 282 2434; x_wconf 74' lang='lat' dir='ltr'>Proterea,</span> <span class='ocrx_word' id='word_1_244' title='bbox 296 2373 370 2436; x_wconf 85' lang='lat' dir='ltr'>majus</span> <span class='ocrx_word' id='word_1_245' title='bbox 384 2379 501 2437; x_wconf 83' lang='lat' dir='ltr'>peecatum</span> <span class='ocrx_word' id='word_1_246' title='bbox 516 2379 552 2424; x_wconf 87' lang='lat' dir='ltr'>est</span> <span class='ocrx_word' id='word_1_247' title='bbox 564 2374 622 2424; x_wconf 85' lang='lat' dir='ltr'>velie</span> <span class='ocrx_word' id='word_1_248' title='bbox 632 2371 723 2424; x_wconf 85' lang='lat' dir='ltr'>subesse</span> <span class='ocrx_word' id='word_1_249' title='bbox 732 2373 796 2422; x_wconf 85' lang='lat' dir='ltr'>alteri</span> <span class='ocrx_word' id='word_1_250' title='bbox 808 2378 885 2424; x_wconf 82' lang='lat' dir='ltr'>contra</span> 
     </span>
     <span class='ocr_line' id='line_1_30' title="bbox 89 2443 886 2510; baseline -0.001 -14"><span class='ocrx_word' id='word_1_251' title='bbox 89 2445 159 2496; x_wconf 82' lang='lat' dir='ltr'>Deum</span> <span class='ocrx_word' id='word_1_252' title='bbox 167 2446 232 2508; x_wconf 82' lang='lat' dir='ltr'>qu&#39;am</span> <span class='ocrx_word' id='word_1_253' title='bbox 243 2449 320 2496; x_wconf 82' lang='lat' dir='ltr'>contra</span> <span class='ocrx_word' id='word_1_254' title='bbox 329 2448 404 2496; x_wconf 87' lang='lat' dir='ltr'>Deum</span> <span class='ocrx_word' id='word_1_255' title='bbox 411 2447 476 2496; x_wconf 86' lang='lat' dir='ltr'>alteri</span> <span class='ocrx_word' id='word_1_256' title='bbox 484 2446 543 2496; x_wconf 86' lang='lat' dir='ltr'>velle</span> <span class='ocrx_word' id='word_1_257' title='bbox 552 2459 660 2510; x_wconf 78' lang='lat' dir='ltr'>preesse,</span> <span class='ocrx_word' id='word_1_258' title='bbox 669 2446 721 2508; x_wconf 79' lang='lat' dir='ltr'>puin</span> <span class='ocrx_word' id='word_1_259' title='bbox 731 2443 807 2494; x_wconf 81' lang='lat' dir='ltr'>minus</span> <span class='ocrx_word' id='word_1_260' title='bbox 818 2446 886 2495; x_wconf 89' lang='lat' dir='ltr'>babet</span> 
     </span>
    </p>
   </div>
   <div class='ocr_carea' id='block_1_9' title="bbox 4 2515 886 2590">
    <p class='ocr_par' dir='ltr' id='par_1_12' title="bbox 4 2515 886 2590">
     <span class='ocr_line' id='line_1_31' title="bbox 4 2515 886 2590; baseline -0.006 -21"><span class='ocrx_word' id='word_1_261' title='bbox 4 2583 5 2590; x_wconf 8' lang='grc' dir='ltr'>ἵ</span> <span class='ocrx_word' id='word_1_262' title='bbox 90 2518 117 2568; x_wconf 83' lang='lat' dir='ltr'>du</span> <span class='ocrx_word' id='word_1_263' title='bbox 128 2515 211 2566; x_wconf 80' lang='lat' dir='ltr'>motivo</span> <span class='ocrx_word' id='word_1_264' title='bbox 230 2518 258 2566; x_wconf 91' lang='lat' dir='ltr'>ad</span> <span class='ocrx_word' id='word_1_265' title='bbox 271 2519 420 2580; x_wconf 85' lang='lat' dir='ltr'>peccandum.</span> <span class='ocrx_word' id='word_1_266' title='bbox 436 2517 460 2567; x_wconf 84' lang='lat' dir='ltr'>Si</span> <span class='ocrx_word' id='word_1_267' title='bbox 474 2530 528 2580; x_wconf 85' lang='lat' dir='ltr'>ergo</span> <span class='ocrx_word' id='word_1_268' title='bbox 545 2522 662 2582; x_wconf 82' lang='lat' dir='ltr'>peccatum</span> <span class='ocrx_word' id='word_1_269' title='bbox 672 2515 739 2580; x_wconf 88' lang='lat' dir='ltr'>pm&#39;mi</span> <span class='ocrx_word' id='word_1_270' title='bbox 755 2516 828 2578; x_wconf 79' lang='lat' dir='ltr'>angeli</span> <span class='ocrx_word' id='word_1_271' title='bbox 842 2515 886 2565; x_wconf 79' lang='lat' dir='ltr'>suit</span> 
     </span>
    </p>
   </div>
   <div class='ocr_carea' id='block_1_10' title="bbox 89 2588 884 2796">
    <p class='ocr_par' dir='ltr' id='par_1_13' title="bbox 89 2588 884 2796">
     <span class='ocr_line' id='line_1_32' title="bbox 90 2588 884 2653; baseline -0.006 -13"><span class='ocrx_word' id='word_1_272' title='bbox 90 2588 140 2640; x_wconf 80' lang='lat' dir='ltr'>aiiis</span> <span class='ocrx_word' id='word_1_273' title='bbox 153 2601 220 2638; x_wconf 85' lang='lat' dir='ltr'>causa</span> <span class='ocrx_word' id='word_1_274' title='bbox 236 2589 344 2653; x_wconf 86' lang='lat' dir='ltr'>peccandi</span> <span class='ocrx_word' id='word_1_275' title='bbox 363 2588 386 2638; x_wconf 89' lang='lat' dir='ltr'>io</span> <span class='ocrx_word' id='word_1_276' title='bbox 405 2591 447 2639; x_wconf 86' lang='lat' dir='ltr'>boc</span> <span class='ocrx_word' id='word_1_277' title='bbox 461 2590 521 2653; x_wconf 87' lang='lat' dir='ltr'>qubd</span> <span class='ocrx_word' id='word_1_278' title='bbox 539 2603 591 2653; x_wconf 87' lang='lat' dir='ltr'>eos,</span> <span class='ocrx_word' id='word_1_279' title='bbox 607 2593 631 2639; x_wconf 89' lang='lat' dir='ltr'>ut</span> <span class='ocrx_word' id='word_1_280' title='bbox 648 2588 691 2639; x_wconf 87' lang='lat' dir='ltr'>sibi</span> <span class='ocrx_word' id='word_1_281' title='bbox 707 2588 884 2652; x_wconf 87' lang='lat' dir='ltr'>subjicerentur,</span> 
     </span>
     <span class='ocr_line' id='line_1_33' title="bbox 89 2659 883 2723; baseline 0 -15"><span class='ocrx_word' id='word_1_282' title='bbox 89 2659 190 2719; x_wconf 87' lang='lat' dir='ltr'>induxit,</span> <span class='ocrx_word' id='word_1_283' title='bbox 205 2659 295 2722; x_wconf 81' lang='lat' dir='ltr'>gravius</span> <span class='ocrx_word' id='word_1_284' title='bbox 308 2665 441 2723; x_wconf 85' lang='lat' dir='ltr'>peccassent</span> <span class='ocrx_word' id='word_1_285' title='bbox 453 2660 571 2710; x_wconf 80' lang='lat' dir='ltr'>inferiores</span> <span class='ocrx_word' id='word_1_286' title='bbox 582 2659 656 2723; x_wconf 84' lang='lat' dir='ltr'>angeli</span> <span class='ocrx_word' id='word_1_287' title='bbox 671 2659 739 2723; x_wconf 79' lang='lat' dir='ltr'>quam</span> <span class='ocrx_word' id='word_1_288' title='bbox 750 2671 883 2722; x_wconf 88' lang='lat' dir='ltr'>supremus;</span> 
     </span>
     <span class='ocr_line' id='line_1_34' title="bbox 90 2729 883 2796; baseline 0.001 -18"><span class='ocrx_word' id='word_1_289' title='bbox 90 2732 149 2794; x_wconf 82' lang='lat' dir='ltr'>quod</span> <span class='ocrx_word' id='word_1_290' title='bbox 163 2733 197 2780; x_wconf 90' lang='lat' dir='ltr'>est</span> <span class='ocrx_word' id='word_1_291' title='bbox 207 2733 285 2780; x_wconf 86' lang='lat' dir='ltr'>contra</span> <span class='ocrx_word' id='word_1_292' title='bbox 295 2731 355 2794; x_wconf 90' lang='lat' dir='ltr'>quod</span> <span class='ocrx_word' id='word_1_293' title='bbox 368 2745 436 2796; x_wconf 87' lang='lat' dir='ltr'>super</span> <span class='ocrx_word' id='word_1_294' title='bbox 448 2731 504 2780; x_wconf 87' lang='lat' dir='ltr'>iliud</span> <span class='ocrx_word' id='word_1_295' title='bbox 516 2731 610 2781; x_wconf 78' lang='lat' dir='ltr'>Psalm.</span> <span class='ocrx_word' id='word_1_296' title='bbox 624 2731 671 2781; x_wconf 80' lang='lat' dir='ltr'>Cili</span> <span class='ocrx_word' id='word_1_297' title='bbox 682 2747 690 2779; x_wconf 77' lang='lat' dir='ltr'>r</span> <span class='ocrx_word' id='word_1_298' title='bbox 707 2747 721 2778; x_wconf 80' lang='lat' dir='ltr'>o</span> <span class='ocrx_word' id='word_1_299' title='bbox 736 2731 811 2780; x_wconf 85' lang='lat' dir='ltr'>Draco</span> <span class='ocrx_word' id='word_1_300' title='bbox 824 2729 883 2787; x_wconf 83' lang='lat' dir='ltr'>iste,</span> 
     </span>
    </p>
   </div>
   <div class='ocr_carea' id='block_1_11' title="bbox 92 2847 883 2973">
    <p class='ocr_par' dir='ltr' id='par_1_14' title="bbox 92 2847 883 2973">
     <span class='ocr_line' id='line_1_35' title="bbox 125 2847 883 2914; baseline -0.001 -20"><span class='ocrx_word' id='word_1_301' title='bbox 125 2847 155 2910; x_wconf 82' lang='lat'>(1)</span> <span class='ocrx_word' id='word_1_302' title='bbox 170 2853 203 2896; x_wconf 84' lang='lat' dir='ltr'>ue</span> <span class='ocrx_word' id='word_1_303' title='bbox 221 2849 334 2898; x_wconf 83' lang='lat' dir='ltr'>bisetium</span> <span class='ocrx_word' id='word_1_304' title='bbox 351 2851 374 2896; x_wconf 92' lang='lat' dir='ltr'>in</span> <span class='ocrx_word' id='word_1_305' title='bbox 387 2854 418 2912; x_wconf 77' lang='grc' dir='ltr'>Π,</span> <span class='ocrx_word' id='word_1_306' title='bbox 432 2853 510 2902; x_wconf 75' lang='lat' dir='ltr'>sent„</span> <span class='ocrx_word' id='word_1_307' title='bbox 522 2852 575 2898; x_wconf 75' lang='lat' dir='ltr'>ubst.</span> <span class='ocrx_word' id='word_1_308' title='bbox 591 2851 619 2914; x_wconf 81' lang='grc' dir='ltr'>θ,</span> <span class='ocrx_word' id='word_1_309' title='bbox 636 2860 679 2900; x_wconf 84' lang='lat' dir='ltr'>art.</span> <span class='ocrx_word' id='word_1_310' title='bbox 695 2854 724 2914; x_wconf 72' lang='lat'>2,</span> <span class='ocrx_word' id='word_1_311' title='bbox 736 2859 760 2898; x_wconf 85' lang='lat' dir='ltr'>et</span> <span class='ocrx_word' id='word_1_312' title='bbox 776 2850 829 2895; x_wconf 80' lang='lat' dir='ltr'>dist.</span> <span class='ocrx_word' id='word_1_313' title='bbox 843 2849 883 2910; x_wconf 73' lang='grc'>36,</span> 
     </span>
     <span class='ocr_line' id='line_1_36' title="bbox 92 2912 868 2973; baseline 0.001 -16"><span class='ocrx_word' id='word_1_314' title='bbox 92 2912 115 2958; x_wconf 93' lang='lat' dir='ltr'>in</span> <span class='ocrx_word' id='word_1_315' title='bbox 128 2914 241 2973; x_wconf 69' lang='lat' dir='ltr'>Exponit.</span> <span class='ocrx_word' id='word_1_316' title='bbox 256 2913 307 2964; x_wconf 67' lang='lat' dir='ltr'>lit„</span> <span class='ocrx_word' id='word_1_317' title='bbox 321 2913 350 2962; x_wconf 83' lang='lat' dir='ltr'>ud</span> <span class='ocrx_word' id='word_1_318' title='bbox 362 2915 385 2958; x_wconf 71' lang='lat'>2.</span> <span class='ocrx_word' id='word_1_319' title='bbox 865 2936 868 2942; x_wconf 90' lang='lat'>·</span> 
     </span>
    </p>
   </div>
   <div class='ocr_carea' id='block_1_12' title="bbox 0 0 1019 3342">
    <p class='ocr_par' dir='ltr' id='par_1_15' title="bbox 0 0 1019 3342">
     <span class='ocr_line' id='line_1_37' title="bbox 0 0 1019 3342; baseline 0 0"><span class='ocrx_word' id='word_1_320' title='bbox 0 0 1019 3342; x_wconf 95' lang='lat' dir='ltr'> </span> 
     </span>
    </p>
   </div>
  </div>
 </body>
</html>
