1992 3342
347 280 379 322 bu
396 286 504 323 seruum
520 284 569 325 nst.
819 280 882 329 vtes
984 278 985 315 ἕ

80 359 188 423 uetapb.
210 361 283 425 (text.
301 361 364 425 ab),
378 360 439 423 qubd
461 362 545 425 aliquid
566 362 627 413 uliud
645 368 705 413 esset
720 366 783 414 aetus
796 370 819 414 el
832 379 883 430 per·
984 416 985 427 ,

81 433 148 483 lectio
159 431 296 482 substantie
306 432 389 482 diviuae
397 468 406 495 ,
417 434 445 482 ud
458 434 519 497 quod
529 446 554 485 sc
566 432 660 484 bubeoet
672 434 796 485 substantia
806 435 882 486 diuina

82 504 136 552 sicut
151 502 303 567 potentiani
319 506 409 565 aetum,
429 505 489 567 quod
502 508 537 554 est
555 505 646 555 omnino
664 505 810 569 impossibile.
826 508 883 557 Num

82 575 218 637 intempore
233 577 269 623 est
283 573 397 636 perfectio
411 578 435 623 et
450 579 513 625 uetus
529 575 730 641 intelligentium).
746 578 793 627 lloc
808 581 884 628 autem

82 645 175 708 qualiter
192 645 237 707 sit,
251 644 440 694 considerandum
458 649 500 695 est.
516 646 578 696 Sicut
593 647 654 696 enim
669 660 737 710 supra
754 648 884 699 dictumest
985 690 986 693 ,

82 717 135 779 (art.
149 715 184 779 Ξ),
194 715 489 777 intelligerenouestuetio
501 717 648 781 progrediens
659 719 686 769 au
702 718 785 784 aliquid
798 719 884 769 extrin-
985 724 986 755 l

81 801 173 849 mum,
189 786 232 836 sed
243 790 321 835 manet
335 787 360 835 in
375 792 497 851 operante,
511 788 569 840 sieut
586 792 648 839 uetus
659 794 682 843 et
695 790 805 854 perfectio
819 790 882 854 ejus,
985 808 986 813 ¹

82 863 146 921 prout
157 872 211 907 erse
224 861 261 909 est
270 858 383 921 perfectio
390 858 523 909 existentis:
535 860 595 911 sicut
603 861 664 911 euim
678 875 726 913 esse
740 862 884 927 consequitur

82 931 192 992 termam,
212 928 247 979 ita
266 930 404 992 iuteltipere
424 931 526 992 sequitur
543 931 644 993 speciem
666 930 839 996 intelligibilem.
858 934 885 983 ln

84 1002 127 1051 beo
143 1005 222 1050 autem
238 1004 334 1050 nonest
349 1000 422 1050 formu
433 1015 484 1064 quae
500 1002 530 1051 sit
545 1002 604 1051 aliud
623 1003 689 1066 quim
700 1018 766 1055 suum
779 1019 845 1065 sese,
860 1009 885 1057 ut

85 1084 151 1133 supra
161 1075 281 1122 ostensum
294 1076 338 1123 est.
353 1071 418 1123 Unde
430 1072 545 1137 cumipse
558 1074 657 1125 essentia
670 1074 699 1125 sit
714 1074 784 1125 etism
797 1076 886 1139 speeies

86 1141 239 1205 intelligibilis,
250 1145 278 1193 ut
286 1142 372 1192 (lictum
383 1146 431 1205 est,
443 1156 471 1193 ex
481 1144 618 1194 necessitate
629 1144 730 1208 sequitur
739 1145 799 1210 qubul
811 1146 885 1209 ipsum

88 1214 137 1275 ejus
152 1215 289 1278 intettiyere
302 1214 332 1263 sit
343 1214 394 1277 ejus
407 1215 506 1266 munbi
521 1219 545 1265 et
557 1216 607 1279 ejus
617 1230 677 1266 eure.
692 1218 720 1266 Et
737 1217 769 1267 sie
780 1222 842 1280 patet
857 1232 886 1269 eu

85 1286 187 1337 omnbus
203 1285 350 1350 premissis,
369 1285 429 1349 qubd
446 1287 532 1337 iubeo
552 1287 680 1337 intellectus
694 1288 840 1352 intellimus,
863 1294 887 1339 et

82 1358 105 1407 id
114 1358 175 1422 quod
187 1357 341 1419 intelligitur,
356 1361 381 1407 et
392 1358 480 1421 species
490 1358 654 1420 intelligibilis,
672 1361 695 1408 et
705 1358 780 1421 ipsum
796 1360 886 1409 intelli-

79 1445 146 1493 μανι,
160 1433 215 1480 sunt
228 1428 326 1480 omrriuo
339 1443 411 1480 unum
420 1433 445 1482 et
459 1428 529 1479 iden.
548 1430 612 1481 Unde
629 1432 693 1493 putet
708 1428 769 1491 qubd
784 1444 825 1493 per
844 1431 887 1480 hoc

80 1498 140 1564 quoi
158 1502 219 1551 bene
234 1499 320 1550 dicitu
337 1500 494 1563 intuitum,
510 1500 571 1549 nulla
585 1498 741 1564 multiplicitas
759 1499 851 1563 ponitur
863 1500 887 1549 in
969 1500 972 1507 '

82 1571 133 1633 ejus
141 1570 281 1621 substantio.

114 1642 263 1706 ltprimum
278 1655 335 1704 ergo
348 1641 483 1704 licendum,
497 1640 559 1705 qubul
572 1642 708 1703 totetllpere
724 1655 770 1693 nou
784 1646 818 1693 est
833 1654 888 1706 ope-

78 1713 137 1764 rub'o
148 1715 232 1764 exiens
253 1712 346 1776 abipso
359 1716 482 1779 operante,
496 1714 536 1763 seul
549 1726 644 1763 manens
660 1714 685 1763 in
698 1714 757 1777 ipso.

109 1787 144 1837 Ad
153 1777 285 1837 mundum
295 1784 433 1847 dicendum,
446 1783 507 1847 quod
517 1784 569 1835 obn
579 1785 714 1848 intelligitur
727 1785 782 1835 illud
799 1785 889 1834 inlelli-

79 1872 138 1919 yere
152 1858 217 1921 quod
233 1870 282 1905 uon
298 1859 332 1905 esi
350 1855 492 1917 subsistens,
513 1870 559 1906 non
572 1856 707 1918 intelligitur
722 1855 808 1918 aliquid
827 1869 890 1917 mug-

78 1942 147 1991 num,
161 1929 224 1979 sicut
236 1926 292 1977 cium
299 1927 452 1989 intelligimus
463 1926 601 1989 tutellipere
615 1930 724 1977 nostrum.
738 1928 765 1975 st
776 1926 828 1977 ideo
844 1940 889 1975 uon

76 2004 113 2051 est
124 2001 204 2051 simile
218 2000 248 2049 ule
261 1999 312 2061 ipso
324 1999 464 2059 iutellipere
473 1997 560 2060 (livino,
575 1998 634 2061 quuol
646 2001 680 2047 est
692 1996 826 2047 subsistens.
926 2038 933 2043 .

107 2074 139 2122 st
147 2087 193 2136 per
203 2073 250 2121 huc
260 2074 323 2134 putet
331 2070 451 2135 responsio
461 2069 490 2119 aul
501 2070 602 2119 tertium.
613 2070 669 2118 Nam
681 2068 822 2130 iutellipere
833 2068 890 2119 diui-

77 2160 135 2197 uum
141 2182 151 2208 ,
160 2144 227 2209 quod
240 2143 314 2193 estin
328 2141 405 2205 seipso
414 2141 549 2205 subsistens,
561 2146 596 2191 est
613 2139 649 2191 sui
662 2140 741 2203 ipsius,
756 2143 779 2189 et
790 2153 836 2191 non
850 2141 890 2190 uli-

75 2223 146 2283 cujus
157 2214 273 2277 ulterius,
287 2218 313 2264 ut
325 2214 359 2264 sic
371 2216 476 2276 oporteat
489 2213 612 2277 procedere
626 2212 650 2261 iu
663 2210 786 2263 infinitum.

110 2344 145 2407 [il
162 2347 221 2390 Non
231 2343 259 2387 iu
274 2341 365 2387 tenneli
378 2352 461 2397 sensu,
476 2340 517 2385 sed
530 2340 630 2385 identico
644 2340 740 2385 tuntum.
760 2340 824 2384 Unde
838 2340 890 2385 binc

75 2420 163 2456 eruere
178 2405 246 2463 queri
260 2404 365 2449 formalis
377 2403 436 2449 ratio
448 2403 591 2447 constituens
602 2402 744 2447 divinitatem
756 2402 785 2446 sit
796 2402 892 2447 uctuulis

75 2472 212 2517 intellectio
231 2467 367 2525 figmentum
381 2471 426 2510 est.
441 2464 535 2521 Alioqui
549 2466 577 2509 (le
591 2466 707 2510 voluntate
722 2464 782 2509 idem
794 2465 838 2508 (liei
852 2464 892 2508 de-

75 2536 146 2581 beret
156 2551 163 2585 ;
175 2533 233 2577 cuim
245 2529 318 2575 etium
329 2528 358 2573 tle
367 2528 407 2572 illa
420 2527 491 2584 dicut,
499 2523 503 2529 ’
511 2540 551 2583 qu.
564 2526 607 2582 le,
625 2528 648 2571 iu
661 2538 735 2585 corp,
757 2527 818 2583 quod
828 2528 892 2571 sieut

76 2611 125 2643 me
136 2597 187 2641 Dei
199 2596 237 2641 eut
247 2594 333 2650 iprum
351 2590 407 2647 egiss
416 2590 565 2647 rumesperc,
578 2590 615 2634 tto
625 2593 646 2633 et
659 2590 713 2646 ejus
722 2590 793 2634 uelle.
806 2591 840 2635 Ac
851 2600 891 2633 ux-

75 2660 183 2716 pressius
197 2656 231 2703 ud
244 2655 274 2713 8,
288 2654 351 2711 quod
365 2654 422 2697 elem
431 2652 544 2699 ooluotee
555 2653 601 2697 Dei
611 2653 644 2697 rit
657 2654 710 2709 eires
720 2652 833 2707 monuo,
845 2657 891 2695 stc.

76 2726 106 2768 Et
117 2730 166 2769 art.
182 2720 208 2779 6,
226 2719 256 2765 ud
267 2719 293 2774 2,
308 2716 371 2773 qubd
380 2717 489 2761 umectis
502 2716 546 2759 Dei
556 2720 589 2761 eet
600 2716 681 2771 iprum
690 2716 743 2771 ep'uue
756 2714 894 2770 itttctle'pere

77 2791 98 2829 rt
109 2786 184 2831 velle.
