1992 3342
332 255 365 294 ur
380 255 542 295 rrovmnurm
558 257 607 296 nur.
825 251 869 300 tal

71 330 168 394 stringit.
185 346 200 378 n
214 329 309 381 Videtur
324 345 379 394 ergo
392 331 453 395 quoa
471 333 615 396 providentia
629 335 791 388 necessitatem
805 339 873 393 rebus

76 403 167 465 prorius
180 404 292 466 imponat.

101 476 145 524 Sed
156 480 239 526 contra
249 479 294 537 est,
306 476 366 539 quod
377 475 432 526 dicit
442 477 562 542 Dionysius
570 477 599 526 IV
609 491 659 542 cap.
673 480 705 529 de
718 481 770 531 dtu.
785 485 871 550 Nom„

75 546 128 608 quod
142 560 317 610 «corrumpere
336 552 441 598 naturam
458 552 556 599 nonest
573 549 656 600 divinae
681 553 838 615 providentie.
858 571 872 602 »
968 595 969 610 ,

76 617 116 667 lloe
130 623 212 669 antem
230 620 302 670 habet
314 619 455 682 pnmnndam
467 633 543 668 rerum
554 624 635 672 natura
650 622 709 685 quod
723 623 768 674 sint
784 626 874 676 contin·
968 623 969 632 ’

76 690 146 748 gentia
161 707 168 740 ε
183 703 232 741 non
244 691 316 754 igitur
329 690 407 740 divina
420 690 564 754 providentia
578 695 737 744 necessitatem
750 697 818 748 rebus
830 699 874 748 inr-
968 705 969 734 l

76 761 147 825 ponit,
160 761 344 825 contingentiam
357 762 487 812 excludens.

103 832 298 896 (Concnusuo.-
309 833 366 884 Cium
379 830 408 883 ad
421 831 522 885 divinam
537 833 704 898 providentiam
717 840 809 900 propter
822 839 874 888 uni·
968 865 969 868 ¹

75 905 129 954 versi
140 904 311 969 perfectionem
323 908 571 969 spectet'quoseunque
585 907 675 956 essendi
688 909 769 970 gradus
781 909 806 958 in
823 909 873 974 ipso
968 919 969 970 ς

75 978 209 1040 producere,
230 989 278 1026 nnn
298 973 402 1028 omnibus
425 977 492 1026 rebus
514 975 527 1026 d
550 989 574 1027 se
594 975 691 1041 provisis
714 980 874 1032 necessitatem
968 1035 969 1040 χ

74 1042 180 1110 imponit,
201 1049 243 1098 sed
264 1047 413 1111 quibusdam,
434 1048 516 1110 quibus
536 1049 672 1111 preparavit
692 1063 773 1100 causas
794 1064 875 1102 neces
968 1105 969 1112 χ

74 1119 167 1182 uum.)
968 1157 969 1166 ,

101 1190 236 1256 Respondeo
253 1190 391 1252 dicendum,
406 1189 465 1252 quod
479 1187 623 1253 providentia
638 1188 714 1241 divina
737 1189 871 1254 quibusdam
968 1217 969 1224 κ

71 1259 134 1312 reim
150 1261 316 1313 necessitatem
329 1261 442 1324 imponit,
456 1267 507 1311 non‘
516 1265 592 1312 autem
606 1261 724 1324 omuibus,
741 1267 765 1312 ut
782 1261 872 1326 quidam

72 1332 223 1384 crediderunt.
239 1333 275 1381 lu
292 1331 459 1395 providentiam
477 1331 538 1381 enim
559 1332 659 1396 pertinet
676 1332 779 1382 ordinare
797 1334 875 1384 resin

74 1399 146 1453 tuem.
160 1405 218 1453 Post
234 1402 362 1452 bonitatem
380 1407 455 1452 autem
472 1400 572 1452 divinam
591 1403 701 1466 (quaeest
715 1403 766 1452 furis
779 1402 792 1452 t
805 1405 874 1454 robus

70 1473 201 1537 separatus)
208 1511 217 1536 ‚
232 1473 360 1537 principale
374 1474 460 1523 bonnm
472 1473 498 1523 in
509 1474 565 1537 ipsis
579 1476 645 1524 rebus
659 1473 759 1524 existens
774 1478 808 1524 est
822 1485 875 1538 per·
968 1537 969 1540 Ἴ

69 1540 136 1594 tectio
145 1545 251 1595 universi
262 1561 269 1607 3
281 1558 331 1608 qua
344 1545 436 1608 quidem
450 1558 496 1594 uon
513 1549 589 1608 esset,
602 1546 620 1596 si
634 1557 679 1595 non
697 1558 776 1596 omnes
794 1546 876 1606 gradun

68 1616 158 1665 meeum
167 1616 330 1665 invenirentur
343 1615 368 1664 in
380 1617 456 1666 rebus.
470 1617 535 1666 Unde
549 1618 577 1666 ad
591 1617 692 1667 divinam
707 1616 875 1680 providentiam

68 1686 168 1742 pertinet
185 1698 269 1737 omnes
288 1686 371 1748 gradum
383 1687 469 1736 entium
485 1688 617 1749 producere.
634 1689 662 1738 Et
675 1689 726 1738 ideo
741 1688 876 1751 quibusdam

68 1754 189 1808 effectibus
201 1757 341 1822 preparavit
361 1770 442 1806 causas
457 1757 610 1821 necessarias,
631 1761 656 1808 ut
674 1757 800 1809 necessarid
823 1763 880 1812 evo

65 1824 158 1892 nitent,
170 1829 308 1892 quibusdam
318 1826 374 1877 verd
390 1841 469 1878 causas
484 1829 645 1890 contingentes
653 1832 678 1879 ut
689 1829 809 1880 evenirent
822 1843 877 1879 con-

65 1895 185 1961 tingenter
203 1898 331 1950 secundum
348 1899 503 1949 conditionem
516 1899 672 1962 proximarum
685 1913 812 1949 causamm.

94 1971 129 2020 Ad
152 1969 257 2034 primiun
274 1982 329 2032 ergo
349 1970 486 2032 dicendum,
508 1969 569 2032 quod
587 1969 683 2019 allectus
700 1969 783 2019 divine
801 1968 877 2032 provi·

63 2038 149 2092 dentiae
171 2054 221 2091 nnn
241 2038 314 2091 solium
334 2045 368 2091 est
388 2058 402 2088 a
423 2038 508 2102 aliquid
526 2040 618 2090 evenire
637 2051 771 2102 quocunque
792 2042 876 2105 modo,

63 2111 103 2159 sed
115 2111 210 2175 aliquid
225 2110 319 2161 evenire
332 2112 370 2160 vel
381 2111 547 2174 contingenter,
559 2108 810 2161 estrumentum
825 2110 877 2162 ideo

60 2183 141 2234 evenit
155 2181 314 2233 infallibiliter
326 2185 351 2233 et
363 2181 502 2244 necessario,
517 2183 575 2246 quud
590 2181 668 2232 divina
679 2177 821 2244 providentia
832 2182 877 2232 dis·

60 2254 127 2312 ponit
148 2253 252 2304 evenire
270 2252 422 2303 infallibiliter
443 2256 467 2302 et
486 2247 631 2314 necessarilt3
651 2255 675 2302 et
693 2252 770 2303 evenit
788 2252 877 2304 cuntiu-

61 2329 155 2389 genter,
175 2325 241 2388 qnod
256 2323 342 2374 divine
354 2323 503 2388 providentiae
520 2324 578 2374 ratio
595 2324 704 2374 habetat
719 2325 877 2388 contingenter

59 2397 168 2447 eveniat.
232 2417 240 2425 ·

90 2468 124 2516 ad
136 2467 275 2518 secundum
286 2465 416 2528 dicendum,
428 2464 489 2529 quod
499 2465 524 2514 in
533 2467 577 2516 hoc
587 2469 622 2516 est
629 2465 753 2516 immobilis
762 2471 787 2516 et
799 2472 876 2518 certus

58 2536 144 2590 divinae
161 2535 321 2603 providentiae
335 2536 405 2598 ordo,
421 2535 481 2599 quod
498 2547 527 2587 ea
542 2551 592 2600 quae
608 2537 636 2587 ab
650 2537 700 2600 ipso
712 2536 877 2600 providentur,

56 2613 141 2659 cuncta
156 2606 278 2660 eveniunt
291 2621 320 2658 eo
332 2608 400 2658 modo
413 2621 459 2670 quo
472 2608 521 2672 ipse
538 2607 654 2671 providet,
669 2608 719 2658 sive
733 2607 876 2672 necessario,

58 2680 106 2730 sive
121 2678 309 2738 contingenter.

87 2753 122 2803 ld
135 2750 245 2803 tertium
257 2748 396 2812 dicendum,
410 2748 670 2812 quod-indissolubilius
680 2747 719 2799 illa
733 2751 756 2799 et
769 2749 878 2799 immuta·

58 2824 135 2874 tilitas
148 2833 233 2887 qnam
251 2820 343 2869 Boetius
359 2820 447 2884 tangit,
462 2820 563 2885 pertinet
579 2819 607 2870 ad
623 2819 783 2870 certitudinem
803 2817 880 2883 provi·

59 2892 163 2960 dentiae,
191 2903 250 2954 qua
264 2903 312 2940 non
325 2889 401 2941 delicit
414 2889 428 2940 d
440 2905 482 2942 suo
495 2890 597 2954 cdeotu,
615 2903 690 2954 neque
708 2890 721 2940 i
739 2893 805 2942 modo
825 2901 879 2938 eve-

58 2971 137 3022 niendi
157 2977 242 3033 quem
263 2964 378 3029 providit3
399 2980 445 3017 non
462 2971 539 3016 autem
558 2965 657 3030 pertinet
677 2968 704 3017 ad
718 2964 879 3017 necessitatem
