1992 3342
149 159 195 206 eto
366 167 427 204 nnus
443 167 466 214 1,
479 161 572 209 conss.
588 161 635 213 ιι,
652 162 705 200 ιιι.
721 162 739 198 ι.

181 244 283 306 Rursus,
295 243 357 306 qnod
369 246 405 292 est
419 240 578 302 communius,
594 239 728 290 naturaliter
743 239 780 286 est
791 235 856 300 prins
872 231 937 298 ponde

150 320 177 365 et
196 314 328 364 intellectus
340 325 382 376 per
396 311 461 375 prius
476 311 548 361 habet
564 307 668 360 ordinem
680 309 709 359 ad
721 321 802 358 verum
817 319 942 358 communes

149 385 216 450 quim
226 385 256 435 ad
267 383 410 448 canicularis
422 383 527 446 quedam
542 395 605 432 uera.
620 381 679 430 Sunt
692 383 770 430 autem
783 377 879 441 quidam
894 383 945 427 actus

148 455 272 506 uoluntatis
284 457 308 504 et
321 451 437 518 appetitis
449 451 600 516 respicientes
612 450 698 502 bonum
711 450 754 500 sub
767 449 846 512 aliqua
863 447 944 513 speciali

148 525 283 576 conditione
300 540 307 573 z
321 524 381 574 n'out
397 524 506 586 gaudium
519 527 544 573 et
557 522 679 573 delectatio
687 525 724 571 est
734 521 764 570 de
774 521 836 572 bono
847 525 946 582 presenti

149 598 174 646 et
186 595 280 658 innito3
291 594 431 646 desiderium
440 597 519 644 antem
526 598 550 644 et
558 594 659 656 spes,de
671 593 733 642 nono
743 591 848 640 nondum
859 591 944 652 adepto:

150 679 214 716 amor
227 670 305 716 autem
321 665 414 728 respicit
432 665 519 714 meum
536 665 562 714 in
578 663 707 725 communi,
720 663 771 712 siue
788 661 820 712 sit
837 662 944 718 habitum,

149 737 199 787 sive
219 750 266 787 non
285 736 405 799 nabitum3
419 737 479 786 nude
498 749 564 786 amor
582 734 717 785 naturaliter
736 737 772 783 est
785 732 878 796 primus
895 735 947 780 autu

149 807 274 858 uoluntatis
286 811 310 857 et
323 807 445 871 appetitis
455 807 587 870 mproptcr
597 807 650 867 hoe,
662 817 742 856 omnes
753 803 794 854 atii
804 806 947 865 motnsapm

150 877 212 926 titiui
223 881 402 941 praesupponunt
414 889 529 938 amorem,
545 875 612 938 quasi
630 875 731 938 primum
745 873 867 934 radicem3
885 873 948 921 uultu

150 948 213 997 enim
232 947 347 998 desiderat
366 946 453 1010 aliquid
471 945 518 994 nisi
533 945 620 996 bonum
641 949 759 1007 amatum,
779 957 858 1006 noque
878 941 949 1004 aliou'n

151 1017 236 1079 gaudet
253 1016 299 1067 nisi
311 1018 340 1068 de
355 1019 417 1068 bono
433 1021 523 1078 amato,
537 1016 615 1066 odium
628 1016 697 1066 etiam
709 1029 757 1065 non
769 1017 808 1064 est
820 1013 870 1064 nisi
887 1015 913 1064 de
927 1023 950 1058 e]

150 1089 213 1152 quod
225 1089 376 1139 condariatur
387 1086 423 1138 rei
438 1098 528 1138 amate.
544 1089 573 1137 Et
585 1086 690 1138 similiter
702 1086 822 1136 tristitiem
838 1088 864 1136 et
877 1091 951 1136 cetere

150 1158 294 1222 hujusmodi,
309 1159 457 1209 manifestum
470 1161 506 1208 est
520 1158 546 1208 in
561 1172 662 1208 amorem
680 1157 763 1208 reterri
780 1156 845 1207 siem
868 1158 894 1206 in
912 1153 951 1218 pri·

151 1242 214 1278 mum
224 1229 373 1294 principium.

182 1300 247 1350 Unde
261 1301 286 1350 in
302 1313 435 1363 quoeunque
443 1303 480 1350 est
488 1297 594 1350 voluntas
606 1299 645 1350 uel
658 1298 784 1364 appetitus,
796 1302 893 1362 oportet
909 1308 953 1344 esse

151 1383 266 1435 amorem;
281 1375 369 1421 remoto
382 1370 445 1421 euim
456 1370 545 1434 primo,
559 1375 706 1422 removentur
718 1370 773 1419 alie.
788 1371 913 1420 ostonem
924 1374 952 1412 est

150 1444 227 1490 autem
239 1441 265 1491 iu
273 1443 379 1492 ereese
389 1441 548 1504 uoluntatem
563 1443 624 1492 unde
639 1455 733 1491 neeesse
745 1444 783 1490 est
792 1440 821 1490 in
833 1453 863 1491 eo
875 1449 953 1504 ponere

150 1523 260 1561 amorem.

182 1582 217 1631 Ad
225 1571 324 1644 primum
332 1595 388 1644 ergo
398 1581 530 1645 dicendum,
541 1579 603 1644 quod
610 1582 647 1632 ris
655 1582 815 1644 cognoscitiua
826 1586 953 1632 uonmouet

151 1652 198 1700 nisi
208 1651 323 1702 mediante
344 1653 488 1715 appetitiut3
505 1656 529 1703 et
544 1653 603 1702 sient
619 1654 645 1702 in
657 1652 724 1704 nobis
740 1653 801 1704 ratio
819 1649 955 1703 uuiversum

153 1724 231 1770 mouet
239 1721 354 1771 mediante
364 1723 454 1773 ratione
466 1723 600 1786 partiendam
611 1723 647 1788 (nt
659 1725 743 1774 dieitur
756 1725 788 1786 11,
800 1725 836 1772 de
850 1725 954 1772 Am'nur.

151 1794 211 1840 tert.
226 1796 255 1840 57
269 1795 294 1841 et
307 1791 370 1856 58);
388 1793 422 1842 ita
437 1795 554 1858 appetitus
571 1794 740 1858 intellectione,
754 1794 796 1858 qui
818 1795 905 1850 dicitur
921 1804 955 1838 uo

151 1861 242 1925 luces,
262 1867 339 1912 movet
357 1863 384 1913 in
402 1864 469 1914 nobis
488 1865 604 1914 mediante
623 1866 728 1930 appetitu
745 1865 881 1927 sensitiuo;
902 1864 957 1913 uude

152 1933 283 1997 proximum
294 1934 406 1985 motivum
422 1935 524 1998 eorporis
533 1936 559 1984 in
572 1936 638 1986 nobis
649 1939 684 1986 est
695 1935 813 2000 appetitos
824 1936 954 1986 sensitium.

153 2005 218 2056 Unde
233 2018 324 2068 semper
343 2009 419 2055 aetum
437 2006 554 2069 appetitis
575 2007 680 2057 sensitiri
696 2006 870 2057 concomitatur
886 2006 965 2070 atium

152 2076 312 2128 transmutatio
324 2077 444 2141 eorporis,
460 2081 484 2129 et
495 2077 595 2128 maxime
606 2079 666 2130 eirca
679 2093 727 2141 cor,
739 2078 802 2142 qnod
814 2085 851 2129 ert
860 2071 965 2146 primunt

152 2148 290 2212 principium
300 2149 376 2199 motuis
385 2149 410 2198 in
421 2149 516 2198 animati
528 2150 571 2214 (ut
581 2150 734 2214 Philosophus
750 2149 811 2199 dicit
824 2151 869 2200 tio.
887 2151 923 2201 11.
935 2147 965 2218 ἀεὶ

151 2219 272 2281 portibus
283 2220 456 2276 animalium,
476 2234 527 2284 cap.
543 2225 574 2284 1,
588 2225 614 2272 ut
631 2226 655 2272 et
668 2221 709 2272 lib.
727 2221 760 2270 111
769 2258 779 2284 ‚
794 2234 851 2286 cap.
871 2221 915 2284 t).
930 2223 965 2276 Sit

152 2288 221 2350 igitur
229 2293 294 2340 amns
304 2291 420 2354 appetitis
432 2291 547 2356 seusiUui,
560 2293 585 2342 in
596 2297 708 2356 quantum
718 2292 807 2342 nabent
820 2296 940 2342 transmut
947 2285 965 2362 ut

151 2359 240 2410 tionem
250 2363 392 2424 corporalem
405 2376 533 2426 annexam,
546 2366 675 2428 passiones
687 2363 806 2426 dicuntur,
821 2378 874 2414 nou
888 2365 965 2442 aunt

152 2433 218 2479 actus
230 2431 364 2482 voluntatis.
379 2435 448 2483 Amor
458 2433 528 2496 igitur
541 2438 565 2485 et
579 2435 688 2498 gaudium
702 2439 727 2484 et
739 2435 870 2486 delectatio
886 2445 965 2500 secuti

153 2500 207 2550 dium
231 2501 294 2564 quod
313 2502 445 2565 significant
466 2509 531 2556 actm
555 2507 672 2572 appetitis
695 2506 819 2570 sensitiui‚
843 2503 965 2572 pmice-t

152 2575 223 2631 sunt,
240 2584 287 2621 non
308 2577 386 2625 autem
399 2577 526 2627 secundiani
541 2578 603 2642 qnod
613 2578 742 2641 eguinum
761 2581 829 2628 aetus
846 2581 942 2645 appeti
964 2571 965 2640 i

153 2642 301 2721 intellectiui.
313 2646 342 2693 Et
355 2645 390 2696 sie
402 2650 518 2710 ponuntur
533 2649 559 2697 in
572 2650 627 2699 Deo.
649 2649 713 2698 Unde
733 2647 789 2698 dicit
807 2648 947 2715 Philosopt

154 2727 179 2762 ιιι
193 2714 248 2775 Vll,
265 2715 350 2764 ethic.
365 2717 409 2781 (1),
430 2733 482 2784 cap.
506 2720 559 2783 uit,
574 2717 636 2784 qudd
652 2737 666 2767 ι
685 2721 743 2768 Ueus
761 2718 809 2768 uui
822 2723 849 2770 et
865 2723 961 2785 stupis

190 2867 220 2929 (1)
236 2873 266 2916 Ut
274 2882 327 2928 cap.
336 2873 378 2919 ult.
394 2875 471 2920 videre
486 2883 531 2935 est,
543 2878 611 2933 penio
624 2877 674 2922 aliis
687 2877 765 2921 verbis
776 2894 782 2928 ;
795 2888 894 2934 nempe
912 2895 946 2936 qu
