1992 3342
363 217 395 254 nn
410 217 492 255 anons
507 217 555 254 nm.
813 203 857 252 aia

83 290 366 356 commemoremini
381 291 462 342 eadem
482 291 570 342 radone
587 290 636 341 sine
660 289 767 354 passione
789 294 858 341 amai.

107 362 134 410 id
144 363 263 413 secondum
274 361 405 426 dicendam,
416 361 510 426 qobdin
518 361 662 426 passionibus
674 359 779 411 seminini
789 373 860 425 appe-

82 429 125 482 ias
137 437 168 484 er
178 434 319 485 considerare
331 433 416 497 abqnid
429 432 494 497 qnasi
507 433 636 493 menende,
651 431 737 482 sedicet
755 442 860 496 corpora·

80 499 117 550 iem
126 503 330 554 montionem
340 520 347 566 ;
359 506 384 555 ei
397 503 485 566 aliquid
501 503 566 567 quasi
576 503 685 567 formale,
701 502 787 553 scilieet
800 505 860 566 quod

81 575 142 622 estex
157 578 219 638 parte
241 573 357 640 appetiids
376 590 382 624 ι
404 573 463 624 sicot
481 573 558 624 inira
578 573 620 638 (ui
638 573 720 623 dicitur
738 573 812 637 primo
828 575 861 624 de

79 641 171 708 Anr'mo)
192 645 330 694 materiale
351 648 386 694 esi
406 645 512 694 assensio
529 644 646 705 sangoinis
666 645 728 695 circa
748 659 802 709 eor,
822 647 860 696 rei

80 711 304 780 aliqoidbnjosmodi;
322 716 435 779 formale
454 714 525 780 verb,
545 715 659 779 appetitos
679 716 794 766 vindicio.
815 717 860 768 Sed

80 794 141 834 roms
149 799 176 836 ex
186 790 253 851 parte
267 786 320 850 ejus
331 786 392 849 qood
404 790 440 836 esi
453 785 578 849 sommis,
592 786 617 835 in
628 786 763 850 quibusdam
778 787 859 838 bonnm

79 851 189 916 designator
200 858 278 921 aliqua
287 857 431 920 imperiectio
441 872 447 906 ι
457 857 517 907 sicui
525 857 551 906 in
558 856 679 920 desiderio,
689 858 749 920 qood
759 861 795 908 esi
806 859 861 908 boni

80 936 117 973 noo
126 928 204 992 babiti,
213 934 238 979 ei
246 928 274 978 in
282 927 385 991 tristitia,
400 942 451 992 qoae
464 933 499 978 esi
513 928 567 977 maii
577 927 666 991 habiti;
680 932 703 978 eb
712 928 792 978 eadem
802 928 861 979 ratio

80 998 108 1044 esi
123 997 147 1048 da
163 999 211 1064 ira,
238 1013 291 1063 qus
308 999 425 1049 tristitiam
442 999 550 1063 supponis
563 1015 569 1048 :
584 999 687 1062 quodam
702 999 758 1049 verb
775 1000 860 1051 nobam

78 1063 255 1128 innodationem
268 1069 404 1133 designant,
422 1073 448 1119 ot
466 1083 530 1120 amor
549 1073 572 1120 et
591 1069 707 1132 gandium.
722 1070 777 1120 Cdm
791 1071 861 1134 igitur

79 1134 124 1186 nibil
133 1139 208 1195 borum
221 1143 272 1190 beo
282 1141 406 1191 conveniat
418 1139 544 1191 secundnm
556 1139 612 1190 iliud
625 1140 686 1203 quod
699 1144 734 1190 esi
745 1141 860 1192 materiale

78 1202 179 1275 inebmt
195 1211 284 1262 dietum
301 1210 365 1279 est),
383 1211 422 1261 iila
439 1225 491 1275 pom
510 1210 708 1276 imperfectionem
724 1211 861 1276 important,

78 1277 282 1346 etiamiormaliter,
296 1284 344 1332 beo
361 1283 484 1333 convenire
497 1295 544 1333 non
559 1285 669 1345 possunt,
683 1281 727 1331 nisi
741 1285 860 1346 meiapbo·

79 1346 221 1416 adpropiet
235 1352 410 1403 similibrdinem
419 1352 515 1402 edeetris
521 1389 529 1415 ,
541 1355 567 1401 nt
579 1349 648 1414 suprd
659 1350 744 1400 dicium
756 1357 802 1414 esi,
811 1367 862 1416 qne

77 1422 345 1486 rnbnimperieeiionem
356 1436 403 1474 non
411 1423 545 1486 important,
554 1422 582 1472 de
593 1423 639 1471 beo
648 1420 739 1485 proprie
747 1421 861 1487 dionnmr,

78 1491 159 1541 danos
168 1496 192 1542 ei
199 1493 326 1556 gandium3
340 1495 419 1542 tamen
428 1493 478 1542 sine
489 1492 609 1557 passione,
623 1496 649 1542 nt
663 1491 748 1541 dictum
763 1496 806 1542 est.

102 1560 130 1610 nd
144 1564 237 1613 ieriinm
248 1562 381 1625 dicendum,
395 1562 458 1628 qnbd
469 1566 534 1613 actos
550 1561 633 1612 amoris
645 1575 736 1626 semper
749 1561 824 1613 tendit
835 1563 861 1612 in

77 1628 125 1694 duo,
135 1633 219 1684 scilicet
232 1633 258 1682 in
270 1635 357 1683 bonum
371 1634 431 1697 qnod
447 1633 499 1696 quis
511 1633 561 1683 vult
571 1633 652 1696 aliem,
668 1637 691 1683 ei
708 1633 733 1682 in
753 1645 805 1682 enm
824 1633 862 1683 cni

77 1699 116 1749 mii
122 1701 202 1753 bonnm
218 1721 224 1753 z
242 1705 289 1753 boc
307 1703 372 1753 enim
387 1707 423 1753 est
436 1702 529 1767 proprie
548 1716 624 1754 amare
643 1703 750 1767 aliquem,
763 1704 824 1768 qnod
838 1709 862 1755 et

77 1769 122 1821 aede
132 1774 154 1823 ei
163 1776 259 1824 bonum.
275 1774 340 1824 Unde
350 1775 376 1823 in
386 1787 416 1824 eo
424 1772 485 1837 quod
496 1773 577 1838 aliquis
591 1777 652 1824 annai
666 1788 699 1838 se,
713 1776 764 1824 rnlt
776 1776 861 1826 bonnm

76 1838 122 1903 sibi,
132 1848 155 1894 ei
166 1846 199 1895 sic
212 1845 271 1895 illud
280 1845 367 1895 bonnm
380 1845 463 1908 quaerb
471 1845 518 1895 sibi
527 1845 595 1895 unire
604 1845 629 1896 in
644 1849 753 1909 quandum
767 1850 860 1909 poteo:

76 1914 143 1975 eipso
160 1920 227 1967 annio
255 1915 339 1966 dicitnr
354 1928 419 1965 amor
435 1915 591 1979 ris'oniiira,
609 1915 679 1966 eiiam
697 1915 723 1965 in
739 1917 802 1978 beo,
821 1918 862 1967 sed

74 1980 143 2046 ibique
154 1985 340 2050 compositione,
354 1984 409 2050 poia
424 1985 481 2034 iilud
497 1986 583 2037 bonum
601 1985 661 2048 qood
677 1984 727 2033 ruli
742 1985 799 2048 sibi,
815 1999 863 2037 non

75 2055 102 2100 isi
112 2055 252 2122 nimquam
265 2056 327 2120 ipse,
341 2055 381 2120 qui
398 2058 434 2105 esi
450 2068 492 2119 per
513 2069 577 2106 suam
595 2054 718 2107 essentiam
731 2055 806 2106 bonos
814 2092 823 2119 ,
837 2060 863 2106 ot

75 2224 116 2282 ψ
132 2224 152 2263 ei
169 2219 284 2277 simplici
302 2218 391 2276 pandet
407 2218 530 2274 voluptate
543 2215 621 2278 (juxta
639 2229 737 2274 meeum
751 2203 861 2280 iberia),

75 2285 113 2320 sire
122 2284 172 2324 m
183 2280 296 2340 simplici
312 2280 483 2338 delectacionis,
499 2281 559 2325 sioni
571 2286 637 2325 retus
649 2279 765 2336 interpres.
773 2277 860 2334 reddit,

73 2338 181 2387 erinnem
195 2341 294 2399 nsorpa’t
305 2347 400 2387 sancius
412 2342 521 2387 Thomas.
537 2342 633 2386 Perinde
647 2347 724 2388 damen
740 2347 861 2399 uirumque

74 2406 113 2455 isi,
125 2405 249 2459 quintanio
259 2404 405 2461 praemittitur
410 2417 439 2448 ex
446 2404 581 2459 operatione
589 2401 639 2460 ipsd
649 2405 714 2460 cujus
724 2417 771 2450 una
780 2406 862 2460 rodop-

75 2463 113 2504 iiie
129 2466 228 2520 gandeat
240 2473 265 2510 et
281 2465 389 2522 simplici.
404 2465 527 2522 appendix
546 2471 622 2512 autern
636 2477 735 2520 sequens
748 2467 862 2523 colligitur

74 2530 96 2564 ⁰1
107 2529 164 2572 texe
172 2527 221 2585 16,
235 2528 276 2573 obi
289 2527 438 2572 Diadeciicum
450 2531 474 2572 et
487 2527 620 2572 Naturalenn
638 2526 788 2572 diversimode
803 2528 860 2574 iram

74 2581 154 2632 definire
166 2590 342 2642 animadvertit;
357 2589 452 2633 aiterum
463 2589 566 2646 quidem,
575 2590 600 2632 ut
608 2587 637 2632 sit
646 2590 768 2646 apparitor
777 2602 862 2635 recoo-

75 2655 207 2722 irisioiionis
223 2649 307 2718 (ὄρεξις
324 2648 520 2721 ambasiator),
532 2658 575 2703 boc
588 2663 623 2703 est
637 2658 741 2704 vindiciae
750 2673 796 2716 qua
808 2659 862 2704 red-

73 2713 133 2763 dooos
141 2734 184 2778 par
193 2721 217 2766 ei
227 2722 266 2777 qui
280 2733 323 2765 nos
334 2720 492 2774 contristarit3
507 2722 603 2767 alierum
614 2720 681 2778 verb,
697 2727 721 2764 ut
734 2723 763 2766 sia
776 2723 861 2781 servor

76 2793 192 2846 macrinio
206 2792 276 2835 circo
293 2804 336 2836 cor
347 2780 421 2849 (ἶέσις
434 2779 561 2850 αἳματος).
580 2793 610 2835 Εῑ
625 2789 688 2835 illurn
704 2792 796 2846 quidem
809 2793 862 2850 [or-

76 2856 125 2891 Min
133 2854 170 2897 cci
178 2855 301 2897 rationem
314 2853 430 2909 assignare
442 2871 451 2907 ·,
462 2855 522 2897 buno
534 2853 673 2908 materiam,
688 2859 793 2897 nontam
809 2863 863 2910 pro·

75 2909 113 2959 ibid
123 2919 200 2961 iernen
212 2915 282 2971 quim
292 2915 317 2960 in
327 2915 430 2971 physicis
441 2916 578 2972 assignatur,
592 2913 632 2960 sed
651 2915 721 2970 poesi
729 2946 739 2963 ,
751 2919 798 2958 eto.
