1992 3342
74 176 120 223 tto
248 186 311 223 raas
324 186 350 234 ι,
366 186 458 229 onem.
474 186 563 235 nero,
580 182 635 223 aar.
652 186 689 223 rs.

74 262 199 327 perlectis,
209 262 291 313 dicitnr
299 262 459 327 putavetim
471 262 553 312 relatio
564 260 621 311 ecre
630 262 777 327 procedentis
786 261 801 313 a
812 256 877 328 prin-

75 335 136 399 cipio
150 335 233 385 dicitnr
243 334 348 397 filiatio.
363 334 480 385 Proceffiio
492 332 548 383 verd
559 333 643 385 amoris
654 335 782 385 nonhabet
791 342 878 385 nomen

74 406 204 471 proprium,
217 410 244 455 nt
256 405 326 471 snprl
336 405 421 456 dictum
432 410 468 458 est
480 406 534 470 (qu.
549 410 590 468 27,
606 410 650 455 art.
665 406 713 469 3),
726 406 788 455 unde
802 420 878 471 neque

74 478 256 542 relationesqna
264 478 389 529 secundnm
397 478 470 543 ipsam
479 477 622 541 accipiuntur
630 476 676 543 (l).
686 479 728 527 Sed
736 483 834 527 incatur
843 492 880 529 re·

74 549 130 599 latio
142 550 251 613 principii
262 550 331 613 lanies
342 548 494 614 prooemiaris
507 549 722 613 spiratio;relatio
734 552 813 599 antem
828 564 880 613 pro-

74 620 186 683 cedentis,
200 624 331 685 processio,
345 620 450 684 quamvis
459 621 510 671 hac
518 620 564 669 duo
575 620 668 669 nomina
678 622 707 669 ad
716 620 778 683 ipsas
788 632 882 683 proces-

75 690 152 741 e'ones
163 692 202 741 vel
214 692 315 754 origines
328 693 473 755 pertineant,
487 696 512 742 et
526 705 572 742 non
585 693 613 741 ad
625 692 757 741 relationes.

108 763 143 812 sd
154 763 255 827 primum
268 777 324 825 crgo
339 762 475 826 ὥωιιᾱιιιιι,
490 762 553 827 quta
570 763 596 812 in
613 763 650 813 his
661 763 687 812 in
700 762 784 827 madeus
802 763 883 814 dttlen

77 834 206 885 intellectus
218 839 242 884 et
253 834 403 897 iamlactnm,
412 836 493 885 nmen
507 838 531 887 et
541 836 645 898 soleam,
660 839 736 899 potest
747 848 798 885 esse
811 837 883 887 realis

76 906 170 969 relatio,
184 910 209 955 et
218 905 320 956 scientie
331 906 361 955 ad
371 918 421 956 rem
430 906 521 971 scitam
532 911 557 957 et
569 906 668 957 volentis
678 908 706 957 ad
715 919 765 957 rem
773 907 881 957 solitam.

74 978 122 1028 Sed
137 978 162 1028 in
177 981 225 1029 lleo
240 982 276 1028 est
288 978 350 1028 idem
361 979 456 1028 omnino
471 979 603 1029 intellectus
617 983 642 1029 et
655 978 812 1042 intellectum,
828 980 884 1043 qnia

77 1048 226 1113 intelligendo
239 1065 264 1100 se
274 1050 383 1113 intelligit
390 1051 468 1100 omnia
477 1050 522 1100 alia
531 1088 539 1113 ,
549 1054 574 1100 et
582 1052 663 1100 eadem
675 1050 764 1101 ratione
773 1050 885 1101 colurum

77 1123 102 1170 et
111 1122 215 1172 solitam
227 1122 292 1172 llnde
303 1121 330 1169 in
340 1122 386 1170 lieo
394 1121 528 1185 hujusmodi
536 1122 660 1173 relationes
670 1134 717 1172 non
730 1124 786 1171 sant
796 1122 883 1185 reales,

75 1191 136 1241 sicot
149 1206 224 1257 neque
240 1192 321 1244 relatio
332 1192 449 1255 &cedern
460 1193 491 1242 ad
504 1192 583 1242 idem.
598 1192 643 1243 Sed
660 1196 738 1243 tamen
756 1192 840 1243 relatio
854 1194 884 1243 ad

76 1264 172 1316 verbnm
186 1269 223 1314 est
238 1265 321 1327 realis,
334 1264 388 1327 qnia
400 1264 496 1315 rebam
508 1264 643 1329 intelligitur
655 1269 681 1315 nt
698 1266 828 1329 procedens
841 1278 885 1329 per

75 1335 191 1386 actionem
211 1336 395 1399 intelligibilem,
414 1350 462 1385 non
482 1340 602 1387 autemut
623 1350 660 1387 res
677 1336 803 1385 intellecta.
825 1336 884 1387 com

75 1406 138 1457 enim
153 1408 300 1471 intelligimus
317 1408 433 1471 lapident,
446 1408 471 1457 id
482 1409 542 1472 qnod
561 1420 590 1457 ex
605 1420 630 1457 re
648 1408 765 1457 intellecta
781 1408 885 1473 concipit

75 1477 205 1531 intellectus
216 1484 313 1530 vocator
325 1480 439 1529 vetem.

107 1551 141 1599 ad
154 1552 278 1601 secundom
290 1552 423 1613 dicandam,
441 1549 502 1614 qudd
513 1550 537 1599 in
551 1550 618 1601 nolis
633 1550 757 1601 relationes
771 1550 885 1614 intelligi-

75 1621 134 1672 biles
141 1623 167 1672 in
177 1624 292 1673 intlnitnm
300 1623 492 1687 multiplicantur,
507 1622 561 1687 qnia
573 1622 618 1673 alio
632 1626 683 1671 acto
692 1622 801 1685 intelligit
813 1625 884 1675 hemo

75 1694 189 1757 lapidem,
203 1698 228 1744 et
239 1694 285 1745 alio
297 1698 351 1744 actu
368 1693 478 1757 intelligit
493 1708 519 1745 se
534 1694 662 1756 intelligere
674 1694 786 1758 lapidem,
801 1698 826 1745 et
838 1696 885 1747 alio

77 1766 146 1815 etiam
159 1766 268 1829 intelligit
276 1779 301 1815 se
313 1767 357 1815 lanc
370 1765 497 1829 intelligere
508 1766 560 1831 (il,
573 1770 597 1816 et
609 1767 641 1816 sic
653 1766 679 1815 in
693 1766 809 1815 infinitam
822 1768 887 1816 mul·

76 1836 210 1901 tiplicantor
222 1841 285 1887 actos
294 1837 452 1900 intelligendi,
466 1841 491 1888 et
502 1850 545 1901 per
556 1848 697 1901 consopiens
708 1837 834 1887 relationes
847 1838 886 1888 in-

76 1909 181 1959 tollente.
202 1909 248 1958 Sed
266 1909 310 1957 lroc
326 1908 352 1957 in
370 1910 417 1959 llco
432 1922 478 1959 non
496 1910 567 1958 halet
581 1908 670 1971 locum,
687 1907 742 1972 qnia
762 1921 811 1957 uno
830 1914 885 1959 actu

77 1981 166 2031 tantiam
178 1980 254 2031 omnia
267 1978 383 2043 intelligit.

109 2054 143 2103 Ad
154 2053 246 2103 ortium
257 2051 390 2115 dicendum,
400 2050 463 2116 codd
471 2055 589 2116 respectas
604 2052 690 2102 ldeales
702 2055 755 2102 sunt
770 2052 885 2103 intellecti

77 2126 147 2175 allec
155 2140 161 2188 3
169 2126 231 2175 unde
243 2138 272 2174 ea
281 2136 361 2175 eornm
369 2124 498 2187 pluralitate
513 2138 560 2175 non
569 2124 671 2188 seqnitur
678 2124 738 2189 qadd
749 2124 796 2174 sint
805 2126 886 2188 plures

110 2280 141 2343 (l)
158 2282 255 2340 supple,
268 2280 355 2327 dolcat
365 2282 502 2340 proprium
518 2294 621 2331 noman,
634 2286 659 2325 nt
674 2280 840 2327 resumendum
854 2294 885 2327 ex

77 2346 212 2402 premissis.

109 2413 140 2477 (ἢ)
152 2416 209 2468 troia
221 2426 304 2472 nempe
314 2415 403 2460 directo
414 2421 467 2460 actu
477 2414 587 2472 intelligit
596 2413 696 2470 lapidem
707 2426 748 2470 per
760 2414 883 2471 propriam

74 2479 177 2535 speciem
194 2480 258 2536 ejus,
277 2478 413 2534 impressam
429 2478 474 2521 sibi
492 2482 517 2522 et
531 2478 560 2521 als
572 2478 624 2533 ipso
643 2476 784 2529 immissam
797 2478 840 2521 sed
856 2489 884 2523 ac

75 2540 203 2597 intelligere
223 2541 324 2597 lapidem
339 2541 446 2597 melligo
463 2545 516 2585 actu
529 2539 616 2586 reflexo
632 2538 737 2597 lontrina,
753 2540 822 2595 qnasi
840 2552 886 2595 per

77 2602 199 2659 quamdam
209 2604 368 2649 resultantiam
378 2603 446 2660 primi
455 2602 521 2647 actris
531 2612 576 2658 quo
589 2602 688 2657 lapidem
700 2602 844 2658 intelligebat
856 2608 884 2647 ut

77 2665 196 2720 objectum
213 2666 330 2723 proprium
349 2677 376 2710 ac
392 2666 517 2718 directum
537 2666 641 2721 quamvis
656 2664 732 2719 aliquo
747 2664 818 2709 modo
835 2664 883 2708 duo

77 2726 181 2784 predicti
194 2732 258 2772 actns
269 2728 407 2785 cognitionis
417 2728 455 2772 sel
467 2727 633 2773 intellectionis
645 2726 673 2771 ad
687 2724 785 2771 eundem
798 2726 885 2785 relecti

80 2790 183 2849 possint,
200 2791 220 2835 si
230 2802 290 2835 unns
306 2797 331 2834 nt
345 2791 406 2835 ratio
422 2790 517 2835 dtcrtns
535 2790 660 2847 accipiatur
673 2786 740 2851 (qnia
752 2788 794 2833 ubi
809 2800 885 2835 unum

75 2859 175 2909 propter
192 2853 267 2911 alind,
279 2853 314 2897 ibi
327 2863 399 2897 umam
412 2848 532 2911 tantam),
545 2852 598 2899 edm
615 2852 700 2911 alioqui
709 2850 842 2897 *secundom
856 2864 885 2898 se

80 2914 221 2961 considerati
234 2917 280 2961 sint
292 2916 387 2961 diversi.
456 2944 459 2947 <
533 2924 536 2929 ·
762 2928 767 2938 ·
