1992 3342
109 213 154 262 tat
300 224 361 261 arus
377 225 398 273 r,
416 224 508 269 onnes.
526 224 606 273 xxxn,
625 222 681 262 aas.
697 224 716 261 r.

416 338 574 389 dR‘HCULUS
593 338 612 387 1.

110 457 195 501 Utrdm
206 456 304 499 trinitas
313 455 452 499 divinorum
467 468 623 509 arsenarum
632 455 707 511 possit
718 466 763 511 per
772 456 913 501 naturalem

383 520 503 564 rationem
512 520 627 577 cognosci.

139 631 173 680 dd
185 629 283 693 primum
293 628 327 679 sic
340 628 470 693 proceditur
483 628 528 693 (l).
542 628 636 678 Videtur
648 628 710 691 quod
721 627 812 679 trinitas
823 628 916 681 diuna-

107 717 156 753 rum
167 715 314 765 personarum
327 702 399 766 possit
409 716 451 765 per
462 700 589 751 naturalem
599 700 710 750 rationem
721 700 835 764 cognosci.
857 700 914 751 Phi-

106 773 195 837 losophi
208 773 269 823 enim
283 788 329 823 uon
342 775 485 824 devenerunt
496 771 522 821 in
537 772 579 821 bei
592 770 747 834 cognitionem
760 772 804 823 uisi
819 786 862 837 per
875 786 914 823 ra-

106 846 192 896 tionem
201 846 335 896 naturalem.
347 845 497 896 Inveniuntm
509 847 585 893 autem
596 842 759 909 iphiiosophis
767 844 839 893 multa
850 843 915 895 dicta

107 917 135 967 de
146 916 248 967 trinitate
263 931 420 980 personarum.
432 916 491 965 llicit
501 915 561 965 euim
578 915 709 965 Aristoteles
721 915 746 965 in
763 916 782 965 1.
802 914 834 965 da
848 916 912 967 Coel.

106 992 130 1037 et
145 989 246 1045 Macri„
257 992 313 1039 text.
327 994 357 1039 2:
371 1008 385 1037 «
396 992 442 1038 Per
452 990 514 1038 hunc
525 1001 648 1037 numerum
660 986 759 1049 (scilicet
768 988 915 1055 ternarium)

108 1060 252 1111 adhibuimus
261 1075 303 1111 nos
313 1060 375 1125 ipsos
383 1059 528 1123 magnificare
535 1060 608 1109 iteum
617 1074 697 1123 uuum,
708 1059 848 1111 eminentem
859 1074 916 1123 pro-

108 1131 243 1196 prietatibus
256 1145 336 1183 eorum
348 1147 399 1196 qua
413 1136 466 1186 sunt
484 1134 568 1181 creata.
582 1130 746 1193 »Augustinus
761 1130 832 1181 etiam
848 1132 915 1197 dicit,

107 1204 156 1254 Vll.
172 1205 290 1268 consess,
303 1218 354 1268 aab·
369 1209 385 1253 9
398 1220 404 1253 ι
421 1203 481 1253 «lbi
493 1203 541 1265 legi
555 1202 656 1266 (scilicet
669 1202 769 1253 inlibris
781 1202 916 1255 Platonico-

108 1274 176 1339 rum)
190 1289 237 1325 non
250 1276 342 1340 quidem
355 1275 392 1325 bis
402 1274 491 1337 verbm,
506 1275 547 1325 sed
558 1274 601 1324 hoc
613 1274 674 1325 idem
686 1274 780 1325 omnino
794 1275 874 1326 multis
890 1279 915 1327 et

109 1347 270 1411 multiplicibus
283 1347 372 1398 suaderi
390 1346 529 1409 rationibus,
540 1346 601 1410 qudd
615 1345 640 1395 in
653 1345 769 1411 principio
786 1351 837 1396 erat
852 1348 916 1398 Ver-

109 1419 179 1483 bum,
190 1423 214 1470 et
226 1419 325 1469 Verbum
337 1423 386 1469 erat
396 1419 457 1483 apud
467 1419 551 1481 ileum,
564 1421 587 1467 et
598 1419 659 1468 Deus
670 1421 719 1468 erat
731 1418 852 1481 Verbum,
865 1436 879 1465 ρ
892 1422 916 1471 ct

109 1491 240 1556 hujusmodi
250 1506 301 1555 qua
310 1491 343 1542 ibi
354 1495 479 1555 sequuntur
490 1507 496 1540 z
509 1491 534 1540 iu
546 1490 627 1555 quihus
635 1490 712 1541 verbis
726 1490 843 1541 distinctio
856 1491 917 1551 divi-

109 1577 190 1612 narum
205 1576 354 1625 personarum
370 1562 474 1613 traditur.
494 1562 555 1612 Dicit
572 1561 640 1613 etiam
657 1564 752 1625 Glossa,
767 1564 838 1612 none.
852 1563 877 1625 I,
893 1566 917 1615 et

109 1635 193 1685 and.
204 1634 256 1683 Vlll
265 1633 316 1698 (2),
331 1632 392 1697 qudd
406 1633 493 1697 «magi
507 1634 633 1683 Pharaonis
649 1634 786 1685 deiecerunt
801 1633 826 1682 in
845 1634 916 1686 tertio

108 1707 184 1769 signo,
194 1723 207 1752 u
216 1705 239 1756 id
247 1710 282 1755 est
288 1705 313 1755 iu
323 1706 404 1756 notitia
413 1706 487 1757 tertie
494 1720 607 1770 persona,
618 1705 705 1757 scilicet
714 1706 811 1771 Spiritus
822 1708 914 1758 sancti:

109 1780 132 1827 et
146 1777 179 1827 sic
192 1777 220 1825 nd
233 1776 307 1826 minus
318 1778 375 1827 duas
387 1782 552 1840 cognoverunt.
568 1777 728 1843 trismegistus
738 1778 808 1829 etiam
820 1778 860 1843 (iu
870 1780 916 1837 Pi-

110 1850 230 1905 mondro,
245 1848 328 1911 dialog.
344 1848 373 1913 t)
385 1848 456 1899 dixit:
470 1867 485 1897 a
493 1850 572 1899 Mouas
584 1848 664 1912 genuit
672 1850 803 1913 monadem,
817 1850 877 1901 etin
889 1866 916 1903 se

109 1935 177 1973 suum
189 1922 279 1972 retlexit
294 1921 412 1984 ardorem,
428 1938 441 1967 u
457 1935 498 1984 per
512 1924 569 1984 quod
584 1921 675 1971 videtur
687 1922 805 1985 generatio
819 1922 873 1973 Filii
892 1927 918 1975 et

109 1993 207 2057 Spiritus
216 1994 290 2045 sancb
299 1992 413 2057 processio
421 1992 530 2042 intimari.
542 1992 645 2055 cognitio
656 2008 709 2057 ergo
721 1993 851 2045 dunarum
862 2009 917 2061 per-

109 2079 216 2115 sonarum
234 2069 311 2130 potest
326 2078 368 2128 per
380 2064 494 2115 rationem
507 2065 635 2115 naturalem
651 2065 738 2115 haberi.

141 2142 164 2187 2.
175 2138 298 2201 Praeterea,
308 2136 471 2187 Richardosde
480 2137 505 2185 S.
518 2137 607 2188 Victore
617 2136 673 2187 dicit
682 2137 707 2187 in
717 2136 757 2187 lib.
767 2137 788 2187 Il
800 2138 833 2187 de
844 2139 914 2190 Trio.
990 2128 991 2189 J

111 2208 174 2273 (cap.
189 2212 232 2267 tl:
249 2228 264 2257 «
278 2208 349 2260 Credo
359 2208 409 2258 sine
420 2208 488 2258 dubio
502 2206 562 2271 qubd
576 2208 604 2258 ad
620 2221 787 2272 quamcumque
801 2211 914 2274 explana·
990 2226 991 2231 ¹

110 2281 197 2332 tionem
212 2282 316 2332 sedatis
331 2293 378 2330 nou
391 2279 459 2331 modd
474 2280 617 2344 probabilia,
634 2280 682 2331 imd
700 2280 769 2331 etiam
785 2282 916 2333 necessaria
990 2298 991 2329 ς

109 2357 244 2415 argumenta
256 2367 303 2403 non
313 2352 397 2402 desint.
409 2369 423 2398 u
435 2354 499 2402 Unde
513 2350 582 2401 etiam
596 2352 774 2416 adprobandum
788 2352 916 2405 trinitatem
990 2348 991 2355 ’

111 2438 259 2489 personarum
270 2423 340 2489 aliqui
354 2424 492 2475 induxerunt
508 2423 621 2473 rationem
634 2437 662 2473 ex
680 2422 792 2473 infinitate
805 2424 919 2477 bonitatis

144 2540 175 2603 (i)
188 2547 221 2590 lle
233 2544 269 2589 his
282 2545 352 2590 otiam
363 2544 438 2603 inira,
450 2557 491 2601 qu.
505 2542 545 2604 39,
559 2550 602 2589 art.
614 2544 642 2598 'l;
657 2544 718 2604 etl,
731 2544 809 2595 Seni..
823 2546 880 2591 dist.
891 2546 915 2605 3,
990 2534 991 2561 ³

112 2611 196 2663 quaest.
209 2605 239 2666 1,
253 2614 298 2653 art.
313 2607 341 2661 ες
353 2613 376 2653 ct
391 2607 459 2652 Cant.
474 2607 553 2657 Garat,
564 2608 605 2653 lib.
621 2608 647 2665 Ι,
659 2618 711 2665 cap.
724 2606 768 2661 14;
780 2612 803 2653 et
817 2622 859 2666 qu.
875 2608 914 2668 lo,

109 2670 138 2715 de
148 2670 226 2724 serit..
239 2676 282 2715 art.
300 2670 343 2724 132
355 2676 378 2719 et
392 2682 417 2727 q.
429 2669 456 2726 9,
468 2671 496 2715 de
510 2668 611 2730 potent,
624 2675 667 2717 art.
683 2668 710 2725 5;
725 2676 749 2715 et
762 2683 838 2729 saper
849 2672 914 2717 Bot-

110 2742 186 2790 tlum,
196 2741 224 2785 de
238 2742 331 2801 Trinit,
342 2755 366 2799 q.
378 2741 405 2800 l,
418 2748 461 2787 art.
474 2740 501 2796 1;
514 2746 537 2788 et
546 2743 577 2787 ad
586 2744 666 2793 Rom..
680 2742 804 2804 1,leot.o‚
818 2742 843 2789 in
854 2743 911 2790 line.

143 2808 174 2872 (Ξ)
187 2814 238 2858 Non
247 2814 339 2865 Exod„
349 2816 403 2872 Vll,
414 2815 473 2859 sicut
482 2814 558 2873 prids,
568 2815 611 2859 hcc
624 2819 699 2861 autem
709 2814 741 2859 ibi
752 2820 818 2859 vetus
828 2820 852 2861 ct
862 2828 912 2861 ma-

110 2876 225 2931 nuscripta
233 2876 309 2933 glossa
318 2877 416 2935 tantbm,
425 2890 471 2921 uon
481 2876 591 2923 moderna
599 2876 706 2935 expresse
714 2878 794 2935 habet,
805 2879 912 2935 quamvis

111 2944 135 2983 et
149 2938 262 2994 insinnat;
279 2940 361 2985 sadud
374 2942 455 2991 nom„
466 2943 489 3001 1,
505 2954 534 2985 er
547 2946 645 2999 utraque
655 2940 731 2999 colligi
746 2945 832 2999 potest.
