1992 3342
700 181 706 201 r

171 235 203 272 nn
218 233 378 272 marmioun
393 233 537 272 armannum
553 235 579 271 nr
594 234 652 272 nssr
666 235 772 274 enarra.
826 226 873 275 ηε

79 312 148 362 turali
158 315 248 376 agenle3
258 315 280 361 et
288 312 332 360 hoc
342 309 438 360 dicimus
447 309 556 359 auxilium
564 310 649 373 gratim.
659 311 687 361 m
695 310 747 363 ideo
755 310 876 364 dicendum

76 387 113 433 est
128 383 187 446 qudd
200 381 293 445 angelus
303 381 327 430 in
341 380 404 430 illam
416 380 578 431 beatitudinem
589 382 705 433 voluntate
718 382 819 434 converti
827 397 875 435 non

77 453 167 518 potuit,
182 452 226 504 nisi
236 466 278 516 per
289 451 397 501 auxilium
409 451 495 516 gratie.

110 525 143 575 ud
155 524 253 589 primunr
265 535 318 586 ergo
332 521 466 586 dicendum,
477 519 538 585 qudd
548 523 642 584 angelus
655 523 789 574 naturaliter
799 523 875 588 diligit

77 595 164 658 ileum,
178 595 325 657 inquantum
340 596 377 644 est
395 593 532 658 principium
544 593 654 644 naturalis
668 609 733 658 εεεε,Ι
748 595 786 645 lrlc
799 599 878 646 aumm

77 665 193 730 loquimur
206 666 233 716 de
243 666 392 716 conversione
402 665 430 714 ad
443 665 524 723 Deum,
533 664 557 713 iu
568 668 678 727 quantum
695 668 731 716 est
742 665 877 718 beatificans

78 751 120 802 per
132 751 179 790 sue
193 737 295 787 essentiae
306 736 428 786 visionem.

112 811 145 860 ad
155 809 279 860 secuudum
289 807 425 868 dicendum,
435 805 494 870 quod
506 805 617 871 difficile
625 818 659 858 est
667 808 728 872 quod
738 809 878 860 transcendit

78 880 215 946 potentiam.
224 879 269 929 Sed
282 880 326 930 hoc
339 877 451 941 contingit
464 891 516 928 esse
531 877 651 941 dupliciter
661 895 667 927 2
677 893 723 930 uuo
734 881 815 941 modo,
824 879 879 944 poia

78 951 218 1004 transcendit
230 949 355 1016 polentiam
366 947 488 1000 secuudirm
501 963 567 998 suum
584 949 707 999 uaturmem
716 951 820 1002 ordinem
833 967 840 1001 :
854 954 879 1002 et

78 1029 134 1074 tunc
145 1023 165 1074 si
178 1024 206 1074 ad
221 1023 265 1073 hoe
278 1021 351 1085 possit
360 1021 480 1086 pervenire
494 1020 672 1084 aliquomodo,
682 1021 764 1073 dicitur
773 1023 877 1087 difficile3

78 1095 100 1148 εἰ
109 1099 186 1146 autem
199 1094 350 1156 nullomodo,
361 1091 442 1142 dicitur
455 1090 594 1160 impossibile
607 1108 613 1141 :
624 1092 682 1143 sicut
692 1092 830 1158 impossibile
842 1098 879 1146 est

79 1164 196 1216 homiuem
207 1165 291 1214 volare.
302 1163 351 1214 llio
362 1163 428 1213 modo
437 1163 577 1213 transcendit
587 1161 672 1226 aliquid
682 1165 821 1229 potentiam,
831 1179 879 1216 non

80 1236 207 1288 secundirm
224 1235 327 1286 ordinem
340 1235 466 1286 naturalem
483 1234 608 1298 potentie,
622 1236 662 1286 sed
682 1239 775 1299 propter
787 1236 879 1301 aliquod

79 1306 269 1372 impedimentum
282 1303 388 1369 polentiae
402 1305 534 1368 adjunctum
551 1321 558 1354 ε
572 1305 630 1356 sicut
643 1307 764 1356 ascendere
778 1320 824 1358 non
845 1311 880 1358 est

79 1382 157 1429 contra
168 1378 293 1427 naturalem
300 1376 401 1427 ordinem
411 1376 520 1441 potentie
530 1375 611 1428 anime
623 1375 722 1439 motivam
732 1377 879 1443 quiaauima,

41 1475 44 1482 ·
79 1453 189 1513 quantum
206 1453 240 1498 est
251 1449 278 1498 de
290 1461 324 1512 se,
337 1451 390 1497 nata
402 1451 436 1497 est
446 1461 537 1498 movere
550 1447 574 1497 in
584 1447 709 1511 quamlibet
722 1451 826 1511 partem,
839 1450 880 1500 sed

78 1519 203 1584 impeditur
214 1520 242 1569 ab
250 1521 293 1568 hac
304 1518 434 1582 operatione
444 1521 538 1582 propter
546 1518 647 1583 corporis
657 1518 807 1582 gravitatem,
819 1522 881 1572 undo

79 1591 174 1642 difficile
185 1595 219 1642 est
230 1590 318 1642 homini
327 1590 457 1644 ascendere.
471 1589 581 1657 Converti
591 1593 667 1638 anmm
681 1590 709 1639 ad
719 1589 881 1641 mutitudinem

81 1663 199 1726 ultimam,
213 1662 300 1714 homini
314 1660 404 1725 quidem
416 1665 452 1712 est
465 1661 573 1724 difficile,
588 1666 611 1710 et
620 1659 673 1724 quia
685 1664 721 1712 est
734 1675 802 1726 supra
813 1667 880 1714 nam·

81 1747 131 1785 ram
145 1738 169 1785 el
181 1733 234 1797 quia
247 1733 317 1782 habet
331 1731 519 1796 impedimentum
534 1745 564 1781 ex
578 1731 722 1797 corruptione
740 1733 842 1796 eorporis
856 1736 881 1784 et

78 1805 204 1856 infectione
216 1803 319 1868 poccati3
331 1805 371 1855 sed
389 1803 470 1866 angelo
489 1807 525 1853 est
538 1801 630 1855 mitade
649 1806 741 1867 propter
750 1803 795 1853 hoc
807 1802 881 1854 solium

80 1875 144 1940 qudd
155 1879 190 1927 est
204 1875 388 1938 supernaturale.

114 1949 148 1997 dd
162 1947 253 1998 tertium
272 1945 408 2006 dicendum,
424 1945 485 2008 quod
503 1943 598 2007 mutnet
617 1950 694 1994 motus
711 1943 835 1994 voluntatis
855 1944 881 1994 in
959 1991 969 2013 ,

80 2021 153 2070 ileum
166 2021 242 2082 potest
255 2017 301 2068 dici
313 2014 429 2067 conversio
443 2011 466 2064 in
480 2015 563 2079 ipsum.
575 2017 604 2066 Et
617 2013 668 2065 ideo
681 2013 765 2078 triplex
778 2019 813 2065 est
825 2028 882 2066 cou-

81 2089 159 2140 versio
171 2090 195 2140 in
206 2090 285 2140 Deum.
297 2090 346 2139 Una
359 2086 450 2150 quidem
463 2099 505 2151 per
514 2085 663 2136 dilectionem
680 2085 817 2150 perlectam,
830 2100 882 2150 quaa

82 2166 118 2212 est
127 2164 233 2212 creatura
244 2159 293 2224 jam
306 2161 352 2209 lteo
361 2157 473 2218 fruentis,
483 2161 506 2208 ct
516 2158 545 2207 ad
553 2159 613 2207 hanc
623 2156 794 2208 conversionem
807 2161 883 2220 repul·

81 2231 140 2284 ritur
151 2231 222 2296 pratia
234 2233 402 2294 consummala;
416 2229 460 2279 alia
471 2227 590 2280 conversio
605 2230 656 2291 cst,
667 2242 718 2292 qum
730 2231 765 2278 est
776 2227 881 2279 meritum

81 2303 242 2366 beatitudiuis,
255 2306 279 2352 et
291 2303 319 2352 ad
334 2302 393 2352 hanc
408 2299 530 2364 requiritur
542 2298 665 2349 habitualis
675 2297 766 2362 gmtia,
779 2312 830 2362 quae
847 2303 884 2350 est

83 2373 188 2426 merendi
209 2371 361 2438 principium3
382 2371 450 2424 tertia
469 2369 588 2422 conversio
607 2373 643 2419 est
662 2382 785 2433 perquam
802 2370 884 2433 aliquis

82 2449 197 2511 preparat
212 2459 236 2494 se
254 2445 283 2494 ad
297 2445 393 2508 gretiam
408 2443 549 2505 habendam,
560 2446 584 2492 et
600 2441 630 2490 ad
642 2442 703 2490 nanc
721 2453 767 2490 non
786 2441 885 2504 origitur

83 2517 158 2581 aliqua
173 2515 294 2566 habitualis
308 2515 394 2579 gratia,
409 2516 449 2566 sed
462 2513 564 2578 operatio
577 2511 619 2563 lloi
631 2509 661 2562 ad
675 2525 699 2562 se
714 2512 814 2562 animam
827 2527 885 2562 con-

82 2586 208 2648 vertentis,
223 2585 347 2637 secundum
360 2586 416 2636 illud
434 2585 534 2644 Three„
548 2584 589 2633 ult.
606 2598 613 2637 ;
629 2600 643 2630 u
654 2583 765 2634 Converte
774 2596 829 2644 uos,
841 2584 887 2633 llo-

84 2659 161 2720 mine‚
173 2659 202 2708 ad
215 2662 252 2720 te,
264 2661 287 2707 et
301 2660 469 2708 convertemur.
481 2673 495 2704 u
505 2655 570 2706 llnde
583 2658 645 2721 patet
657 2652 718 2718 quod
728 2668 775 2706 nou
789 2659 825 2705 est
833 2668 886 2720 pm·

83 2732 168 2782 cedere
182 2730 207 2779 in
221 2727 343 2779 inlinitum.
