1992 3342
122 157 168 208 sat
324 166 384 206 runa
399 167 417 217 r,
434 167 527 214 uuusr.
543 168 592 212 err,
607 167 664 205 eur.
680 168 717 206 ru.

121 244 220 312 punem
233 244 331 308 aliquem
350 242 452 294 ornnem
469 244 567 305 hahent,
581 246 608 293 et
620 243 664 294 tuti
680 248 795 296 naturae
810 248 932 310 cernenti
992 278 994 285 ·

120 315 253 380 president
266 315 330 366 Unde
343 313 483 365 uunreniens
499 314 614 379 tuitun
626 315 703 379 angeli
715 315 742 366 in
752 330 866 382 supremo
877 333 930 368 nur-

121 401 177 455 pure
195 391 332 450 crearentur,
346 391 454 452 tanquam
466 386 510 438 tuti
526 393 614 439 naturae
627 402 743 452 uurnureae
757 389 929 454 presidentes,

120 459 168 512 sire
186 460 209 510 id
226 457 312 510 dicutur
325 459 405 510 uoelurn
420 473 566 525 empyreum,
578 459 628 513 sire
642 459 837 524 qualitercunque
853 463 931 513 numi·

122 535 196 582 netur.
212 533 275 583 Unde
286 531 385 582 Isidorus
396 531 450 582 dicit
459 530 521 595 quud
533 549 548 580 ιι
556 544 688 596 murenam
697 532 784 583 eoelunn
792 536 832 582 est
843 534 930 585 eoetum
992 566 994 571 ·

122 603 291 668 angelorum»
306 617 376 667 super
388 603 443 654 iilud
455 604 569 666 Denter„
580 604 610 654 X.
625 616 693 667 ean:
710 621 725 650 u
734 603 829 654 Domini
842 605 886 655 Dei
895 605 930 655 tui
992 652 993 655 ,

122 679 158 726 est
175 676 273 738 uoeium,
288 679 312 726 et
325 675 408 728 aulum
418 673 478 726 coeii.
488 691 502 722 u
992 694 993 699 ι

155 747 187 797 td
201 747 298 811 primurn
315 760 369 811 erge
380 747 514 808 dicendum,
527 746 587 812 quiid
598 747 673 810 angeli
685 760 732 797 nun
745 752 803 797 sant
815 748 891 799 creati
904 749 930 806 in

122 819 173 869 lucu
188 832 313 883 uurpureu,
327 817 393 883 quasi
406 817 583 883 dependentesa
600 832 694 884 uurpure
713 818 843 870 seeundum
861 835 930 871 sunan

123 903 174 938 esre
186 889 224 939 rel
236 889 360 941 seeundum
374 903 439 940 suum
456 891 515 954 (ieri
521 906 530 954 ,·
542 890 656 954 potuisset
672 889 734 940 enirn
750 892 813 941 tiens
833 893 930 956 angelus

124 964 175 1010 ante
186 963 255 1011 tutam
269 963 393 1011 creaturam
405 963 543 1026 corporalem
556 974 656 1024 neusse,
665 965 692 1010 ut
704 961 773 1015 multi
784 963 860 1013 saneti
870 965 929 1013 uue-

124 1037 183 1084 tures
196 1037 274 1086 tenent
289 1049 295 1084 :
311 1033 350 1084 sed
364 1033 416 1084 tacti
430 1031 519 1083 suntin
533 1035 583 1084 luen
594 1027 701 1098 eumenen
715 1035 744 1084 ad
757 1035 928 1085 ostendendum
992 1080 994 1097 ,

123 1105 225 1158 ordinem
240 1120 318 1158 eurum
336 1107 364 1156 ad
379 1112 481 1158 neaeram
502 1119 648 1171 corpoream,
662 1109 686 1156 et
699 1105 762 1170 quud
783 1105 826 1158 sut
844 1108 928 1158 virute

124 1190 218 1242 corpora
231 1179 372 1241 contingunt.

156 1250 190 1299 td
205 1250 329 1300 secundnm
341 1249 474 1314 dicendum,
488 1250 548 1315 quud
562 1249 704 1314 Augustinus
717 1248 777 1300 iuste
787 1263 831 1314 per
844 1263 928 1314 supre·

125 1335 184 1372 marn
195 1325 282 1385 partein
295 1322 353 1372 aeris
365 1321 472 1386 inteiligit
482 1335 612 1386 supremam
627 1325 715 1386 nartem
729 1321 797 1384 urei,
809 1335 865 1372 eum
882 1337 927 1386 que

123 1405 162 1442 aer
175 1393 295 1456 qnamdam
308 1393 491 1445 convenientiam
506 1394 578 1445 habet
587 1397 680 1457 proptu
692 1406 759 1443 suana
776 1393 927 1445 subtilitatem

123 1467 146 1513 et
155 1463 355 1528 diaphaneitatenu.
371 1465 434 1516 Unde
445 1464 545 1528 loquitur
555 1466 638 1516 nuntie
649 1464 756 1514 omnibus
772 1463 873 1531 engeis,
886 1467 927 1516 sed

125 1535 154 1586 de
168 1535 215 1586 illis
230 1535 270 1600 qui
284 1539 447 1601 peecaverunt,
461 1536 501 1600 qui
521 1535 645 1587 seeundum
658 1537 768 1600 quosdam
788 1535 888 1597 innunt
899 1537 927 1586 de

125 1605 268 1658 inferioribus
281 1605 406 1658 ordinibus.
418 1608 480 1658 Nihil
493 1611 570 1657 autem
582 1607 688 1671 prohibet
699 1607 774 1658 disere
784 1606 848 1671 quud
858 1621 928 1672 supe

125 1678 197 1730 riores
208 1678 281 1744 augeli
294 1679 403 1732 habentus
415 1679 523 1730 uirtutem
534 1679 645 1730 ebream
657 1683 682 1730 et
692 1678 848 1729 universalem
857 1693 928 1742 supra

126 1750 201 1801 omnia
212 1763 318 1814 uurpura,
328 1750 374 1803 sint
385 1750 410 1800 in
418 1763 526 1816 supreme
536 1754 647 1802 ereatura
658 1763 773 1813 uurpureae
784 1750 872 1813 neati3
889 1750 927 1798 alii

125 1821 189 1886 reri,
201 1822 312 1872 habentus
322 1821 417 1872 virtutes
426 1822 499 1886 magis
511 1821 670 1887 particulares,
681 1820 727 1870 sint
738 1821 810 1872 ereati
824 1821 851 1872 in
867 1823 928 1872 inte

126 1893 222 1946 rioribus
233 1892 373 1958 stuporibus.
798 1931 807 1940 ..

158 1965 191 2016 nd
204 1966 296 2017 tertium
307 1966 441 2026 dicendum,
452 1965 513 2030 quid
522 1966 623 2031 loquitur
631 1965 664 2015 ini
672 1978 719 2015 nun
733 1965 762 2015 de
775 1965 838 2016 *uelo
851 1965 926 2030 aliquo

126 2050 249 2102 corporee,
262 2038 302 2088 seat
315 2039 343 2088 de
353 2038 409 2088 uselo
419 2041 506 2088 sunutae
515 2037 645 2100 Trinitatis,
656 2036 682 2086 in
691 2037 754 2101 quud
767 2038 865 2101 augelus
873 2051 926 2102 pee-

126 2122 180 2160 uans
196 2109 318 2164 ascendere
332 2108 416 2170 uoluit,
434 2110 487 2160 dum
501 2109 574 2160 veluit
587 2108 664 2173 atiquo
678 2109 745 2158 modu
759 2110 808 2159 tien
827 2110 926 2174 equuu-

125 2180 185 2244 rari,
200 2184 226 2230 ut
236 2177 301 2240 iniri,
308 2178 404 2248 patebit.
