1992 3342
125 244 170 289 tao
364 254 424 289 raus
439 256 458 300 v,
473 255 563 297 ounsr.
580 256 604 289 xr
612 278 620 302 ,
636 255 688 289 rur.
707 255 731 289 u.

123 344 194 379 unum
211 329 244 379 sit
257 328 372 391 posterius
385 329 543 393 multitudine,
560 332 583 379 et
602 329 726 379 diffiniatur
741 342 859 392 peream,
876 344 932 379 curu

123 406 199 451 tumen
219 400 340 449 multitudo
353 399 479 449 diffiniatur
491 414 533 464 per
547 414 625 449 unum.
646 401 709 453 Unde
731 400 776 450 erit
792 400 892 450 circulus
906 402 931 449 in

124 471 271 533 diffinitione,
287 472 347 534 quod
364 475 399 521 est
411 471 584 523 inoonveniens.
597 473 647 521 Non
660 485 715 533 ergo
730 485 800 521 unum
819 476 842 520 et
857 472 932 521 multa

124 546 179 591 sunt
193 541 304 605 opposita.

157 615 203 663 Sed
216 617 313 675 contra,
328 627 423 676 quorum
435 614 536 664 rationes
551 618 603 663 sunt
617 613 745 676 oppositae,
759 614 809 677 ipsa
823 616 877 662 sunt
891 628 937 678 op-

127 685 209 748 posita.
233 685 279 734 Sed
297 685 353 733 ratio
372 685 441 734 unius
458 684 563 734 consistit
583 684 608 733 in
627 684 779 747 indivisione,
799 685 857 733 ratio
875 684 936 735 verli

127 754 277 805 multitudiuis
292 754 428 805 divisionem
448 756 559 805 continet.
585 757 644 817 Ergo
659 769 730 804 unum
747 760 771 805 ot
789 754 859 804 multa
879 760 937 806 sunt

128 826 239 889 opposita.

160 896 319 960 (Conclusio.
334 900 454 949 -Unum
473 902 497 947 et
517 898 587 947 multa
604 910 649 947 non
672 898 752 947 eodem
774 898 840 947 modo
861 910 940 961 oppo-

130 971 215 1017 ntnrtur
226 983 231 1015 :
243 981 313 1017 unum
326 968 389 1018 enlm
407 969 496 1019 numeri
510 968 649 1031 principium
662 968 739 1017 multis
752 968 888 1031 opponitur,
909 974 939 1017 ut

131 1052 236 1087 mensura
251 1044 395 1102 mensurat03
411 1054 482 1089 unum
495 1044 572 1089 autem
585 1040 645 1101 quud
658 1038 798 1089 oouvortitur
810 1050 862 1086 curn
876 1043 937 1088 ente

43 1164 46 1173 1
131 1108 208 1157 multis
221 1110 354 1172 opponitur,
367 1114 393 1159 ut
404 1109 527 1160 indivisum
541 1108 640 1173 diviso.)

163 1182 298 1243 llespoudeo
317 1180 453 1243 dicendum,
471 1180 532 1243 qudd
552 1193 624 1229 unum
643 1180 766 1243 opponitur
782 1178 873 1241 multis,
895 1182 942 1231 sed

131 1250 289 1301 ‹liversimodd.
304 1253 359 1301 Nam
378 1265 448 1300 unum
462 1252 523 1313 qnod
536 1255 571 1301 est
585 1250 722 1315 principium
732 1249 842 1311 numeri,
864 1264 942 1313 oppo-

133 1320 194 1369 nitur
211 1321 351 1371 multitudini
369 1336 420 1385 quae
438 1326 473 1371 est
490 1334 612 1383 numeror,
631 1323 656 1373 ut
670 1332 776 1369 mensura
794 1326 942 1371 monstrato.

132 1392 206 1440 Unum
220 1393 280 1441 enim
294 1393 363 1443 habet
375 1392 487 1441 mdonem
501 1390 580 1454 primm
599 1404 726 1453 mansura,
741 1392 764 1439 et
782 1403 890 1440 numerus
904 1397 944 1441 est

132 1463 253 1513 multitudo
265 1467 394 1512 mensurata
410 1460 451 1527 pir
463 1476 551 1523 unum,
563 1465 589 1512 ut
602 1465 665 1524 patet
679 1474 708 1510 ex
725 1462 753 1521 ll„
770 1460 944 1525 Metuplrpric.

133 1535 207 1581 Unum
221 1532 276 1582 vert
289 1535 349 1595 quod
362 1534 503 1583 convortitur
516 1546 569 1581 oum
584 1536 646 1594 ento,
661 1530 781 1594 opponitur
796 1530 946 1583 multitudini

134 1616 175 1663 per
189 1604 280 1652 modum
294 1602 443 1665 privationis,
460 1607 485 1651 ul
497 1602 620 1656 indivisum
634 1600 716 1659 diviso.

167 1674 200 1721 nd
213 1673 311 1735 primum
325 1687 381 1735 ergo
393 1674 529 1736 dicendum,
544 1674 605 1735 qudd
622 1672 684 1721 nulla
697 1670 794 1735 privatio
806 1670 866 1727 tollit
880 1674 949 1723 tota—

134 1742 186 1791 liter
206 1755 269 1804 esso,
286 1743 339 1805 quia
359 1743 457 1806 privatio
477 1746 512 1795 est
536 1743 628 1805 negatio
650 1742 676 1791 in
691 1742 794 1804 subjecto
815 1744 945 1793 secundum

136 1813 299 1876 Philosophum
311 1813 354 1878 (l),
366 1816 406 1863 sed
418 1819 496 1863 minen
510 1814 583 1865 omnis
595 1813 693 1877 privatio
707 1813 765 1863 tollit
776 1811 867 1874 aliquod
878 1826 945 1866 esse.

135 1885 164 1932 Et
185 1883 237 1933 ideo
258 1884 283 1932 in
301 1888 368 1947 ente,
390 1885 478 1935 ratione
499 1899 546 1934 sum
569 1882 736 1934 communitatis
762 1882 861 1945 aooidit,
879 1884 948 1946 quod

135 1955 233 2017 privatio
246 1956 307 2005 entis
318 1956 425 2005 fundatur
436 1957 461 2005 in
474 1961 527 2007 ente
540 1972 545 2004 :
559 1956 619 2019 quud
632 1969 678 2005 non
692 1953 773 2013 accidit
787 1954 812 2002 in
831 1954 950 2015 privatio·

136 2026 202 2075 nibus
214 2026 338 2075 formarum
355 2026 502 2089 specialium,
516 2030 541 2075 ut
553 2026 628 2089 visus,
642 2027 679 2076 vel
698 2023 828 2086 albedinis,
841 2026 881 2074 vel
899 2027 948 2077 ali-

136 2096 202 2158 cujus
211 2096 349 2159 hujusmodi,
364 2098 393 2145 Et
404 2096 462 2146 sicut
473 2101 508 2154 est
521 2098 548 2147 de
561 2100 630 2160 ento,
641 2096 673 2145 ita
683 2099 717 2145 est
731 2096 758 2144 de
770 2108 817 2149 uno
828 2099 852 2151 et
865 2096 926 2148 bono
936 2138 949 2161 ,

97 2210 102 2219 ,
137 2180 187 2227 qua
206 2172 368 2216 convertuntur
390 2181 442 2217 cum
456 2172 518 2216 ente.
537 2168 595 2215 Nam
611 2166 708 2231 privatio
722 2165 777 2215 boni
794 2164 904 2215 fundatur
919 2168 950 2217 in

137 2235 212 2298 aliquo
229 2237 303 2299 bono,
319 2240 343 2286 ot
360 2238 464 2287 similitor
477 2237 573 2287 remotio
590 2236 685 2297 unitatis
704 2236 811 2285 tundatur
824 2236 851 2285 in
865 2236 951 2300 aliquo

137 2307 190 2354 uno.
205 2306 234 2353 Et
246 2306 327 2357 exinde
345 2300 457 2370 oontingit
468 2307 527 2370 qudd
546 2306 666 2357 multitudo
682 2310 716 2357 est
733 2306 847 2371 quoddam
860 2320 950 2369 unum,
992 2328 993 2331 ¹

138 2378 162 2424 et
173 2375 256 2424 malum
269 2380 305 2425 est
322 2379 435 2440 quoddam
445 2378 545 2441 bonum,
560 2381 583 2427 et
597 2392 643 2427 non
657 2391 698 2427 ens
711 2390 746 2427 esu
761 2376 877 2442 quoddam
890 2390 950 2427 our.

124 2446 189 2494 -Non
202 2450 278 2495 tamen
297 2448 425 2511 oppositum
438 2448 574 2511 pradicatur
593 2449 620 2497 de
637 2447 740 2511 opposito
754 2462 759 2495 :
775 2447 831 2509 quia
845 2448 954 2498 altorum
992 2472 993 2475 =

139 2516 220 2564 horum
235 2520 271 2565 est
280 2516 427 2582 simpliciter,
443 2522 466 2569 et
479 2520 576 2569 altorum
588 2518 711 2567 secundum
724 2516 787 2579 quid.
803 2518 870 2575 Quod
883 2519 956 2568 onina

139 2588 262 2635 secundum
273 2587 326 2649 quid
340 2592 375 2638 ost
385 2602 435 2651 ens,
447 2589 471 2639 id
484 2593 519 2639 ost
531 2587 556 2637 in
569 2587 687 2652 potantia,
703 2590 794 2637 estnon
806 2588 957 2653 oussimpli—

140 2656 211 2719 citer,
227 2656 251 2705 id
272 2661 307 2707 est
326 2661 398 2708 actu:
420 2659 457 2709 vel
475 2660 536 2722 quod
551 2662 586 2708 est
607 2672 648 2709 eus
666 2658 800 2722 simpliciter
819 2658 845 2709 in
865 2672 962 2721 genere.

139 2728 270 2782 srvbstantiae
277 2766 285 2793 ,
300 2734 394 2780 estnon
407 2744 449 2780 ans
464 2732 588 2780 secundum
602 2730 671 2793 quid,
685 2732 795 2792 quantum
811 2731 842 2779 ad
856 2730 963 2792 aliquod

165 2860 205 2929 ,m
225 2866 342 2923 Colligitur
358 2880 387 2919 es
402 2867 462 2913 libro
478 2869 521 2922 IV,
541 2866 656 2923 Metapa„
674 2874 729 2912 tout.
745 2866 769 2923 d,
787 2868 827 2911 vol
847 2878 905 2923 cap.
925 2868 965 2919 ὴ

141 2932 165 2970 rt
178 2938 206 2971 ex
219 2928 363 2985 Cutrporr'a's,
384 2942 436 2986 cap.
452 2929 479 2973 de
494 2930 617 2985 oppositis.
