1992 3342
227 223 261 261 nn
275 221 380 261 suornm
396 223 426 261 rr
441 215 612 262 nsnrcosnri
628 222 677 262 ner.
810 215 856 264 ets

71 297 244 351 demseennddm
257 299 331 363 legem
345 298 442 363 aiicujus
452 299 590 364 superioris,
599 301 661 352 dens
670 303 747 351 autem
755 298 799 350 sibi
811 299 858 366 ipsi

70 373 99 417 est
108 372 149 420 tex.

96 441 121 490 id
131 441 229 491 tertium
240 439 379 503 dicendm,
397 438 458 504 qued
470 440 592 505 unicuique
608 440 703 492 debetur
715 441 776 504 quod
789 453 854 491 suum

69 514 104 558 ost.
112 511 197 561 iticitnr
204 513 282 561 antem
289 523 339 560 esse
347 523 414 560 suum
423 510 521 575 alicujus
531 513 592 576 quod
600 511 629 562 ad
637 513 712 576 ipsum
723 511 853 562 ordinatur:

69 580 117 630 sicu
124 594 207 632 servus
217 585 253 631 est
263 581 358 645 domini,
369 585 393 631 et
403 583 473 632 nond
486 595 606 646 converso,
618 595 670 633 nam
685 581 808 632 «dimum
822 586 857 633 est

70 652 119 711 ouod
125 652 162 702 sui
171 651 241 702 causi
252 655 287 702 est
299 655 342 716 att.
349 652 397 700 »tn
406 651 498 702 nomine
509 663 563 715 ergo
576 651 647 703 debiti
657 653 793 716 importatur
805 651 856 716 qni·

69 722 112 771 dam
120 725 175 774 ordo
187 723 309 786 exigentiae
317 724 355 772 vol
362 723 506 774 necessitatis
517 723 613 787 aiicujus
623 724 652 782 ud
660 724 720 788 quod
731 723 855 775 ordinatur.

71 792 102 839 Est
117 799 194 845 autem
210 793 295 857 duplex
311 793 367 844 ordo
384 793 560 844 considerandus
574 793 599 845 in
620 795 696 845 rebus.
715 795 794 857 Unus,
816 806 861 857 quo

69 861 141 924 otiqrid
165 869 270 914 creatum
286 863 404 917 ordinatur
426 863 535 914 adalind
563 867 683 928 creatum3
706 863 765 914 sicut
785 867 863 928 partes

68 935 193 986 odiuntur
203 937 232 986 ad
245 938 330 998 totum,
344 937 368 985 et
379 933 507 986 accidentia
517 934 547 985 ad
559 935 705 998 animantius,
717 939 741 986 et
753 949 861 999 unaque

69 1016 151 1064 que‘res
166 1006 199 1056 ad
212 1019 281 1056 suum
295 1005 373 1055 finem.
387 1004 451 1056 Alius
463 1006 533 1069 ordo,
548 1019 593 1070 quo
606 1006 682 1057 omuia
702 1009 778 1056 creata
800 1005 861 1056 ordi·

67 1080 139 1126 uantur
150 1078 178 1126 in
192 1077 275 1127 Deunn
289 1075 409 1138 sicigitur
422 1075 576 1126 etdeditu'm
596 1077 684 1126 attendi
699 1080 775 1140 potest
787 1075 862 1140 dupli-

67 1144 116 1195 citer
124 1147 148 1197 in
157 1145 295 1211 operatione
305 1145 383 1196 divina
394 1161 401 1194 ι
414 1148 456 1195 aut
463 1144 591 1209 secundnm
601 1145 661 1210 quod
672 1147 757 1210 altqrrid
764 1147 863 1198 debetur

67 1215 114 1279 iico,
124 1222 163 1268 ant
174 1215 303 1268 semmddm
315 1215 376 1280 quod
386 1215 473 1280 aliquid
482 1215 578 1266 debetur
585 1215 619 1266 rei
627 1219 718 1266 creatae.
730 1218 758 1266 Et
767 1219 863 1286 unoque

67 1288 125 1338 modo
135 1290 200 1339 Dens
219 1287 323 1337 debitum
341 1286 425 1337 reddit.
445 1285 553 1336 Debitum
569 1285 631 1336 onim
647 1289 682 1336 est
694 1286 756 1350 Deo,
779 1289 805 1336 ut
822 1285 864 1335 im-

67 1356 145 1415 pleatur
158 1346 190 1408 in
207 1358 278 1408 rebus
294 1355 318 1406 id
337 1357 399 1420 qnod
416 1355 469 1420 ejus
483 1355 597 1420 sapientia
614 1358 638 1406 et
653 1356 759 1406 voluntas
774 1355 862 1419 habet,

63 1431 84 1476 ot
94 1431 152 1492 quod
163 1428 242 1494 ipsius
252 1427 380 1478 bonitatem
390 1427 536 1484 manifestata
550 1431 574 1478 et
583 1425 709 1478 secundnm
720 1427 764 1476 hoc
774 1425 865 1489 justitia

66 1500 101 1546 tici
108 1501 203 1565 respicit
213 1497 343 1549 decentiam
351 1497 438 1561 ipsius,
447 1496 571 1549 secundnm
582 1511 651 1560 quam
662 1497 736 1547 reddit
748 1495 791 1546 sibi
803 1498 865 1560 quod

65 1570 104 1618 sibi
112 1573 220 1623 debetur.
230 1568 337 1620 Debitum
346 1569 416 1620 etiam
425 1572 461 1620 est
471 1568 540 1619 alicui
552 1569 587 1619 rei
597 1571 694 1630 creatu,
708 1566 770 1632 qudd
781 1567 866 1618 habeat

62 1641 83 1690 id
92 1645 150 1705 quod
159 1644 191 1694 ad
202 1643 280 1706 ipsam
288 1641 422 1704 ordinntnr3
437 1641 497 1691 sicut
506 1639 593 1690 homini
606 1639 666 1704 qudo
679 1640 763 1690 habeat
774 1651 864 1702 manus,

63 1713 153 1776 etquid
167 1713 192 1764 ei
205 1712 253 1763 alia
265 1711 373 1761 animalia
384 1711 500 1773 serviant,
519 1714 542 1762 et
558 1710 593 1760 sic
605 1710 674 1762 etiam
685 1711 745 1760 Dens
758 1712 866 1774 operatur

58 1782 168 1844 iunium
188 1783 282 1848 quando
303 1784 343 1832 dat
361 1781 484 1846 unicuique
504 1781 564 1845 quod
582 1781 604 1832 ei
627 1781 723 1832 debetur
739 1779 866 1832 secundum

60 1855 168 1906 rationem
179 1866 230 1905 suae
240 1856 329 1903 naturae
342 1857 366 1902 et
378 1852 523 1902 conditionis.
532 1851 577 1901 Sed
585 1852 629 1902 hoc
637 1851 740 1902 debitum
750 1851 866 1914 dependet
924 1891 929 1899 .

61 1936 87 1972 eu
97 1926 194 1989 primo;
209 1923 264 1989 quia
282 1925 327 1973 hoc
342 1922 464 1986 unicnique
478 1923 587 1985 dehmnr,
601 1922 663 1985 quod
683 1923 717 1970 est
735 1921 864 1970 ordinatum

58 1995 173 2059 adipsum
183 1993 315 2046 secundnm
325 1993 429 2043 ordinem
447 1991 530 2043 diuinae
544 1991 673 2056 sapientie.
690 1993 717 2040 Et
735 1989 788 2040 licet
808 1993 868 2042 Deus

59 2067 98 2114 uoc
109 2067 184 2118 modo
202 2065 307 2117 debitum
326 2063 394 2114 alicui
414 2063 466 2126 det,
480 2074 527 2114 non
542 2065 621 2112 tamnu
638 2061 687 2126 ipse
703 2056 746 2111 'est
762 2060 866 2123 debitor;

60 2136 107 2197 quia
118 2137 174 2202 ipse
192 2137 223 2188 ad
239 2134 284 2186 alia
300 2148 348 2184 non
365 2133 491 2197 ordinatur,
506 2133 545 2184 scd
556 2133 633 2198 potids
644 2132 687 2182 alia
702 2131 727 2181 in
741 2131 823 2196 ipsum,
840 2131 868 2181 st

57 2208 104 2258 ideo
119 2207 220 2272 justitia
237 2207 373 2270 quandoque
387 2205 470 2256 dicitnr
487 2206 514 2255 in
525 2207 572 2258 Deo
584 2203 732 2256 condecentia
744 2217 791 2254 sne
801 2203 867 2254 boni-

59 2279 123 2342 tatis,
139 2278 285 2344 quandoque
303 2275 360 2327 nord
377 2276 497 2326 retributio
520 2289 560 2340 pro
579 2276 675 2327 meritis
696 2277 725 2327 Et
744 2277 868 2338 utrumque

85 2415 116 2472 (1)
140 2418 172 2462 ln
197 2412 315 2469 ablativo,
335 2412 359 2456 id
379 2417 415 2457 est
437 2413 521 2470 pretia
541 2412 582 2456 eut
602 2399 687 2472 (ἀυτοῦ
707 2397 805 2470 ἕνεκα),
824 2409 866 2464 up,

56 2478 75 2523 t.
90 2477 218 2536 locuple..
233 2486 287 2530 cap.
304 2474 329 2518 fl.
349 2472 442 2519 Non‘in
456 2474 616 2531 nominativo,
638 2473 703 2530 missi
718 2473 807 2518 dicotur
827 2483 869 2527 per

55 2540 157 2597 seipsum
173 2537 299 2595 agereret
311 2536 487 2592 dispositionem
498 2536 534 2581 sni
547 2533 611 2580 actds
622 2535 717 2580 habere.
732 2535 795 2580 Licet
805 2534 869 2578 enim

54 2603 170 2648 interdum
189 2603 217 2645 S.
232 2598 333 2644 Thomas
351 2596 387 2658 (et
399 2598 562 2643 nominatim‘i
578 2604 647 2654 part,
664 2609 703 2652 qu.
718 2596 762 2655 8³,
778 2601 821 2640 art.
838 2595 866 2653 3,

55 2665 79 2705 ud
93 2663 121 2724 3}
137 2662 207 2709 satis
220 2660 330 2717 expresse
344 2661 377 2705 sic
390 2666 496 2717 usurpet,
510 2660 563 2716 qnia
579 2671 607 2703 ex
621 2671 668 2704 uno
684 2671 768 2714 nempe
786 2667 869 2702 consc-

54 2727 130 2780 uuitur
147 2723 236 2781 artua,
259 2734 303 2766 nec
324 2722 408 2779 ationis
422 2720 493 2779 gratid
501 2723 543 2766 -sui
561 2727 638 2777 potest
655 2722 746 2776 operari
764 2721 803 2776 qui
823 2729 868 2762 non

55 2791 139 2836 trahent
152 2784 342 2843 dispositionem
357 2785 394 2830 vol
411 2785 538 2830 dominium
556 2785 591 2829 sni
606 2781 679 2828 sonis.
689 2783 771 2834 ,Priora
791 2787 869 2827 tamen

54 2864 122 2894 moso
132 2851 180 2907 qui
196 2847 333 2902 expressior
342 2852 368 2891 et
376 2847 493 2892 tormsiior
503 2847 566 2892 solus
577 2852 620 2905 est,
632 2845 743 2891 intellexit
756 2857 781 2891 ac
796 2841 868 2898 erpti-

54 2914 114 2960 rart't
127 2925 176 2962 suo
194 2911 266 2967 loce,
280 2910 334 2954 lect.
349 2909 373 2969 ³,
387 2916 413 2954 ut
426 2907 471 2956 hit.
