1992 3342
132 265 178 313 lili
318 276 379 313 reus
393 276 412 325 r,
427 276 518 330 onesr.
537 276 631 325 xxxvii,
646 274 700 311 unu.
716 274 743 311 u.

132 355 207 411 tione,
223 350 327 417 quemme
337 352 456 402 calefactio
470 366 517 402 nou
530 351 559 401 sit
570 351 632 401 culor
644 350 699 415 (qui
712 352 747 400 est
755 352 829 401 forme
845 351 910 415 iguis
920 352 937 415 l,

130 425 173 476 sed
181 424 241 475 actio
249 424 278 474 ab
286 423 339 486 igne
350 424 491 488 procedens,
501 427 525 473 et
537 422 633 474 dicimus
642 420 702 486 qndd
711 422 779 472 urinor
790 426 827 473 est
840 424 938 486 floreres

131 496 254 559 floridus,
269 496 373 560 quamuis
384 496 451 547 tiores
467 508 515 547 uon
533 494 579 545 sint
592 494 664 545 torma
678 493 779 557 arboris,
789 494 831 545 sed
841 495 937 558 qnidam

131 568 226 618 edoctus
236 568 266 618 alt
280 568 330 631 ipss
343 568 502 631 procedentes.

163 638 293 689 Secuuddm
306 640 350 689 luoc
367 652 422 702 ergo
438 638 576 703 dicendum,
589 637 649 702 quod
665 637 717 688 cim
734 636 849 701 dilipere
866 638 891 689 iu
904 641 938 690 di-

131 710 191 761 uinis
203 710 324 773 dupliciter
337 713 452 773 sumatur,
467 710 618 761 essentialiter
634 709 722 761 scilicet
736 712 759 760 et
771 709 937 776 notioualiter,

131 780 256 831 secuudum
268 781 329 845 qudd
342 781 493 833 essentialiter
507 782 617 844 sumitur,
633 781 666 831 sic
680 782 747 832 Peter
761 785 785 831 et
800 782 879 833 Filius
892 798 937 835 uou

132 852 230 915 diligunt
242 867 267 903 se
280 854 368 917 Spiritu
379 858 472 917 sancto,
484 856 524 905 sed
536 853 770 905 emolumentum
784 856 936 919 Augustinus,

131 923 157 973 iu
168 926 217 988 xv,
228 926 262 976 de
275 926 355 989 Trite,
367 939 418 989 rep.
431 930 444 974 'l
459 940 465 973 :
480 925 558 985 «Quis
570 926 639 975 undet
647 925 721 977 dicere
733 928 840 985 Putrem,
850 940 936 990 necse,

132 1008 176 1047 nec
189 997 286 1061 Filium,
302 1009 347 1047 uec
359 997 469 1061 Spiritum
482 1001 586 1047 sunctum
600 996 707 1061 diligere,
715 996 759 1047 uisi
773 996 937 1062 perspiritum

131 1069 249 1119 sunctum?
259 1086 274 1117 »
289 1071 317 1119 Et
327 1068 453 1119 secuudum
462 1070 507 1118 luoc
516 1069 642 1133 procedunt
654 1068 732 1132 prime
748 1068 882 1133 opiniones.
899 1072 937 1121 Se-

131 1140 235 1191 cundirm
248 1141 302 1193 verri
315 1141 376 1206 qudd
388 1140 533 1191 notiouulitcr
546 1140 651 1204 sumitur,
663 1140 696 1191 sic
706 1140 820 1205 dilipere
833 1142 895 1193 nihil
903 1148 937 1194 est

131 1212 194 1263 uliud
204 1213 273 1278 quim
282 1215 384 1278 spirare
390 1227 517 1269 umorem,
526 1212 585 1263 sicut
594 1212 678 1261 dicere
685 1215 721 1276 est
728 1210 873 1276 producere
885 1231 936 1265 neu

131 1282 206 1341 dum,
216 1289 240 1337 et
249 1289 339 1348 llorere
350 1289 386 1335 est
397 1284 537 1349 producere
546 1284 631 1347 flores.
641 1282 705 1333 Sicut
715 1296 771 1345 ergo
779 1283 865 1335 dicitnr
872 1287 937 1336 arbor
985 1298 986 1305 ¹

131 1354 225 1417 florens
242 1356 362 1420 floribus,
377 1357 409 1406 ite
422 1355 506 1405 dicitnr
520 1356 588 1405 Peter
602 1354 688 1404 diceres
700 1354 839 1420 uerbo(rel
852 1356 935 1420 Filio),

130 1439 156 1476 se
168 1433 193 1478 et
203 1433 340 1479 creaturum,
353 1430 381 1477 lit
397 1429 465 1477 Peter
480 1430 504 1476 et
517 1425 590 1477 Filius
603 1426 708 1476 dicuutur
722 1426 864 1491 dilipenter
879 1431 936 1493 Spi-

131 1499 187 1549 ritu
201 1502 286 1549 sancto
301 1500 346 1563 (rel
357 1511 435 1549 amore
447 1496 606 1563 procedente),
616 1500 639 1547 et
653 1511 677 1547 se
689 1500 712 1547 et
725 1510 776 1548 nos.

163 1572 197 1621 Ad
208 1571 305 1634 primum
319 1585 373 1634 ergo
389 1571 524 1633 dicendum,
539 1568 600 1633 quid
618 1584 668 1618 erre
686 1571 830 1633 cupientem
844 1572 886 1621 vel
900 1576 937 1622 rir-

133 1642 289 1707 tellipentem
298 1643 325 1692 iu
337 1642 421 1693 divinis
437 1656 483 1693 nou
497 1640 595 1692 sumitur
606 1640 650 1696 nisi
663 1640 829 1705 essentialiter,
846 1646 870 1693 ct
886 1644 935 1695 ideo
986 1670 987 1685 κ

132 1726 179 1763 non
189 1717 265 1777 potest
275 1714 319 1763 dici
328 1713 389 1777 qnod
399 1718 468 1763 Peter
476 1712 507 1763 sit
516 1713 610 1778 'sepiens
624 1712 661 1762 rel
671 1712 804 1775 intelligens
814 1714 888 1779 Fili03
899 1718 935 1767 sed

132 1785 244 1850 diliqere
258 1786 356 1837 sumitur
371 1800 417 1837 uou
431 1785 506 1836 solium
518 1784 679 1846 essentialiter,
689 1786 730 1835 sed
748 1785 818 1837 etiem
833 1788 937 1839 notionu-

131 1855 198 1919 litcr,
213 1860 237 1906 ct
250 1856 375 1907 secuudum
391 1858 435 1907 troc
450 1870 570 1921 possumus
584 1855 660 1907 dicere
674 1855 735 1920 quid
749 1858 816 1908 Peter
831 1864 856 1909 et
869 1860 937 1911 Filius

132 1927 231 1991 diligunt
240 1942 265 1979 se
278 1927 366 1992 Spiritu
376 1932 469 1991 seucto,
487 1930 514 1977 nl
526 1928 667 1979 dictumest.

164 2002 198 2051 nd
210 2002 335 2051 secuudum
345 2001 478 2062 dicendum,
486 2000 549 2064 qnid
562 2000 652 2065 quando
668 2000 694 2050 in
707 2000 828 2052 intellectu
842 2004 937 2070 alicujus

132 2072 228 2124 notionis
241 2074 377 2137 importetur
388 2071 555 2123 determinatus
576 2072 688 2134 enectus,
701 2076 778 2135 potest
796 2075 937 2126 denominari

132 2144 270 2208 principium
280 2144 378 2194 actionis
390 2147 414 2194 et
424 2144 452 2194 nb
462 2142 552 2193 actione
566 2146 590 2193 et
601 2144 629 2193 nb
643 2143 736 2207 ellectu,
745 2144 806 2195 sicut
817 2158 938 2209 possumus

131 2216 208 2269 dicere
227 2216 288 2281 qudd
307 2217 373 2266 arbor
391 2219 428 2265 est
445 2216 541 2279 florens
560 2216 691 2279 floritione
715 2220 741 2266 et
757 2217 885 2285 floridum
900 2221 937 2270 sed

131 2289 222 2350 quaudo
234 2288 259 2338 in
272 2288 361 2339 actione
376 2301 424 2340 nou
439 2287 563 2337 includitur
575 2287 739 2338 determinatus
754 2288 869 2354 effectus,
883 2295 937 2342 tuuc

130 2370 177 2406 uon
189 2363 266 2421 potest
276 2359 415 2425 principium
424 2358 520 2409 actionis
530 2358 671 2410 denominari
685 2360 713 2409 eb
726 2359 812 2409 effectu
819 2397 828 2423 ,
841 2364 883 2413 sed
897 2378 933 2414 so-

130 2426 178 2479 linu
192 2431 320 2482 electione
334 2448 340 2481 ι
350 2430 468 2482 nonenim
477 2430 576 2481 dicimus
589 2429 650 2494 quid
661 2430 727 2481 eruor
739 2432 846 2495 producit
858 2435 939 2485 liorem

130 2500 200 2562 tiore,
214 2503 255 2551 sed
263 2502 412 2566 productione
424 2502 494 2552 iloris.
508 2503 534 2551 ln
545 2504 589 2552 hoc
599 2501 669 2565 igitur
680 2502 741 2567 quod
752 2502 804 2553 dico
816 2519 821 2552 :
837 2522 852 2551 u
862 2505 941 2570 Spirat

129 2571 168 2619 uel
179 2577 286 2636 generet,
302 2590 316 2619 u
329 2573 466 2637 importatur
477 2577 542 2623 actus
558 2572 699 2624 potionatis:
715 2575 776 2625 uude
793 2588 841 2626 uon
861 2590 941 2643 possu-

130 2656 182 2693 mus
193 2643 268 2694 dicere
281 2645 342 2709 qudd
352 2646 420 2695 Peter
428 2646 501 2709 spiret
507 2644 594 2710 Spiritu
605 2648 695 2710 sancto,
707 2646 745 2697 rel
758 2652 855 2711 generet
867 2650 937 2707 Filio

130 2726 249 2777 possumus
262 2719 338 2765 autem
351 2716 426 2767 dicere
435 2717 496 2781 quon
510 2718 578 2767 Pater
589 2716 656 2767 dicit
670 2717 744 2768 verbo
760 2722 874 2783 tauquam
888 2736 941 2787 per-

130 2782 187 2832 soud
199 2787 355 2851 procedente,
371 2792 394 2840 et
407 2787 475 2837 dicit
488 2788 601 2839 dictione
614 2790 723 2855 tanquam
742 2794 795 2842 actu
809 2792 941 2857 notioneli,

131 2854 184 2917 quir
205 2856 290 2905 dicere
308 2857 416 2922 importat
430 2860 604 2911 determinatam
618 2874 739 2927 personam
753 2864 944 2930 procedentem,

133 2923 186 2974 cium
205 2926 291 2976 dicere
302 2928 332 2977 sit
345 2931 487 2993 producere
505 2932 617 2983 verbnm.
635 2935 663 2983 Et
682 2932 788 2985 similiter
808 2934 942 3001 diligere,

132 3000 200 3058 prout
215 2998 361 3052 notionuliter
372 3003 483 3069 sumitur,
496 3008 532 3055 est
549 3005 688 3069 producere
700 3018 817 3065 umorem
827 3022 838 3058 .·
850 3012 877 3059 el
888 3008 945 3062 ideo
