1992 3342
236 268 239 273 ·
276 253 308 291 nn
322 252 492 290 manemus
508 250 608 291 ornum.
800 216 845 289 tta

342 392 502 443 inuolutis
515 392 544 441 lt.

134 512 214 559 Utrdm
221 516 312 561 relatio
319 516 346 560 io
355 516 407 562 Deo
416 517 448 561 sit
457 516 521 562 idem
532 517 594 573 quand
601 529 646 561 auu
656 515 766 563 essentia.

97 627 122 677 dd
129 632 245 683 scandum
255 632 289 683 sic
300 632 482 699 prooeditnr(l).
491 626 587 684 Videtur
598 632 660 699 qudd
668 634 748 685 relatio
762 633 787 685 in
800 634 847 684 Deo

70 708 105 745 non
115 700 139 751 sd
149 702 208 754 idern
221 705 282 768 quod
294 717 335 754 sua
350 705 458 756 essentia.
476 705 535 755 llicit
549 705 611 757 eninr
622 705 761 768 Augustinus
771 706 799 768 tl,
815 704 848 755 de

70 767 122 820 To'o.
136 774 192 841 (rap.
204 775 238 841 5).
251 775 314 842 quod
325 790 393 827 unou
407 789 475 826 omne
489 778 550 840 quod
564 777 645 828 dieitur
656 776 681 827 iu
694 775 754 841 Deo,
766 777 849 829 dicitnr

69 844 171 896 sculum
179 848 331 899 substantiam
340 865 347 911 ;
356 864 369 894 u
378 847 459 899 dieitur
468 848 532 898 enirn
542 848 579 899 ad
588 846 700 913 aliquid,
710 848 770 899 sieut
780 848 849 899 Pater

66 912 88 959 ld
105 915 187 969 litium.
208 919 255 970 Sed
272 920 323 969 haec
345 932 393 969 non
407 914 533 969 seeunddrir
553 918 702 971 substantiam
719 920 847 972 dicuntur:

67 993 109 1044 ergo
124 990 199 1041 rdado
211 994 305 1042 nonest
319 990 397 1041 diuina
408 991 516 1041 essentia.

89 1060 246 1127 attenua,
261 1063 402 1125 Augustinus
424 1062 478 1113 (ficit
493 1062 550 1125 Vll,
567 1062 599 1111 de
622 1062 691 1113 Tria.
706 1062 775 1129 (cap.
790 1062 823 1127 t)
840 1079 847 1114 ε

65 1142 77 1169 u
85 1129 148 1183 dunis
160 1148 197 1185 res
206 1148 260 1199 qua
269 1133 364 1183 relative
375 1134 467 1197 dieitur,
480 1138 516 1184 est
525 1132 595 1185 etiarn
608 1132 693 1197 aliquid
704 1138 801 1198 excepto
812 1146 849 1184 re-

65 1196 131 1265 lativo,
146 1204 207 1257 sieut
224 1207 294 1256 horno
311 1206 415 1255 domiuus
428 1209 458 1263 et
468 1206 536 1256 homo
557 1218 635 1255 seruus
655 1204 698 1269 (Ξ),
713 1222 726 1251 u
738 1205 762 1255 si
779 1204 850 1268 igitur

60 1268 163 1327 relationes
182 1278 269 1342 aliquae
283 1279 336 1326 sunt
354 1276 379 1326 ‘un
396 1276 455 1338 ileo,
470 1280 561 1340 oportet
580 1289 629 1326 esse
652 1276 676 1327 in
696 1278 743 1327 Deo
764 1273 851 1341 aliquid

59 1340 108 1393 aliud
125 1354 211 1411 prater
226 1347 359 1399 relationes.
380 1349 425 1399 Sed
440 1349 486 1399 hoe
502 1346 563 1397 aliud
583 1361 630 1397 uon
645 1350 721 1412 potest
740 1360 790 1399 esse
806 1346 851 1399 uisi

59 1418 139 1470 asenna
152 1437 158 1470 z
172 1434 231 1485 ergo
242 1415 342 1471 essentia
356 1423 391 1470 est
404 1419 466 1469 aliud
479 1417 493 1469 t
504 1418 660 1469 relationibus.

69 1493 101 1564 ¹l.
113 1492 247 1555 Praeterea,
260 1507 311 1542 esse
329 1490 419 1541 relativi
437 1494 473 1542 est
489 1490 593 1543 adalind
612 1505 636 1543 se
656 1491 741 1541 trabere
750 1528 759 1555 ,
773 1494 799 1541 ut
816 1492 851 1543 di-

58 1562 137 1611 erturin
153 1564 346 1629 praedicamentis
364 1563 408 1627 tt).
430 1562 456 1613 Si
476 1562 546 1625 igitur
563 1563 645 1613 relatio
663 1562 692 1612 sit
710 1561 760 1625 ipsa
774 1558 852 1615 diona

54 1632 154 1700 essentia,
174 1636 285 1701 sequitur
296 1634 356 1700 qudd
375 1650 426 1684 esse
439 1634 523 1685 divina
537 1634 642 1685 essentie
658 1634 687 1685 sit
699 1634 731 1685 ‘ad
747 1632 809 1685 aliud
827 1648 852 1687 se

53 1701 133 1756 lubere.
156 1710 225 1765 Quod
255 1711 370 1773 repugnat
393 1705 531 1772 perfectioni
555 1705 626 1755 divini
648 1720 712 1768 esee,
734 1706 795 1769 quod
811 1710 853 1757 'est

54 1776 137 1827 unnint
151 1781 287 1831 absolutum
304 1783 328 1831 et
346 1792 388 1843 per
403 1792 427 1829 se
449 1776 590 1841 subsistens,
606 1781 631 1828 ut
651 1776 720 1842 supra
735 1780 852 1829 ostensum

49 1852 75 1893 est
90 1852 129 1914 (t).
143 1855 202 1903 Non
223 1852 295 1915 igitur
305 1852 386 1903 relatio
396 1854 431 1902 est
442 1850 491 1916 ipsa
505 1849 604 1901 essentia
618 1850 702 1901 divina.

74 1919 113 1971 Sed
129 1929 228 1987 eontra,
252 1923 326 1974 omnis
343 1930 381 1973 res
399 1936 450 1988 qua
468 1935 515 1972 non
533 1925 567 1972 est
585 1920 663 1975 diviua
682 1922 797 1990 essentia,
818 1926 854 1971 est

47 1997 146 2048 ueatnra.
169 1999 220 2048 Sed
234 1996 317 2047 relatio
329 1995 422 2046 realiter
440 1994 549 2058 dompetit
563 1996 618 2047 ileo.
640 1993 663 2045 Si
681 2007 735 2057 ergo
753 1996 854 2045 nonest

49 2064 112 2118 lirina
126 2070 248 2133 essentia,
260 2068 305 2118 erit
316 2070 435 2127 ereatura,
447 2071 471 2117 et
484 2066 517 2117 ita
526 2064 550 2117 ei
558 2079 604 2117 non
617 2066 662 2116 erit
669 2065 770 2117 adoratio
780 2064 854 2114 latria

46 2137 176 2191 ·:1lrileuda.
193 2142 284 2192 Contra
297 2140 357 2203 quod
372 2138 397 2188 in
414 2138 550 2202 prelatione
566 2140 671 2189 cantatur
684 2152 713 2185 :u
725 2134 790 2186 Utin
802 2149 854 2199 peu-

42 2210 93 2260 -uu's
104 2214 256 2279 proprietas,
269 2216 293 2262 et
303 2212 328 2260 in
338 2210 437 2261 essentia
447 2209 533 2273 unius,
545 2212 568 2260 et
581 2209 606 2259 in
616 2208 736 2273 majestate
747 2208 853 2259 adoretur

47 2284 163 2340 equalitas.
182 2300 199 2330 »

70 2355 242 2414 ttonansro.
256 2353 387 2405 -Relatio
405 2352 497 2405 realita
509 2352 535 2402 in
550 2354 596 2407 ileo
611 2352 725 2415 existens,
744 2351 807 2402 idem
819 2355 854 2402 est

70 2517 96 2578 [l]
110 2524 146 2568 lle
159 2524 205 2569 luis
219 2521 293 2569 etiarn
303 2523 329 2579 1,
338 2520 422 2570 sut,
435 2520 489 2565 dist.
499 2519 544 2578 33,
557 2518 639 2573 art.1;
652 2525 675 2565 et
688 2518 758 2565 Ceut.
771 2519 853 2569 Geni„

42 2581 71 2626 rtr.
84 2587 126 2643 Π,
141 2599 206 2643 cap.
223 2582 268 2637 143
285 2590 310 2628 et
321 2595 362 2639 qu.
381 2582 411 2641 8,
422 2583 452 2628 de·
463 2588 564 2640 potent,
579 2589 623 2628 art.
636 2583 667 2643 23
683 2588 707 2627 et
720 2582 809 2639 Qoodt
821 2582 853 2636 6,

41 2652 73 2688 ut.
86 2646 132 2703 113
150 2656 180 2695 et
196 2646 295 2705 Opitre.
309 2645 438 2705 9,.qusrst
451 2643 481 2699 o;
495 2652 521 2690 et
533 2646 605 2691 loon.
621 2643 665 2703 16,
679 2646 735 2689 leet.
748 2644 773 2690 t.

65 2717 93 2777 ii}
108 2722 165 2767 Hoo
188 2723 246 2776 est,
259 2718 333 2763 lrabet
344 2716 439 2773 aliquod
454 2727 503 2762 ease
520 2722 604 2773 prester
619 2716 693 2773 ipsam
703 2716 853 2771 relationem,

40 2782 64 2823 el
79 2791 173 2838 prater
186 2794 244 2827 use
254 2780 389 2825 relativum.

65 2852 93 2910 13)
109 2855 161 2899 Ubi
177 2852 260 2898 edam
272 2850 380 2895 aaron
392 2862 441 2895 osae
452 2849 544 2907 dieitur,
560 2861 613 2905 cap.
627 2849 656 2893 de
670 2848 701 2893 od
716 2847 822 2907 aliquid.

64 2921 93 2984 it)
107 2926 215 2972 Partitur·
233 2927 318 2979 quest.
331 2921 360 2980 3,
373 2928 415 2967 art.
429 2920 458 2978 t,
471 2922 511 2965 nbi
532 2923 561 2965 ab
573 2924 674 2966 essentia
686 2932 732 2965 non
746 2916 855 2976 distingui

39 2991 159 3043 <rotatum
176 2983 397 3045 pastinarent,
411 2986 456 3030 att'.
467 2985 492 3042 2,
504 2984 545 3029 utri
557 2984 601 3029 nou
614 2984 747 3029 resumitur.
