1992 3342
11 212 36 257 1,
51 210 141 253 ornusr.
157 210 187 256 n,
202 208 257 243 nur.
272 209 296 245 v.

0 304 24 346 i,
43 285 84 333 sed
103 284 172 333 etinur
189 297 240 345 qun
258 284 311 331 sunt
330 284 533 334 transmutabilia.

14 360 64 404 urat
76 360 177 416 nutum,
190 355 229 404 sed
243 355 311 404 etiarn
329 355 431 417 quietem
450 372 457 403 :
474 371 533 419 quin

3 433 33 476 st
46 427 146 488 muneri,
160 431 184 476 et
195 430 368 492 nonnruvetnr.

24 566 180 614 ARTIEULL'S
193 567 219 612 V.

4 680 106 726 terentia
116 680 159 721 (θυὶ
168 683 190 722 et
201 680 319 735 ternpnrt's.

18 796 92 845 editur
103 796 144 860 (1).
161 796 255 845 Videtur
270 797 328 859 pund
345 809 415 846 aeunnr
428 811 477 847 nen
491 802 527 851 sit

13 868 74 916 enim
86 865 233 929 Augustinus,
247 867 307 929 vllt,
316 882 389 929 super
405 868 466 917 Gen.
481 873 522 921 ad.

3 942 145 986 terenturanr
155 937 294 1000 spiritualem
305 952 345 1000 per
356 942 441 1001 ternpus
453 939 520 1004 (2).»

18 1029 22 1038 ·
46 1022 151 1058 mensura
165 1008 315 1073 spiritualium
329 1009 516 1061 substantiarum.

0 1085 30 1129 nt
41 1081 69 1129 ab
81 1094 138 1129 nvo,

4 1152 67 1200 tiene
80 1152 189 1215 temporis
205 1156 240 1201 est
254 1152 314 1215 prun
327 1151 406 1200 habeat
419 1152 482 1213 prins
495 1158 522 1205 et

7 1221 62 1271 verb
71 1221 203 1271 eternitatis
216 1226 251 1272 est
264 1224 324 1287 quod
336 1223 364 1271 sit
376 1226 421 1271 tuta
434 1222 521 1287 simul,

5 1307 58 1341 nuru
81 1306 127 1341 non
152 1296 186 1340 est
210 1293 339 1354 aetermtas3
361 1293 521 1344 diciturenim
583 1342 584 1359 p

0 1362 99 1427 pientia
113 1366 198 1410 aeterna
211 1366 246 1411 est
260 1366 311 1411 ante
324 1376 393 1411 aevum
403 1363 444 1427 (3).
460 1366 522 1428 Ergo
584 1398 585 1413 ³

8 1435 108 1483 duubet
118 1434 181 1496 prius
192 1434 519 1499 etpusterius,etitatempus.
583 1452 585 1475 t

6 1518 55 1555 aevu
66 1518 112 1553 nun
126 1507 160 1553 est
173 1505 236 1567 prius
249 1508 272 1553 et
283 1505 404 1567 posterius,
420 1508 524 1570 sequntur·

0 1575 115 1624 rdifferat
133 1589 183 1624 esse
202 1574 240 1623 vet
260 1574 341 1637 fnisse,
362 1576 399 1625 uel
419 1576 525 1628 futurum

5 1645 129 1709 „possibile
144 1645 253 1695 nviteina
266 1658 311 1694 nun
325 1646 405 1708 inisse,
420 1649 526 1711 sequitur
582 1662 583 1665 ’

1 1730 28 1765 ea
48 1730 93 1765 nun
116 1717 193 1765 futura
210 1729 269 1765 esse.
289 1718 352 1774 Quud
370 1717 450 1766 fulsum
475 1725 525 1782 est,

4 1788 87 1838 ducere
101 1787 127 1835 iu
140 1787 245 1835 nihilum.

0 1858 83 1907 ruratio
97 1858 259 1907 aeviteruurunr
273 1858 303 1906 sit
315 1858 404 1907 infinita
416 1872 445 1907 en
459 1864 529 1921 parte

5 1929 119 1991 insimul,
133 1929 237 1991 sequitur
250 1927 311 1991 quud
324 1928 413 1992 aliquod
426 1935 530 1979 creatum

14 2000 74 2063 quud
88 2004 126 2048 est
135 1999 273 2062 impossibile
289 2015 294 2047 ;
312 2013 359 2049 uun
372 1999 442 2061 igitur
455 2013 531 2049 aevurn

9 2163 13 2186 t
30 2140 88 2190 dicit
96 2140 203 2190 Boetius:
214 2158 228 2188 n
240 2141 282 2199 Qui
295 2144 386 2205 tempus
399 2141 428 2191 ab
440 2155 491 2192 nvo
499 2140 534 2206 (t)

3 2335 21 2373 t.
30 2328 45 2372 4
55 2328 170 2373 indicatis.

12 2396 109 2435 renturae
124 2388 292 2447 differentiam,
309 2402 380 2445 quum
398 2401 441 2445 per
458 2390 537 2434 locuni

11 2452 41 2495 20
50 2466 112 2509 cap,
126 2465 153 2497 θθ
169 2453 287 2507 deinceps.

7 2516 48 2559 tim
59 2517 88 2559 uh
107 2516 171 2558 initio
188 2515 240 2558 libri
256 2530 261 2557 :
282 2514 369 2557 Omnis
380 2513 537 2569 sapientiori

2 2712 71 2765 rtest,
83 2710 113 2752 tn
126 2711 252 2751 oeterntem.

1 2775 99 2824 terprete
117 2770 245 2814 recentiore
263 2770 353 2827 Betui,
371 2774 429 2826 poet
444 2780 542 2815 nuum:

3 2836 107 2888 tempus,
121 2832 144 2875 id
154 2833 178 2875 in
190 2833 260 2875 rebus
271 2831 429 2875 mutabilibus
446 2831 540 2875 faciens

11 2892 87 2936 stanit
100 2905 183 2937 nevum.
196 2892 239 2939 Sed
251 2906 279 2937 ex
294 2893 395 2947 antiqno
407 2894 541 2947 interprete

606 14 657 348 l

605 369 611 416 i
