1992 3342
61 17 79 98 l

60 103 62 127 l

60 144 61 156 r

58 275 60 297 l

152 201 198 248 tttl
342 210 402 248 esus
419 210 441 260 1,
458 209 550 256 coust.
568 209 643 260 xxm,
661 207 714 248 sur.
731 209 755 246 r.

58 337 59 343 ¹
150 282 227 334 Voluit
243 281 313 346 igitur
331 283 391 332 llens
407 281 433 331 in
449 282 581 332 hominihus
598 287 709 345 quantum
727 281 756 331 ad
778 279 879 346 aliquos,
893 292 936 348 quos

150 351 310 419 predestinut,
323 367 387 403 suurn
398 357 563 416 representare
577 353 706 403 bonitatem
720 365 762 418 per
776 355 867 403 modum
881 357 940 405 mise·

150 425 261 488 ricordiae,
277 425 404 488 parcend03
422 429 446 475 et
464 429 575 489 quantum
592 426 621 475 ad
641 425 738 490 aliquos,
760 437 817 488 quos
832 428 938 489 reprobat,

150 508 191 562 por
207 497 298 547 modum
308 496 403 560 justitiae
410 533 419 561 ‚
430 497 557 560 puniendo.
570 497 598 546 Et
615 497 665 546 haec
678 500 714 546 est
726 495 785 545 ratio
803 509 872 558 querc
892 501 940 548 Dens

149 571 258 636 quusdnm
271 571 347 633 eligit,
365 574 389 620 et
407 572 517 634 quosdam
534 571 640 634 reprobat
658 569 701 634 (l).
722 571 750 620 nt
776 571 836 620 hanc
858 585 939 622 causan

149 642 250 704 assignet
265 642 400 706 Apostolus,
413 641 450 690 ud
469 644 541 692 llum.
557 643 603 705 ill,
625 641 705 694 dicens
726 657 732 690 :
758 658 772 689 u
794 643 878 694 volens
895 645 939 694 llus

150 714 269 764 ostendere
289 713 347 764 iram
366 713 451 778 (idest
467 713 714 778 vindictumjustitiae)
734 716 757 763 et
778 716 856 764 notem
878 715 940 765 fucere

149 785 275 848 potentiam
288 798 362 848 suam,
373 785 481 835 sustinuit
492 785 577 849 (idest
588 783 705 850 permisit)
717 785 742 834 in
755 785 827 836 multu
841 786 938 848 patientia

149 869 204 908 rusa
213 856 253 908 tre
266 860 319 920 apte
331 856 356 906 in
366 855 501 920 interitum,
517 859 542 906 ut
561 857 691 906 ostenderet
704 855 798 906 divitias
816 856 892 918 gloriae
905 870 939 907 suu

148 927 175 978 in
196 941 251 979 rusa
271 927 430 979 misericordie
444 942 496 993 quae
518 928 655 992 prupararit
669 928 694 978 in
710 927 814 991 glorium.
830 945 844 974 u
864 931 893 980 Et
914 929 940 988 ll,

151 999 216 1050 Tim.
229 1000 260 1062 ll,
274 999 329 1050 dicit
341 1015 347 1049 ι
359 1016 373 1047 «
384 1001 410 1049 ln
422 1012 506 1061 magna
519 1000 586 1050 durno
600 1012 647 1048 non
658 998 731 1066 sulum
742 1003 798 1050 sunt
812 1013 868 1050 vasa
881 1012 938 1051 aurea

150 1073 174 1120 et
187 1074 312 1134 ugentes,
332 1071 373 1121 sed
390 1071 460 1121 etiam
471 1069 548 1133 lignea
559 1073 583 1120 et
594 1070 688 1134 fielium
703 1076 727 1121 et
739 1072 843 1135 quodum
861 1073 939 1136 quiden

149 1139 175 1190 in
192 1142 318 1204 honorem,
336 1142 440 1206 quendum
456 1141 480 1190 in
494 1142 664 1192 contumelium.
680 1158 694 1188 u

182 1213 228 1264 Sed
247 1226 318 1278 quare
333 1215 374 1264 hos
387 1213 458 1276 elegit
473 1213 498 1261 in
515 1213 611 1275 gloriam
625 1217 649 1262 et
671 1213 723 1263 illus
741 1212 888 1276 reprobavit,
905 1224 940 1260 nou

150 1283 221 1335 nutet
239 1285 353 1336 rationem
374 1284 419 1336 nisi
440 1284 542 1335 divinum
561 1285 711 1335 voluntatem.
732 1284 798 1334 Unde
816 1283 941 1348 Augustinus

150 1355 207 1406 dieii
216 1370 284 1421 cuper
294 1358 404 1406 loannem
412 1393 420 1417 ,
437 1355 519 1404 Truct.
539 1355 627 1405 xxvi:
644 1357 745 1415 «Quare
760 1355 824 1404 hunc
841 1357 913 1404 uehat
923 1359 940 1402 ct

148 1425 214 1478 illurn
229 1442 276 1477 non
288 1427 374 1489 mahat,
393 1424 440 1475 noli
457 1426 516 1475 velle
531 1425 672 1490 dijudicare,
686 1425 706 1476 si
720 1437 768 1475 non
783 1425 820 1476 vis
837 1439 939 1476 errare.»

150 1497 214 1548 Sicut
228 1496 298 1548 etiam
313 1498 339 1546 in
352 1497 420 1546 rebus
439 1496 582 1548 naturalibus
598 1500 673 1560 potest
691 1496 804 1558 assignari
816 1497 883 1559 ratio,
898 1495 941 1546 cirri

149 1568 226 1631 prima
238 1568 334 1618 materia
346 1571 396 1618 tote
408 1566 438 1617 sit
451 1567 476 1616 in
495 1581 519 1618 se
535 1567 672 1630 uniformis,
687 1580 756 1631 quare
774 1576 887 1632 unapars
899 1566 941 1628 ejus

149 1642 185 1689 est
196 1640 238 1688 sub
248 1638 322 1698 forma
335 1638 394 1700 ignis
405 1642 429 1688 et
440 1638 485 1688 aliu
498 1638 540 1688 suh
556 1638 628 1688 lormu
638 1641 704 1688 terre
716 1638 729 1689 t
743 1639 791 1690 Deo
802 1639 828 1690 in
840 1637 940 1703 principio
957 1642 958 1661 ¹

149 1708 256 1771 condita,
270 1712 297 1758 ut
309 1707 343 1759 sic
358 1709 388 1759 sit
403 1709 524 1764 diuersitas
533 1709 660 1774 specierum
674 1707 699 1759 in
709 1711 779 1760 rebus
791 1711 940 1761 naturalibus:
956 1713 957 1736 l

149 1780 190 1830 sed
202 1792 272 1843 quare
284 1780 334 1830 hmo
347 1792 400 1842 pars
410 1779 511 1829 materiae
522 1784 557 1830 est
565 1780 606 1830 suls
615 1780 660 1830 ista
670 1781 752 1844 torma,
764 1785 788 1830 et
796 1781 836 1831 illa
844 1782 886 1830 sub
895 1779 941 1838 alis,
955 1793 956 1812 ¹

149 1851 263 1914 dependet
275 1863 305 1900 err
320 1849 419 1913 simplici
431 1850 510 1900 divina
522 1851 655 1913 voluntate3
674 1851 734 1901 sicut
750 1865 778 1901 ex
797 1851 895 1914 simplici
908 1862 955 1898 ror

147 1923 236 1973 luutete
254 1920 348 1974 erlinus
369 1920 484 1984 dependet
507 1920 567 1984 qudd
587 1921 625 1972 illc
648 1921 706 1988 lupis
724 1925 760 1972 est
779 1921 806 1972 in
824 1923 867 1974 iste
884 1925 954 1985 parter

148 1992 244 2057 parietis
268 1996 293 2042 et
307 1992 347 2042 ille
370 1991 396 2041 in
420 1991 482 2055 aliu3
508 1992 612 2056 quamvis
632 1992 690 2042 ratio
711 1992 767 2043 artis
789 1995 871 2044 hebeat
888 1991 953 2055 φιὺὼ

148 2065 220 2130 aliqui
231 2064 277 2116 sint
289 2064 314 2115 in
327 2066 381 2125 huc,
393 2069 417 2114 et
427 2064 498 2128 aliqui
509 2064 555 2114 sint
567 2065 592 2114 iu
602 2063 652 2114 illa.
672 2065 753 2128 Neque
769 2069 846 2115 tumen
856 2069 952 2130 proptcrr

148 2137 194 2187 troc
212 2140 248 2187 est
267 2134 375 2200 iniquitas
388 2136 449 2198 apud
461 2137 533 2185 ileum
541 2172 550 2198 ,
564 2135 585 2186 si
600 2135 721 2199 inaequalia
736 2149 785 2187 non
803 2135 951 2200 inaequalibus}

949 2239 950 2268 l

181 2297 213 2359 (1)
236 2300 352 2358 colligitur
368 2310 397 2344 ex
414 2298 556 2356 Augrrstino,
577 2299 619 2344 lin.
637 2301 664 2358 1,
687 2298 720 2344 ud
737 2299 949 2358 simplicianum

148 2367 231 2417 quest
251 2361 280 2419 2,
299 2363 340 2407 ubi
357 2366 440 2418 prester
454 2362 499 2406 elin
512 2361 583 2406 multu
597 2361 653 2406 dicit
671 2373 747 2406 uuum
764 2363 886 2420 pecodum
901 2365 948 2418 esset

144 2423 239 2480 peceati
247 2436 350 2469 mmmm
358 2435 411 2480 puoe
420 2423 512 2469 dictum
522 2435 666 2482 summoque
675 2422 784 2481 justitie
796 2425 947 2494 supplicium

146 2483 244 2537 dom,·
258 2485 322 2541 quod
338 2487 390 2531 etue
404 2487 539 2543 sodomus,
552 2486 603 2530 uiue
617 2483 739 2536 donetur,
753 2488 826 2532 mullo
844 2490 877 2530 est
898 2485 939 2530 trt'

146 2547 236 2604 quitus.
247 2551 277 2593 Et
290 2548 333 2592 lroc
347 2553 428 2604 postea
438 2549 584 2592 inconcusso
596 2547 726 2592 terrendum
739 2549 798 2606 fide,
812 2548 852 2604 uit,
865 2553 893 2591 ct

146 2620 191 2666 pue
205 2609 249 2653 ille
260 2609 278 2653 d
291 2622 337 2667 pue
351 2610 537 2668 exicit‚'pnstt't
552 2610 616 2654 reete
632 2607 660 2654 dc
676 2609 729 2666 ejus
746 2612 877 2668 iniquitute
892 2621 921 2652 cu

147 2671 237 2726 pueri:
250 2683 294 2715 uec
306 2671 351 2716 ille
370 2673 413 2716 eus·
431 2671 520 2721 docet,
534 2669 563 2716 dc
581 2671 634 2715 uuis
647 2673 742 2716 meritis
754 2673 875 2730 pluituri,
889 2679 918 2714 ut

146 2731 189 2776 lile.
200 2732 236 2777 De
247 2731 307 2777 dono
319 2734 515 2792 perseuerantior,
530 2745 582 2790 cup.
595 2733 610 2776 8
623 2750 629 2778 ι
643 2733 685 2778 Ex
695 2745 746 2778 ono
760 2748 840 2782 omues
850 2734 878 2777 io
893 2746 907 2775 c

147 2793 323 2840 demutationem
337 2808 388 2840 cuo
401 2795 522 2852 injustam
531 2796 642 2852 judicate·
659 2800 717 2842 sont
731 2797 771 2843 irc
788 2797 829 2844 sed
841 2796 921 2852 ‚iectu

146 2855 175 2899 st
185 2868 243 2912 erpo
253 2859 283 2901 iu
295 2858 439 2902 remittendo
458 2857 536 2902 dedito
551 2857 658 2907 bonitus,
672 2859 702 2903 ito
712 2859 833 2918 emtpendn
846 2861 917 2912 oequr'

146 2917 437 2981 intellipitormueprgum
450 2928 497 2965 eae
506 2920 574 2978 opud
589 2921 666 2966 Deum
675 2921 797 2979 iniquitas
807 2921 907 2966 inuenit
