1992 3342
135 217 181 265 sss
330 227 391 263 nnus
407 227 429 275 r,
443 225 535 270 onnsr.
554 225 617 275 nn,
636 225 690 262 ner.
705 225 733 262 n.

134 303 173 353 vel
191 303 348 366 fortuitum,
365 304 473 363 respectu
490 313 565 352 censen
587 299 745 364 particularie3
768 301 809 350 sed
830 301 925 364 respectu

134 388 208 426 censu
226 372 374 434 universalis,
388 371 478 435 leuius
489 373 568 422 ordine
582 371 683 422 subtrahi
693 385 740 422 non
752 375 841 436 potest,
855 371 927 422 dieitur

133 458 184 496 esse
201 446 333 508 provisum
348 459 353 491 :
370 443 470 492 suntet
487 455 610 492 concursus
627 443 724 492 duomm
738 451 870 504 servornm,
883 439 927 490 lieet

134 515 165 564 sit
177 514 273 564 casualis
289 516 399 576 quantuni
414 514 443 563 ad
461 527 518 576 eos,
537 516 573 566 est
591 517 669 562 tanuen
682 511 787 576 provisus
805 511 927 570 idomino,

134 585 174 648 qui
186 598 226 635 eos
246 584 346 636 scienter
364 585 398 634 sic
417 587 446 633 ad
460 598 531 633 unum
549 584 623 634 locum
639 581 722 645 mittit,
734 587 760 632 ut
777 597 838 634 nnus
852 583 882 632 de
894 581 929 632 aliu

136 654 230 704 nesciat.

165 724 337 775 ldsecnnddm
353 725 489 787 dicendum,
504 723 565 788 quod
583 723 649 774 aliter
667 725 696 774 de
713 736 740 774 eo
759 723 851 788 estqui
869 724 930 774 hebel

134 809 213 846 mmm
231 796 328 859 alicujus
345 796 503 859 particularis,
515 797 578 846 etde
595 795 710 860 provisore
730 795 872 859 universali3
887 794 931 859 qnia

134 866 236 931 provisor
249 866 390 930 particularis
400 867 499 917 excludit
518 865 633 916 delectum
646 867 675 916 eb
688 880 715 916 eo
729 867 790 930 prod
811 867 865 929 ejus
880 876 931 916 cure

133 937 251 1000 subditur,
267 940 378 1001 quantum
396 942 484 1001 potest3
506 939 548 987 sed
561 937 664 1001 provisor
679 936 933 1002 uniuersalispermiltit

135 1007 235 1071 aliquem
253 1009 367 1060 delectum
390 1009 415 1057 in
435 1009 512 1071 aliquo
532 1007 662 1072 particulari
680 1007 797 1071 accidere,
815 1021 845 1058 ne
867 1008 934 1070 impe·

135 1079 209 1129 diatur
225 1081 310 1131 bonnm
328 1079 406 1131 totius.
426 1080 490 1130 Unde
502 1079 659 1142 corruptiones
677 1084 700 1130 et
719 1080 823 1130 delectus
834 1080 862 1128 in
872 1080 935 1129 rebus

134 1151 275 1201 naturalibus
287 1151 394 1203 dicuntur
413 1163 463 1200 esse
484 1153 686 1200 continuatorem
704 1150 885 1214 particularem
901 1147 935 1199 scd

134 1223 212 1272 temen
225 1225 279 1272 sunt
294 1222 322 1271 de
332 1220 459 1271 intentione
473 1224 560 1270 nature
573 1220 721 1284 universalis,
736 1221 762 1269 in
775 1225 890 1284 quantum
902 1221 935 1268 de

135 1291 209 1341 lectus
219 1292 287 1342 unius
298 1291 394 1346 ceditin
407 1292 493 1341 bonum
506 1290 600 1340 alterius
609 1291 646 1340 uel
657 1291 726 1340 etinrn
736 1293 808 1342 totius
819 1289 920 1342 uniuersi
931 1303 935 1335 :

136 1377 190 1413 nem
203 1382 217 1412 «
226 1363 346 1426 corruptio
359 1363 427 1414 unius
438 1366 473 1412 est
485 1362 602 1424 generatio
622 1362 718 1411 alterins
730 1361 780 1426 (t),
794 1378 809 1409 s
822 1376 865 1426 per
876 1372 937 1425 quarn

136 1436 224 1498 species
240 1439 397 1486 conservatur.
412 1433 470 1484 Cim
487 1433 557 1495 igitur
570 1435 629 1483 Deus
647 1433 677 1484 sit
690 1433 827 1484 universalis
840 1431 938 1497 provisor¹

135 1506 208 1557 totins
217 1506 287 1568 entis,
299 1507 328 1555 ed
340 1504 414 1568 ipsius
424 1503 590 1569 providentiam
601 1504 702 1566 pertinet
710 1507 737 1552 ut
745 1504 868 1567 permittet
878 1515 940 1566 quos

137 1578 189 1627 bun
206 1577 313 1627 delectus
326 1589 375 1625 esse
395 1575 421 1624 in
439 1573 553 1637 aliquibus
573 1574 748 1638 particularibus
766 1575 941 1637 rebus,nei1u

136 1649 242 1711 pedietur
254 1648 340 1697 mrum
351 1645 454 1697 universi
466 1645 601 1708 perlectum.
619 1645 644 1694 Si
655 1646 717 1696 eninr
736 1646 814 1696 omnia
828 1647 891 1698 mela
902 1645 943 1694 irn

137 1716 287 1779 predicentur,
303 1717 376 1765 munite
393 1717 453 1766 bona
471 1717 578 1766 deessent
589 1715 698 1766 uniuerso
712 1732 717 1765 :
733 1731 780 1766 non
798 1715 862 1766 eninr
886 1713 942 1766 esset

137 1785 186 1834 uita
194 1787 281 1848 leonis,
293 1785 311 1834 si
324 1799 371 1834 non
383 1790 444 1836 esset
453 1786 537 1838 occisio
548 1784 697 1849 animalium3
709 1800 753 1836 nee
762 1790 824 1837 esset
832 1785 941 1850 patientie

137 1860 276 1921 martyrum,
294 1857 312 1906 si
331 1870 377 1906 non
397 1862 458 1908 esset
477 1857 608 1920 persecutio
624 1861 784 1921 tyrannorum.
804 1859 873 1909 Unde
892 1855 944 1908 dicii

134 1929 277 1991 ,Augustinus
296 1927 332 1979 in
347 1926 441 1976 nosse·
469 1944 478 1976 :
501 1945 515 1989 n
538 1930 598 1978 Deus
622 1928 767 1992 omnipotens
791 1930 856 1978 nullo
879 1929 944 1978 modo

138 1999 224 2051 sineret
236 2000 320 2049 malurn
333 1999 424 2062 aliquod
441 2011 490 2049 esse
504 1999 529 2048 in
540 1998 647 2062 operibns
660 1999 720 2062 suis,
734 1999 781 2050 nisi
795 2013 871 2062 usque
888 1999 942 2048 adeo

139 2077 199 2122 esset
210 2071 354 2135 omnipotens
365 2075 389 2120 et
401 2071 483 2132 bonus,
494 2073 520 2119 nt
527 2071 586 2120 bene
595 2069 679 2120 laceret
690 2069 762 2120 etiarn
771 2071 799 2121 de
809 2071 872 2121 malo
883 2070 926 2136 (2).
934 2085 947 2112 s

139 2143 173 2192 Ex
189 2144 276 2194 duabus
292 2146 368 2193 annm
385 2141 529 2204 rationibus,
549 2153 606 2203 quas
624 2154 686 2190 nnnc
700 2140 825 2204 solvimus,
839 2141 948 2192 videntur

139 2213 196 2262 moti
206 2214 275 2264 luisse
289 2214 330 2276 qni
340 2213 423 2267 divine
436 2211 585 2275 providentie
599 2211 764 2270 subtraxerunt
774 2211 949 2275 ‹sorrupiibilia,

140 2281 166 2331 in
177 2283 259 2346 quibus
274 2284 423 2334 inveniuntur
434 2282 534 2335 casualia
544 2285 567 2332 et
576 2282 644 2331 mals

170 2354 205 2402 nd
217 2353 310 2404 tertium
330 2354 466 2415 dicendum,
480 2351 541 2415 qubd
561 2354 629 2402 honio
649 2365 695 2402 non
719 2353 755 2406 est
770 2351 892 2404 institutor
911 2365 951 2401 na·

174 2475 204 2538 (l)
221 2481 358 2534 Usurpatum
374 2493 404 2526 ex
418 2481 479 2525 libro
499 2481 526 2538 1,
546 2479 575 2524 de
593 2483 702 2538 perierat.
723 2482 745 2523 et
769 2483 956 2538 corruptions,

140 2545 197 2584 tert.
218 2538 256 2596 ln,
274 2543 314 2585 ubi
334 2549 412 2586 tamen
429 2542 549 2599 perperim
564 2546 707 2602 perpetuum
717 2545 955 2588 transmutationem

141 2602 194 2646 inde
211 2603 327 2648 concludit
340 2604 508 2662 Philosophus,
526 2605 580 2659 unia
597 2602 738 2648 creationem
760 2601 825 2666 (eum
845 2607 959 2652 nouitate

142 2665 225 2709 saltem
239 2662 346 2724 essendi)
358 2667 489 2711 nesciebat.

176 2731 206 2793 (2)
223 2734 285 2779 Sicut
297 2748 353 2792 cap.
369 2735 395 2782 ll
409 2738 478 2794 panib
492 2736 583 2793 plenius
597 2737 664 2793 qudrn
674 2732 711 2779 blo
723 2734 803 2780 videre
817 2741 861 2794 est,
878 2737 927 2782 ubi
939 2745 960 2780 er

141 2795 246 2841 inlideles
255 2797 298 2842 hoc
308 2797 376 2843 lateri
386 2799 463 2855 quoad
475 2799 665 2856 omnipotentiam
676 2797 763 2842 saltem
773 2799 809 2843 vel
822 2797 957 2845 bonitates

141 2858 243 2966 ίιίξὶυιέἓῑ
249 2871 296 2965 eber
307 2872 353 2916 quo
364 2863 470 2918 sequitur
481 2865 508 2907 ut
519 2873 562 2906 nee
575 2861 659 2908 malum
672 2857 794 2918 permittat
803 2861 848 2907 nisi
857 2871 956 2924 propte

144 2931 205 2978 euqu
266 2932 346 2970 unum.
