1992 3342
131 215 180 267 eas
325 220 387 261 reae
400 220 425 270 r,
439 220 534 267 oum.
549 222 619 271 suu,
638 221 691 260 aar.
708 222 727 257 r.

224 474 485 538 nuncupetis
505 473 561 533 DE
581 473 843 537 CREATIONE.

379 790 556 865 QUAESTIO
572 790 679 859 XLIV.

133 936 169 985 uo
182 936 334 995 processione
352 939 522 983 ereaturarum
534 934 549 979 d
561 934 619 985 Deo,
633 937 654 981 et
667 934 695 984 de
709 937 822 984 omnium
842 941 934 985 enaiim

242 1009 327 1065 prim
339 1019 428 1058 ceute.
440 1007 470 1051 e'te
480 1010 587 1064 quatuos·
602 1006 720 1053 woodo·
733 1007 828 1053 desem.

166 1160 222 1208 Post
237 1156 439 1208 considerationem
460 1154 589 1207 timorum
608 1168 768 1221 personarum,
789 1157 936 1209 consideran·

136 1230 190 1279 dum
200 1233 271 1280 restat
283 1230 312 1279 de
324 1227 467 1293 processione
480 1231 635 1278 creaturarum
646 1226 659 1277 1
670 1228 725 1277 lieo.

167 1300 216 1350 Erit
225 1304 301 1351 autem
311 1301 361 1350 hee
379 1298 529 1350 consideratio
546 1298 659 1361 tripartita
678 1314 684 1347 :
704 1300 730 1347 ut
743 1296 819 1362 primd
833 1298 938 1349 conside-
978 1336 981 1345 2

134 1376 199 1422 retur
211 1372 239 1422 de
256 1370 403 1436 productione
412 1373 580 1432 oreaturrerum3
591 1368 704 1431 seeundo,
714 1369 742 1419 de
752 1382 833 1419 earum
842 1369 937 1420 distino-

136 1443 213 1506 tione;
223 1440 306 1505 tertio,
314 1442 343 1491 de
358 1440 529 1491 conservatione
543 1443 568 1489 et
581 1439 754 1502 gubernatione.

168 1512 231 1563 Cinea
239 1510 339 1576 primum
349 1510 394 1562 tria
403 1514 457 1561 sunt
468 1510 634 1561 consideranda
646 1525 651 1559 :
662 1509 745 1573 prinud,
759 1522 811 1573 quae
823 1508 853 1560 sit
863 1511 936 1574 prima

135 1596 204 1634 eausa
221 1582 321 1644 entium3
338 1581 451 1642 seeundo,
469 1583 498 1631 de
511 1582 578 1631 modo
599 1580 735 1645 procedendi
753 1584 908 1632 ereaturarum
923 1583 936 1633 1

136 1652 209 1715 primu
221 1667 306 1717 eausa3
317 1652 399 1716 tertiis,
409 1666 464 1703 vero
474 1653 503 1703 de
516 1651 629 1716 principio
639 1650 764 1702 durationis
775 1664 863 1703 rerunn.

168 1724 232 1775 eirca
245 1724 342 1788 primum
354 1726 484 1787 queruntur
494 1727 607 1786 quatuor:
621 1724 649 1772 1⁰
659 1720 739 1773 Utriun
752 1722 813 1771 Deus
826 1722 857 1773 sit
871 1738 937 1773 eausa

136 1794 238 1845 efficiens
250 1796 351 1845 omniurn
367 1795 500 1845 entium.2⁰
517 1794 597 1845 Utrdm
616 1793 711 1843 materia
722 1793 796 1857 prima
812 1794 844 1844 sit
864 1800 937 1845 ereata

136 1881 152 1917 a
164 1867 224 1927 Deo,
234 1867 272 1916 uel
285 1865 315 1916 sit
326 1866 463 1929 principium
475 1879 505 1917 ex
517 1879 582 1929 equo
596 1866 752 1916 coordinatnm
770 1865 801 1915 ei.
819 1871 846 1915 3·
859 1868 938 1918 Utrum

137 1938 198 1988 Deus
207 1937 238 1987 sit
248 1950 315 1987 eausa
324 1937 460 2001 exemplaris
470 1951 544 1987 rerum
550 1973 558 2000 ,
568 1938 607 1987 rel
617 1937 663 1987 sint
674 1936 718 1987 adia
727 1937 871 1999 exemplaria
880 1952 938 2004 pre·

136 2014 174 2060 ter
185 2009 269 2075 ipsun.
282 2012 308 2058 t⁰
319 2007 399 2058 Utrum
413 2007 505 2074 sitipsa
518 2021 586 2059 eausa
598 2007 673 2058 finalis
686 2020 770 2057 nerum.

442 2160 599 2211 ARTICULUS
614 2160 632 2210 1.

198 2274 284 2319 Utrum
291 2274 323 2319 eit
330 2273 488 2320 neceesarium
499 2288 568 2321 omae
577 2288 618 2321 ene
626 2288 675 2320 esee
683 2278 792 2321 ereetum
801 2276 817 2321 ὰ
826 2278 887 2323 Deo.

172 2390 206 2441 dd
215 2392 314 2455 primum
326 2392 359 2442 sio
373 2392 503 2456 proceditur
521 2392 563 2457 (d).
577 2392 670 2443 Videtur
681 2391 741 2457 qudd
755 2393 845 2444 nonsit
862 2407 939 2445 neres·

139 2460 225 2511 urium
239 2476 306 2513 omne
319 2476 361 2512 ens
373 2476 422 2513 esse
434 2466 535 2513 creatum
548 2463 626 2514 dDeo.
639 2464 700 2514 Nihil
714 2464 774 2514 euim
787 2465 895 2529 prohibet
905 2465 938 2513 in-

139 2531 214 2583 veniri
223 2546 272 2583 rem
282 2534 332 2585 siue
343 2535 442 2598 eoquod
455 2547 502 2584 non
513 2537 547 2585 est
556 2534 584 2584 de
598 2534 685 2586 ratione
695 2534 737 2599 rei,
749 2534 808 2585 siout
819 2536 935 2587 hominem

138 2603 189 2653 sine
206 2604 319 2655 albedine.
334 2605 378 2654 Sed
398 2605 506 2655 habitudo
521 2605 549 2654 ad
567 2619 658 2656 oausam
672 2620 718 2657 non
734 2605 891 2660 videturesse
911 2608 937 2656 de

138 2673 226 2725 ratione
239 2676 342 2739 entium,
359 2675 413 2739 quuia
431 2676 537 2728 sinedrae
551 2681 645 2740 possunt
662 2678 737 2741 aliqua
753 2677 816 2728 entia
830 2676 935 2739 intelligi.

171 2798 204 2862 (1)
219 2803 302 2847 Dedris
317 2806 397 2852 etiam.
412 2809 436 2866 1,
452 2808 530 2857 sent„
543 2808 599 2853 dist.
614 2806 637 2867 1,
653 2812 735 2863 quest.
749 2804 772 2863 1,
787 2811 832 2850 ert.
850 2806 900 2851 2et
914 2803 935 2853 ὃς

138 2868 166 2907 ut
175 2868 199 2907 et
207 2861 260 2909 dist.
272 2864 311 2923 ¹7,
321 2873 402 2921 quest.
414 2866 438 2929 1,
451 2876 495 2916 art.
506 2871 533 2923 2;
544 2876 568 2916 et
579 2870 647 2915 Cotet.
659 2870 738 2918 Geot„
748 2868 790 2913 dib.
802 2870 837 2925 ΙΙ,
849 2880 903 2925 eap.
914 2867 936 2924 ti,
984 2914 985 2917 ,

139 2923 182 2981 15,
195 2923 237 2977 16;
252 2930 277 2970 et
289 2928 373 2983 Opuee.
384 2930 415 2989 3,
429 2944 482 2990 esp.
495 2932 527 2977 68
538 2939 563 2977 et
574 2932 618 2986 69;
634 2938 658 2977 et
670 2932 758 2989 opusc.
774 2928 814 2989 15,
825 2942 881 2987 cep-
896 2928 934 2976 1⁹·
984 2940 985 2985 i
