1992 3342
132 237 180 280 282
327 242 387 276 rsus
403 242 429 287 1,
445 238 538 284 eumer.
556 240 612 286 xiv,
632 236 693 275 'ann
712 233 746 279 vl.

133 314 443 380 ltonautemlleuepcriectd
451 316 553 379 seipsum
562 318 722 377 cognosceret,
733 314 779 365 niei
789 322 943 377 cognosceret

132 390 341 454 quomodocumque
355 385 519 450 participabilis
531 390 568 437 est
582 386 611 435 ab
625 384 676 437 aliis
687 398 729 435 suia
744 386 860 451 perfectio
874 404 881 436 ε
898 402 943 439 uec

133 460 203 509 etiam
213 460 287 522 ipsam
298 461 403 507 naturam
413 458 506 509 essendi
519 455 621 521 perfecte
633 456 717 520 sciret,
730 456 776 507 uisi
790 466 946 520 cognosceret

133 544 213 582 omnes
225 531 304 579 modos
315 529 415 579 smodi
430 530 495 580 Unde
510 529 655 579 manifestum
670 531 719 590 ost,
733 525 795 591 quod
809 530 872 579 licus
887 544 944 593 cog-

133 603 207 652 noscit
219 615 299 651 omues
312 613 363 664 ree,
380 602 472 666 propria
488 601 617 665 coguin'oae
632 599 679 665 (tl,
696 600 823 649 secundum
835 603 901 663 quod
913 605 942 651 ab

132 673 186 723 aliis
200 672 375 734 distinguuntur.

166 745 199 794 ld
211 743 309 806 primum
321 756 376 804 ergo
390 743 529 805 dicendum,
548 740 608 806 quod
624 758 639 788 ιι
650 740 683 791 sic
701 752 840 803 cognoscere
853 742 944 806 aliquid

134 816 193 865 sicut
213 816 239 864 iu
257 808 408 876 cognoscente
426 817 474 875 est,
493 830 507 859 s
527 816 604 876 potest
620 812 740 876 dupliciter
757 810 865 874 intelligi.
891 816 944 863 tluo

136 887 203 936 modo
214 889 339 937 secuudum
351 888 412 951 quod
423 886 468 934 lroc
480 884 627 946 adverbium,
641 886 715 939 sicat,
726 883 836 945 importat
844 884 945 934 modum

136 958 274 1020 cognitionis
285 972 315 1008 ex
324 962 389 1021 parte
401 957 437 1006 rei
447 954 546 1017 cognita
553 992 561 1018 ,
574 956 597 1004 ct
612 954 645 1004 sio
658 954 740 1005 falsum
753 957 797 1003 ost.
810 955 863 1003 lton
879 957 944 1005 enim

135 1041 227 1092 semper
241 1042 380 1091 cognosceus
399 1027 515 1089 cognoscit
534 1026 651 1087 cognitum
668 1025 793 1075 secundum
811 1024 869 1073 illud
890 1040 945 1076 esse

135 1100 196 1161 quod
210 1100 278 1149 habet
290 1100 316 1148 in
328 1102 479 1160 cognoscente
494 1113 501 1146 ε
516 1097 601 1147 Oculm
617 1096 679 1145 enim
692 1108 739 1145 nou
752 1094 874 1155 cognoscit
888 1096 946 1161 lapi-

134 1170 189 1219 dem
203 1172 330 1220 secundum
350 1184 401 1220 esse
419 1170 479 1233 quod
496 1169 567 1218 habet
586 1166 705 1228 inoculo;
720 1168 760 1217 sed
779 1178 821 1228 per
840 1168 945 1230 moelem

135 1240 218 1304 lapidis
232 1255 301 1305 quam
315 1242 386 1291 hebet
401 1241 427 1289 iu
444 1254 484 1302 ee,
504 1238 620 1302 cognoscit
633 1238 732 1302 lapidem
750 1238 882 1287 secuudum
895 1252 945 1289 essc

136 1311 197 1374 quod
207 1313 277 1362 habet
288 1317 353 1363 cntra
366 1312 464 1365 oculum.
478 1313 521 1373 at,
536 1310 557 1360 si
569 1309 651 1373 aliquis
664 1321 803 1371 cognosceus
818 1315 947 1369 cognoscet

136 1383 252 1444 cognitum
257 1384 383 1435 secundum
388 1384 507 1446 essequod
516 1382 586 1435 habet
592 1382 617 1430 in
623 1384 784 1443 cognoscente,
792 1378 947 1430 nihilominus

137 1455 253 1516 cognoscit
263 1457 339 1519 ipsum
354 1456 479 1504 secuudum
494 1468 547 1502 esse
560 1453 621 1515 quod
633 1454 703 1503 habet
719 1454 784 1501 extra
801 1463 948 1513 cognosceu-

136 1528 199 1575 tem:
213 1526 272 1576 sicto
290 1525 419 1576 intellectus
431 1525 548 1589 cognoscit
560 1524 658 1588 lapidem
669 1524 793 1573 secundom
807 1536 865 1571 csse
877 1522 948 1573 intel-

136 1594 236 1657 ligibile,
249 1598 310 1659 quod
330 1596 444 1645 haletin
459 1596 593 1657 intellectu,
611 1595 636 1643 iu
655 1598 764 1658 quantum
782 1596 906 1655 cognoscit
922 1610 945 1645 se

135 1665 264 1727 intelligere
270 1702 279 1728 ‚
290 1668 331 1716 sed
341 1667 490 1717 nihilomiuus
503 1667 620 1729 cognoscit
635 1680 685 1716 esse
698 1666 798 1730 lapidem
808 1665 836 1715 in
849 1669 947 1731 propria

136 1739 227 1785 ustura.
241 1737 265 1785 si
282 1736 337 1786 uero
351 1737 492 1799 intelligatur
509 1738 634 1788 secuudum
652 1736 712 1799 qudd
730 1739 774 1787 luoc
792 1736 946 1800 adverbium,

137 1809 214 1866 scat,
226 1808 334 1871 importat
343 1810 436 1859 modum
449 1823 479 1858 ex
492 1814 557 1873 parte
569 1810 737 1873 cognoscentis,
748 1822 830 1859 verum
838 1814 878 1861 est
887 1811 947 1875 quod

133 1876 171 1925 sic
183 1876 257 1927 solim
269 1893 407 1943 cognosceus
420 1881 537 1943 cognoscit
549 1881 680 1943 cognitum,
693 1881 816 1931 moundum
832 1885 900 1945 quod
914 1886 948 1933 est

138 1947 162 1997 in
172 1955 322 2012 cognoscente
331 1967 337 1999 ι
350 1952 408 2011 Quia
417 1954 503 2015 quanto
515 1952 639 2016 perfectius
647 1957 681 2001 ost
691 1951 805 2014 cognitam
813 1951 841 2000 in
849 1966 947 2017 coguos-

136 2025 213 2085 cente,
226 2026 293 2073 muto
303 2023 424 2087 perfectior
439 2028 475 2073 cst
485 2024 565 2074 modus
577 2023 723 2086 cognitionis.
737 2023 774 2072 Sic
782 2022 858 2085 igitur
869 2026 949 2076 diceu-

138 2094 192 2142 dum
205 2099 250 2157 est,
261 2094 323 2158 quod
329 2098 389 2145 lleos
397 2109 443 2145 nou
451 2097 523 2146 solum
535 2095 650 2158 cognoscit
662 2109 699 2145 res
710 2094 791 2145 ossciu
801 2094 900 2161 seipso;
909 2100 948 2147 scd

137 2178 180 2227 per
186 2166 212 2214 id
218 2168 306 2229 quodiu
314 2168 548 2231 seipsocoutinctres‚
554 2168 670 2229 cognoscit
675 2180 714 2217 eas
720 2167 744 2215 iu
752 2167 848 2230 propria
853 2174 946 2219 uotum:

137 2239 162 2284 at
171 2237 236 2286 unio
245 2239 378 2301 perfectius,
389 2239 473 2303 guamo
483 2238 608 2303 perfectius
617 2242 651 2288 est
662 2238 840 2301 unumquodque
847 2239 875 2289 iu
887 2242 948 2305 ipso.

168 2307 202 2355 lid
213 2309 336 2358 secundum
345 2310 475 2373 dicendum,
491 2309 550 2373 qisdd
561 2311 661 2361 essentia
672 2314 780 2359 creature
797 2318 947 2375 compsi-atui

137 2378 167 2427 ad
177 2380 300 2429 ementiam
312 2381 366 2444 liei,
379 2387 405 2431 ut
415 2388 480 2432 actus
492 2382 640 2445 imperfectus
654 2382 683 2431 ad
693 2381 830 2445 perfectum.
846 2384 879 2434 st
894 2386 950 2435 ideo

137 2450 237 2499 essentia
245 2453 353 2503 creatura
361 2467 407 2503 uon
414 2454 554 2503 sufficienter
561 2453 639 2503 ducit'
633 2468 658 2503 ιιι
668 2452 823 2517 cognitionem
836 2458 948 2507 essentis

137 2520 238 2570 diuinae:
254 2522 316 2571 sed
308 2536 321 2571 e
335 2524 453 2576 conuerso.

169 2592 204 2641 ld
213 2593 306 2642 tertium
320 2595 441 2647 dicendum
446 2596 527 2660 ,quod
540 2595 602 2647 idem
616 2612 662 2649 uou
672 2600 747 2663 potest
759 2597 834 2661 accipi
849 2602 878 2647 ut
892 2604 952 2651 rati

136 2661 276 2714 diuersorum
282 2680 345 2729 ‚per
362 2668 453 2718 modum
474 2669 653 2733 adequatiouis;
679 2670 719 2720 scd
740 2668 819 2719 divina
844 2674 951 2723 essenti-1

135 2738 172 2785 cet
184 2735 271 2799 aliquid
287 2739 400 2789 excedens
413 2754 492 2790 omncs
505 2746 629 2793 creaturas
647 2744 711 2793 tlude
728 2746 806 2806 potest
826 2744 911 2808 accipi
931 2760 952 2793 u

171 2878 202 2940 (ί)
217 2885 262 2928 seu
278 2884 424 2941 adproprias
437 2892 461 2931 et
479 2887 608 2941 singulares
628 2888 783 2945 quarumlibet
796 2890 957 2937 conditiones

136 2944 269 3005 terminata,
282 2954 308 2991 ut
317 2960 345 2991 ex
357 2948 471 3002 adjunctis
483 2954 557 3005 patet.
