1992 3342
367 226 398 263 nr
411 228 541 267 uouemus
557 229 606 267 nni.
844 225 888 273 asp
990 238 991 261 3

112 301 252 367 despondeo
265 300 404 366 dicendum,
418 302 480 366 quod
495 304 637 368 impossibile
656 310 691 357 est
708 307 791 371 aliquid
810 312 890 373 predi·

81 373 128 423 ceri
148 375 178 423 dc
198 375 248 423 [teo
265 376 290 423 et
309 374 423 425 creaturis
435 374 541 426 univoce.
563 377 619 435 erte
640 377 714 428 omnis
730 379 826 431 efectus
844 396 889 433 ueri

80 446 206 507 adequans
232 443 342 495 virtutem
368 458 442 495 cause
469 446 580 509 agentis,
607 449 687 512 recipit
715 449 890 503 similitudinem

81 515 185 577 agentis,
195 528 245 565 iren
256 518 383 567 secumdum
394 518 493 567 eandem
507 518 620 569 rationem
626 556 635 582 ‚
650 522 691 570 eed
702 519 845 586 deficientem
858 524 890 574 ita

83 588 109 633 ut
122 586 182 646 quod
193 586 289 635 divisim
302 592 327 637 et
338 588 494 651 multipliciter
507 590 578 641 estin
592 591 723 654 effectibus,
738 590 763 641 in
776 607 844 645 causa
861 594 890 645 sit

83 654 217 718 simpliciter
233 662 260 707 et
278 658 360 708 eodem
373 660 456 722 modo,
469 660 530 710 deut
546 661 580 711 sot
596 664 721 712 secundum
739 676 809 713 uriam
825 679 890 715 suam

83 725 191 778 virtutem
204 728 239 792 (1)
254 729 406 781 multiformes
418 734 442 781 et
453 731 529 782 varies
544 733 629 783 formae
642 733 667 783 iii
682 733 732 783 istis
745 734 891 785 inferioribus

79 800 193 862 producit.
212 801 301 851 Eodem
321 804 405 864 modo,
420 806 445 851 ut
458 817 527 867 supra
540 804 625 853 dictum
645 808 696 868 est,
715 819 795 855 omues
813 819 890 856 rerum

78 870 248 934 perfectiones,
265 887 317 936 que
333 876 387 923 snnt
405 873 431 923 in
450 875 519 925 rebus
533 875 616 925 erectis
633 874 728 925 divisim
743 882 765 925 et
781 876 891 938 multipii-

79 942 152 1004 citer,
167 943 195 991 iii
210 944 260 993 Dee
269 944 422 1006 praeexistunt
431 945 495 994 unite
507 949 530 994 et
544 945 685 1009 simpliciter.
699 946 736 995 Sic
745 946 824 1009 igitur,
839 960 890 995 cuni

79 1012 172 1075 aliquod
185 1027 273 1065 nomen
287 1016 317 1065 ad
328 1016 495 1079 perfectionem
506 1016 626 1079 pertinens
636 1017 663 1065 de
680 1021 784 1067 creatura
797 1016 890 1077 dicitur,

79 1083 196 1145 significat
208 1085 275 1135 iltnm
286 1086 455 1149 perfectionem
470 1090 497 1137 ut
513 1087 659 1151 distinctam,
680 1088 804 1137 secundum
822 1086 891 1137 ratio·

81 1166 139 1203 item
151 1156 292 1207 definitionis
296 1195 305 1220 ,
318 1158 422 1221 abalim
436 1163 492 1222 puta
503 1159 555 1209 oiim
569 1160 613 1209 hoc
625 1172 708 1209 nemen
715 1196 723 1221 ,
735 1159 848 1221 rapiere,
863 1159 891 1208 de

81 1225 175 1276 homine
186 1227 289 1291 dicitnr,
302 1228 459 1293 significamus
470 1230 570 1294 utiquam
583 1230 748 1294 perfectionem
762 1228 891 1278 distinctam

80 1298 110 1347 ati
123 1300 227 1350 essentia
239 1300 356 1363 hominis,
377 1305 402 1351 et
418 1301 433 1350 d
447 1302 564 1365 potentia,
580 1305 604 1351 et
619 1301 648 1350 eii
660 1314 711 1349 esee
723 1299 807 1362 ipsius,
822 1304 845 1348 et
865 1300 893 1348 ab

80 1370 188 1422 ememus
200 1370 345 1435 hujusmodi.
356 1372 403 1422 Sed
412 1372 464 1422 cium
474 1375 519 1423 troc
530 1386 614 1423 nomeu
626 1374 653 1422 de
667 1373 714 1420 Deo
724 1370 833 1431 dicimus,
848 1382 893 1419 neu

17 1473 22 1481 -
79 1440 225 1493 intendimus
247 1443 381 1505 significare
403 1444 489 1507 aliquid
508 1444 640 1495 distinctum
666 1444 694 1493 ab
719 1440 835 1501 essentia,
857 1440 894 1489 vel

82 1514 199 1575 petentia,
212 1514 253 1563 vel
266 1528 319 1562 ecre
335 1513 416 1577 ipsius.
429 1517 457 1564 Idt
473 1515 521 1579 sic,
538 1514 591 1565 cdiii
607 1516 651 1565 tioc
668 1524 765 1574 nemen,
780 1512 892 1574 sopiens,

83 1584 113 1631 de
125 1585 219 1635 homine
226 1585 326 1648 dicim,
335 1586 502 1648 quodammodo
511 1586 674 1639 circumscribit
684 1588 708 1635 et
721 1582 895 1647 comprehendit

82 1667 131 1703 rem
143 1656 313 1719 significatam
328 1669 377 1706 non
390 1661 468 1708 autem
481 1658 533 1707 ciim
546 1657 628 1709 dicitur
646 1658 675 1707 de
691 1658 754 1717 Deo,
768 1654 809 1705 sed
825 1653 895 1703 relin-

81 1726 131 1787 quit
144 1741 196 1777 rem
207 1728 367 1789 significatam
378 1731 405 1778 ut
418 1728 631 1792 incomprehensam
646 1732 670 1777 et
686 1727 836 1777 excedentem
852 1736 894 1772 no-

83 1797 152 1848 minis
172 1799 370 1863 significetionem
385 1798 429 1862 (2).
451 1801 516 1848 Unde
534 1800 599 1861 patet
619 1798 680 1860 qued
702 1810 749 1845 nori
769 1798 894 1845 secundum

82 1872 179 1920 miden
192 1871 311 1920 rationem
321 1872 368 1919 tioc
381 1882 483 1931 nomen,
498 1870 605 1933 sopiens,
618 1868 646 1917 de
662 1868 709 1917 Deo
720 1871 744 1915 et
755 1867 782 1915 de
799 1864 893 1914 tremine

80 1940 170 1992 dicitnr.
186 1944 217 1992 Et
230 1942 314 1992 eadem
327 1940 387 1991 ratio
400 1947 435 1991 est
449 1942 477 1991 de
492 1941 549 1991 ediis.
565 1940 629 1991 Unde
641 1938 729 1987 unitum
744 1948 828 1985 nemen
842 1934 894 1982 uni-

77 2012 136 2062 voce
154 2014 186 2065 de
204 2016 255 2064 Deo
272 2018 297 2063 et
317 2012 428 2063 creaturis
447 2012 594 2077 predicatur.
615 2010 659 2059 Sed
677 2022 721 2058 nee
746 2007 815 2056 etiam
836 2003 893 2068 pure

77 2085 208 2147 murem,
222 2089 250 2135 ut
261 2084 331 2148 adqui
344 2083 460 2133 dixerunt.
476 2084 533 2143 Quia
544 2083 668 2140 secundum
684 2081 728 2129 hoc
741 2092 769 2127 ex
786 2076 895 2126 creaturis

75 2154 139 2204 nihil
155 2160 238 2221 posset
251 2154 362 2218 cognosci
381 2156 410 2205 de
425 2155 485 2216 lieo,
503 2168 545 2205 nee
562 2151 726 2213 demonstrari,
745 2150 785 2199 sed
805 2160 895 2209 semper

75 2227 194 2277 incideret
206 2226 300 2277 idlacia
310 2226 507 2290 aequiuocationis.
523 2228 551 2275 Et
561 2228 605 2276 troc
618 2227 652 2273 est
667 2226 715 2272 tam
726 2223 804 2271 centia
818 2217 895 2268 Philo-

74 2299 183 2361 sophus,
208 2297 250 2361 qui
268 2297 341 2346 muita
357 2296 536 2351 demonstrative
555 2298 582 2347 de
599 2298 646 2345 Dee
659 2294 739 2357 probat
754 2290 803 2355 (a),
828 2287 895 2351 quam

113 2416 148 2478 (ί)
162 2416 235 2464 fnxta
246 2416 382 2473 exemptum
393 2416 456 2472 quod
469 2421 493 2460 ct
508 2428 576 2471 supro
587 2412 709 2469 Dionysius
721 2410 788 2456 effert
798 2410 829 2480 V3
842 2418 894 2461 cup.

75 2480 110 2523 de
123 2480 225 2524 diem
236 2478 398 2536 Nominibus,
408 2476 424 2538 ξ
436 2478 460 2536 8,
472 2478 511 2523 uhi
522 2478 553 2523 eit
564 2478 661 2522 virtutes
671 2485 751 2519 omnes
761 2472 895 2515 inferiorum

71 2552 246 2595 remicurto
254 2550 306 2595 eote
315 2550 381 2595 vetut
390 2548 494 2594 omnium
502 2544 571 2593 causa
580 2546 740 2605 uniformiter
748 2524 894 2602 (μονοειδῶς)

75 2613 236 2668 proemia!
251 2624 281 2658 uc
292 2614 323 2657 eli
334 2612 374 2657 itte
388 2612 493 2670 moduni,
507 2616 552 2655 etc.
771 2667 775 2675 Ι
820 2665 824 2673 Ι
890 2661 895 2670 ἢ

115 2673 148 2734 (2)
160 2678 197 2721 Ex
212 2687 268 2731 cap.
286 2674 317 2731 7,
337 2674 367 2719 dc
386 2675 482 2719 dictate
497 2670 660 2720 Nominibus,
673 2669 712 2713 ubi
727 2670 842 2723 sapientia
855 2664 896 2706 Der

77 2749 255 2792 memnem
266 2738 409 2792 sapientiem
417 2746 469 2781 esse
480 2736 574 2794 dieitur,
581 2739 605 2778 et
613 2733 665 2777 ideo
675 2733 745 2789 fotos
753 2729 896 2781 nuncupatur

84 2807 104 2865 i,
151 2797 265 2877 ὰσοφία)
279 2808 336 2863 quia
348 2806 441 2853 excedit
453 2806 576 2851 rationem.
773 2862 777 2871 Ι
861 2851 881 2862 Η

96 2816 150 2928 Ἥ
163 2874 254 2929 Nempe
266 2870 332 2927 quod
344 2870 375 2914 sit
386 2868 471 2926 atiquis
484 2868 572 2924 primus
589 2870 674 2922 motor,
693 2862 753 2920 qudd
772 2853 895 2903 immobilis

75 2940 141 2979 ‘2⁵⁵0
155 2934 257 3002 debeat,
271 2934 337 2991 quod
351 2938 480 2990 perpetuus
492 2937 516 2975 et
529 2936 640 2981 aeternum
654 2926 715 2983 qiiod
726 2925 770 2969 atis
783 2916 860 2963 omnia
869 2922 897 2954 ei
