1992 3342
120 230 167 277 iod
334 238 395 275 rsus
410 237 435 286 ι,
451 236 544 281 coner.
562 234 609 285 ιιι,
627 234 681 272 ιιι.
699 235 753 274 vru.

118 318 145 366 in
159 316 197 378 w,
210 314 292 375 Diei,
306 326 329 362 c.
342 311 449 373 xxxiii,
461 310 546 370 «Quid
562 314 597 361 est
615 310 675 374 quod
694 320 740 360 non
760 309 867 375 rideaut3
887 314 927 377 qui

120 388 236 438 ridentem
248 384 326 435 omnin
339 383 433 433 vident?
445 399 459 430 n
474 384 520 433 Sed
538 383 598 433 Deus
618 386 654 433 est
673 380 754 432 videns
767 383 852 434 omnia.
865 384 927 449 Ergo

122 459 162 523 qui
171 457 251 507 vident
263 458 335 505 Deum
340 491 349 518 ,
364 454 440 506 omnia
452 454 540 505 vident.

153 536 176 579 2.
192 530 318 589 preterea,
337 526 466 589 quicunque
478 526 542 577 videt
559 526 690 589 specudnm,
705 524 769 575 videt
787 539 815 575 ea
833 540 886 591 quae
902 526 929 575 in

121 600 214 664 speculo
234 596 388 661 resplendent.
405 596 450 647 Sed
468 598 545 647 omnia
566 610 706 661 quecunque
725 596 796 660 dunt,
818 598 856 647 vel
876 598 929 649 tieri

122 674 231 735 possunt,
248 668 274 719 in
289 668 337 717 Deo
354 668 501 731 resplendent
515 667 573 719 sieut
591 668 616 717 in
632 668 730 731 quodem
743 668 852 733 speculo,
876 668 929 733 ipse

123 740 186 792 enim
198 741 275 791 omnin
289 740 315 789 in
331 741 406 803 seipso
420 741 543 803 cognoscit.
559 740 618 803 Ergo
634 740 762 804 quicunque
778 739 841 789 videt
853 742 931 791 Deum

125 812 203 863 omnia
215 809 279 862 'ridet
292 824 342 874 quae
353 814 419 874 sunt,
434 813 458 860 et
468 824 520 875 quae
532 810 581 861 fleri
594 814 697 875 possunt.

156 888 179 932 t.
191 885 318 945 Preteren,
329 877 369 945 qui
379 882 486 944 inteiligit
496 882 520 931 id
534 883 594 945 quod
607 885 642 931 est
658 882 747 945 majus,
764 884 839 945 potest
858 882 932 933 intel·

122 956 194 1017 ligere
209 955 303 1005 minima
318 954 362 1018 (t),
376 957 401 1003 ut
414 953 496 1003 dicitur
509 953 556 1017 ΙΙΙ,
568 954 599 1002 de
613 953 709 1003 animo.
724 950 770 1002 Sed
783 952 859 1003 omnia
876 968 931 1016 qnae

125 1028 143 1075 o
160 1038 186 1077 us
198 1026 253 1075 iecit
270 1027 308 1076 uel
321 1026 396 1074 iacere
412 1024 929 1104 pitttt‚,§}19t«mimtt.q11‚qssss„ssjtl„⁸„2{}gsstia·

126 1039 631 1160 &mmmmm
643 1094 769 1157 intelligere
785 1092 867 1145 omnin
876 1108 932 1159 quse

126 1169 186 1217 Deus
199 1168 254 1217 tacit
266 1169 304 1217 rei
318 1168 393 1217 facere
407 1169 490 1230 potest.

159 1244 181 1289 t.
196 1243 322 1305 Praeterea,
337 1238 454 1289 rationalis
463 1240 568 1290 creatura
581 1232 656 1287 omnia
667 1236 801 1287 naturaliter
814 1231 872 1286 scire
889 1238 932 1288 de-

126 1308 219 1360 siderat.
233 1311 258 1361 Si
269 1310 339 1373 igitur
352 1310 450 1360 ridendo
466 1310 538 1359 Deum
555 1322 601 1359 non
616 1309 693 1358 omnia
711 1307 780 1371 sciet,
798 1321 844 1357 non
863 1308 932 1371 quie-

126 1384 189 1429 tatur
205 1381 257 1445 ejus
272 1382 375 1431 naturaie
392 1380 541 1443 desiderium
563 1383 587 1429 et
607 1379 654 1443 ite,
678 1378 776 1430 videndo
789 1380 861 1429 Deum
882 1393 932 1430 non

127 1451 171 1501 erit
192 1453 273 1516 beau,
295 1452 356 1516 quod
376 1455 412 1502 est
435 1450 609 1501 inconveniens.
634 1446 737 1501 videndo
763 1448 833 1513 igitur
852 1450 931 1501 dicum

126 1523 205 1573 omnia
220 1524 271 1573 scit.

157 1594 204 1643 Sed
213 1596 293 1644 contre
302 1597 350 1655 est,
361 1592 423 1655 quod
433 1593 509 1655 angeli
519 1590 599 1643 uident
613 1594 685 1643 Deum
699 1606 741 1657 per
757 1590 891 1656 essentiam,
905 1596 931 1643 et

126 1668 204 1713 temen
219 1676 264 1713 non
281 1663 358 1714 omnia
373 1664 456 1714 sciunt.
471 1664 593 1715 inferiores
607 1664 669 1715 enim
687 1664 763 1727 augeli
778 1665 931 1727 purgenturd

126 1732 282 1797 superioribus
295 1733 457 1796 inescientie,
466 1737 492 1783 ut
507 1734 562 1784 dicit
573 1735 707 1800 Dionysius,
718 1735 786 1798 LXX,
798 1748 818 1783 c.
831 1734 928 1786 Coedest.

129 1803 245 1870 Hiems).
268 1804 315 1869 Ipsi
326 1805 396 1854 etiam
414 1806 522 1855 nesciunt
539 1806 618 1857 futura
630 1806 784 1869 contingentia
802 1808 826 1855 et
843 1808 932 1869 cogite·

128 1874 203 1925 tiones
217 1876 333 1938 cordium,
347 1876 391 1925 hoc
404 1876 466 1926 enim
479 1876 549 1929 soiius
560 1878 600 1928 Dei
612 1881 654 1928 est.
669 1878 719 1928 Non
732 1890 786 1940 ergo
799 1876 929 1943 quicunque

127 1944 208 1997 vident
220 1948 262 1997 Dei
273 1947 409 2010 essentiam,
423 1946 503 1997 vident
517 1950 601 1999 omnin.

160 2018 313 2081 (Conmnsro.
322 2018 414 2069 -Cdm
425 2018 500 2068 nudus
508 2019 636 2070 intellectus
647 2023 736 2069 creatus
746 2018 845 2068 ridendo
857 2018 930 2068 Deum

127 2089 185 2141 illud
203 2090 396 2153 comprehendat,
415 2102 461 2139 non
475 2093 552 2154 potest
568 2091 638 2141 etiem
653 2090 677 2139 iu
694 2090 743 2154 ipso
756 2090 834 2140 videre
854 2089 930 2139 omnia

129 2173 180 2223 que
192 2159 248 2209 iacit
256 2163 294 2211 rei
305 2161 380 2211 iacere
389 2163 473 2224 potest,
487 2161 527 2211 sed
538 2162 603 2225 plcre
613 2163 651 2211 vei
668 2162 788 2225 pauciore,
805 2162 931 2211 secuudum

129 2227 191 2292 quod
202 2230 326 2291 periectids
335 2230 373 2280 rel
385 2230 543 2294 imperfectius
552 2244 604 2283 eum
614 2230 702 2296 videt.)

162 2362 193 2424 (1)
210 2368 256 2411 Vel
271 2368 370 2411 coicere
386 2369 435 2413 sire
448 2368 559 2415 interiere
579 2353 760 2429 (υποδιεςερα),
775 2372 833 2413 text.
848 2366 874 2425 ³1,
889 2380 932 2424 per

128 2428 259 2484 oppositum
278 2428 416 2474 adsensum
433 2442 502 2486 quem
520 2432 617 2487 impedit
630 2431 739 2476 sensibile
756 2432 884 2476 vehemens
900 2442 930 2474 ne
992 2442 993 2445 ¹

128 2491 173 2535 eliu
186 2490 284 2548 sentiet,
297 2491 353 2547 putd
365 2492 448 2536 tortior
459 2504 540 2537 senus.

161 2556 191 2619 (2)
205 2562 320 2613 Quatenus
329 2572 412 2619 nempe
426 2561 555 2609 divinorum
565 2574 661 2618 opernm
671 2560 791 2607 scientiam
806 2560 933 2619 isuperio-

126 2623 200 2678 ribus,
219 2623 368 2669 convenienti
381 2626 449 2669 medo
460 2624 599 2681 percipiunt,
613 2629 638 2668 ut
650 2623 795 2681 premittitur
809 2624 843 2668 ibi
862 2641 868 2668 ι
884 2624 932 2669 sive

127 2689 242 2739 quetenus
253 2684 358 2740 quedem
375 2687 406 2731 ab
419 2688 560 2747 eis-discunt
577 2686 639 2731 circe
656 2685 769 2743 ejusmodi
787 2696 861 2741 opere
882 2698 933 2743 quae

128 2745 191 2801 pride
210 2747 354 2806 nesciebant,
369 2753 395 2792 ut
412 2748 557 2805 subjungitur
573 2754 596 2792 et
614 2748 746 2805 mysterium
764 2748 932 2794 incarnationis

128 2808 153 2851 in
163 2809 293 2864 exemplum
303 2809 398 2855 effertur
412 2811 441 2855 de
453 2822 498 2867 quc
514 2812 644 2866 superiores
655 2811 669 2855 d
682 2811 770 2857 christo
785 2810 837 2867 ipso
849 2811 935 2855 imme·
992 2854 993 2857 ,

128 2868 207 2925 dietd,
221 2870 262 2915 sed
272 2870 286 2915 d
296 2872 453 2928 superioribus
464 2870 587 2917 interiores
599 2872 675 2929 otique
689 2872 832 2929 didicerunt,
849 2884 936 2919 secuu-

129 2929 182 2979 dnm
196 2932 251 2979 iilud
268 2934 328 2980 lsai.
347 2935 417 2979 12le
433 2950 440 2978 ε
455 2934 517 2991 Qrsr‘s
527 2937 560 2980 cet
573 2934 618 2981 e'rte
629 2934 673 2993 qest
688 2936 772 2985 verrit,
787 2940 834 2981 etc.
