1992 3342
124 165 170 213 458
310 178 370 215 rsus
387 180 409 228 r,-
425 180 608 230 onnaraxxnx,
624 180 679 220 aar.
697 183 731 221 nv.

121 252 193 375 Qut?
205 252 326 303 dedimam
335 258 380 305 est.
389 256 448 318 llrgo
457 257 501 306 lroc
511 268 609 320 nomen,
620 272 739 322 pesona,
747 259 924 323 signidcatsulr-

184 338 239 375 ram.

153 402 176 447 l.
187 399 312 460 preterea,
324 412 430 461 persona
442 398 469 448 in
478 399 610 450 homiuibus
618 404 644 450 et
653 400 741 463 angelis
754 415 801 452 non
810 402 926 466 significat
988 432 989 461 l

988 14 989 27 t

988 30 989 101 l

988 282 989 307 l

988 316 989 345 l

961 392 966 409 ν
988 366 989 423 l

120 468 268 532 relationem,
287 469 327 518 sed
343 468 428 533 aliquid
447 471 584 522 ahsolutum.
601 471 711 534 Silpiam
727 472 752 522 iu
770 474 816 525 Deo
833 475 924 539 signill-
988 464 989 523 l

120 544 182 589 caret
196 539 343 603 relationem,
360 541 475 592 diceretur
489 542 605 607 aequivoce
619 544 648 593 de
660 544 706 594 lleo
723 547 747 593 et
758 545 891 599 hominibus
900 553 925 598 et
988 542 989 545 ’

119 610 215 674 angelis.

150 683 196 733 Sed
212 688 293 733 contra
306 687 357 747 est,
371 685 433 749 quod
445 684 502 735 dicit
520 685 613 736 Boetius
625 684 650 735 in
667 684 707 735 lib.
728 686 761 736 de
779 688 872 739 Trinit.
888 689 924 755 (l)

119 754 179 820 quod
193 773 209 803 u
221 769 289 806 omne
299 770 384 807 nomen
396 756 470 820 mspis
482 757 512 807 ad
522 768 632 821 personis
642 758 775 822 pertinens,
785 759 924 813 relationem

118 827 242 893 significat.
258 844 273 875 u
286 829 332 879 Sed
347 830 435 879 nrdlum
448 842 533 880 nomeu
546 828 619 892 magis
628 829 730 893 pertinet
741 832 768 880 ad
782 844 923 898 personam,

118 897 187 963 quam
200 899 246 949 hoc
255 912 353 964 nomen,
365 914 472 964 perrona
482 912 557 963 :ergo
570 901 614 951 hoe
625 914 723 963 nomen,
730 905 923 965 personanda—

118 970 206 1022 tionem
218 970 339 1033 signifieat.
390 986 392 993 ·

151 1043 456 1108 (Commodo—Persona
464 1040 544 1093 diuina
554 1042 690 1097 relationem
700 1043 796 1107 originis
805 1045 923 1108 significat
988 1110 989 1115 ἵ

118 1129 160 1180 per
173 1117 263 1167 modum
278 1116 411 1166 substantiae
422 1128 464 1165 seu
476 1114 608 1179 hypostasis
616 1114 642 1164 in
654 1114 732 1165 diuina
741 1118 848 1180 natura.)

148 1188 285 1251 Respondeo
296 1186 433 1250 (licendum,
447 1184 509 1250 qndd
520 1186 581 1236 circa
592 1185 783 1248 significationem
794 1188 866 1253 liujus
880 1204 923 1243 no·
988 1200 989 1211 ¹

116 1258 200 1316 minis,
216 1274 335 1323 persona,
348 1258 373 1307 in
389 1256 488 1321 diunis,
499 1256 659 1310 difficultatem
671 1258 755 1321 ingerit
769 1257 830 1322 quod
843 1260 923 1323 plura-

116 1331 168 1382 liter
184 1332 213 1382 de
231 1331 304 1381 tribus
322 1329 471 1394 prodatur,
485 1332 569 1393 prater
581 1332 687 1379 naturam
703 1330 862 1381 essentialium
878 1347 921 1385 no-

115 1403 218 1467 minum,
229 1415 303 1466 neque
320 1402 389 1451 etiam
403 1401 439 1450 ad
457 1400 561 1465 aliquid
577 1400 674 1466 dieitur,
686 1400 746 1452 sicut
761 1402 856 1453 nomina
868 1418 920 1467 qua

115 1476 250 1526 relationem
271 1472 409 1536 significant.
424 1473 489 1523 Unde
505 1472 643 1535 quibusdam
655 1473 731 1523 visum
744 1477 779 1523 est
796 1472 858 1537 qndd
875 1476 919 1527 hoe

115 1560 214 1609 nomen,
229 1560 350 1610 persona,
370 1544 507 1608 simpliciter
525 1558 554 1594 ex
570 1544 656 1595 virtute
669 1545 775 1596 vocabuli
793 1548 918 1599 essentiam

113 1618 227 1681 significet
236 1616 261 1665 iu
274 1615 372 1679 divium,
383 1615 444 1665 sicut
457 1617 502 1665 hoc
514 1628 614 1679 nomen,
630 1617 709 1673 Deus,
722 1620 746 1667 et
759 1618 804 1668 lnoe
816 1632 917 1683 nomen,

113 1691 214 1753 sopiens
230 1686 273 1752 (2);
288 1688 329 1737 sed
342 1692 437 1752 propter
452 1686 586 1737 instantiam
600 1688 761 1738 hereticorum
774 1691 809 1739 est
826 1703 919 1743 accom-

147 1840 178 1906 (1)
191 1840 363 1899 AEquivalenter
372 1848 397 1887 et
408 1840 518 1899 implicite
530 1842 590 1887 libro
600 1844 619 1899 l,
632 1844 675 1887 sub
684 1841 751 1887 linem
760 1843 800 1889 uhi
812 1845 845 1890 ait
855 1848 918 1903 qudd

112 1908 200 1954 relatio
212 1905 363 1963 multiplicet
375 1904 533 1957 messenum:
544 1906 584 1949 sed
597 1904 727 1961 expressids
740 1905 782 1950 lib.
793 1908 829 1964 Π,
845 1910 917 1957 etium

112 1970 193 2017 versds
206 1968 288 2026 duem,
301 1967 354 2013 edm
367 1967 415 2012 ait:
430 1966 576 2012 Vocabulum
589 1966 652 2024 quod
666 1980 697 2011 ece
707 1971 821 2025 perroma
835 1975 917 2031 oripi·

112 2047 167 2079 suem
180 2034 260 2090 eupit,
273 2030 306 2075 od
317 2030 476 2075 immilem
492 2042 544 2074 uno
554 2031 680 2087 pertinere
696 2036 832 2078 permeent
846 2052 854 2077 .·
869 2049 917 2093 quo

112 2097 141 2153 fit
152 2100 181 2140 et
195 2106 271 2152 oeque
282 2094 356 2139 ram
365 2104 442 2150 oeque
457 2093 543 2137 Filius
560 2104 636 2149 neque
648 2092 760 2149 Spiritus
772 2099 875 2142 seruetur
888 2100 917 2145 de

111 2158 161 2204 Deo
171 2157 364 2206 memmallo·
371 2155 534 2213 prodiretur,
547 2154 587 2199 red
601 2154 633 2199 od
646 2154 759 2211 alipotd,
773 2160 817 2201 ete.

144 2225 175 2287 (ἡ)
190 2232 225 2273 lta
236 2228 311 2273 risum
320 2227 413 2283 Huponi
425 2226 454 2271 de
467 2228 490 2271 S.
503 2226 598 2273 Victore
612 2226 637 2270 in
649 2226 824 2273 Eruditionilrus
839 2230 915 2275 Theo-

109 2290 191 2347 logicis
207 2292 274 2337 Trac.
295 2292 315 2335 1.
333 2292 431 2348 Summae
451 2289 631 2345 sententiarum,
655 2298 708 2345 eap.
725 2290 752 2346 9,
770 2287 838 2345 juxta
858 2292 915 2339 illud

109 2353 172 2409 qnod
182 2353 326 2410 Augustinus
337 2353 439 2397 insinuat
447 2351 489 2396 lib.
501 2352 561 2407 vlt,
573 2350 606 2395 De
621 2349 708 2400 Trio„
720 2363 772 2407 cap.
784 2350 798 2395 d
811 2358 835 2397 et
847 2354 915 2399 dein-

108 2426 178 2471 eeps;
192 2421 219 2459 ut
229 2420 253 2459 et
263 2414 372 2471 Magistro
383 2414 579 2463 Sententiarum,
587 2413 629 2458 lib.
640 2414 660 2473 l,
672 2413 725 2459 dist.
739 2412 769 2457 2³
780 2420 803 2459 et
816 2414 857 2461 25.
870 2419 916 2463 sed

107 2476 170 2534 quod
181 2487 212 2521 eor
225 2478 381 2522 ordinatione
399 2476 507 2521 Concidit
519 2488 604 2521 nomen
618 2485 724 2533 personae
738 2476 766 2521 ad
779 2478 916 2533 significan·

106 2541 160 2585 dum
173 2540 310 2584 relationem
327 2538 524 2585 accommodatum
540 2538 583 2596 sit,
599 2550 642 2583 nee
660 2540 727 2595 Hupo
746 2551 789 2584 nec
801 2542 917 2597 Magister

107 2602 238 2659 exprimunt
251 2602 280 2647 lis
293 2603 367 2660 locis,
383 2606 408 2646 et
420 2600 492 2645 multd
507 2600 582 2645 mindo
599 2601 752 2659 Augustinus,
769 2603 809 2658 qui
823 2604 915 2650 nullutn

107 2663 135 2711 ed
153 2665 181 2710 de
199 2677 225 2709 re
239 2663 366 2710 Concilium
379 2664 476 2708 uiderat.
492 2662 536 2708 Sed
556 2674 600 2708 neo
619 2664 747 2720 posteriora
762 2666 866 2709 eoncilia
883 2666 914 2713 de

106 2728 200 2773 nomine
210 2739 321 2785 persone
330 2729 375 2772 tale
385 2726 511 2782 quidquam
520 2726 666 2771 constituisse
678 2726 723 2771 dici
733 2734 845 2785 possunt,
859 2728 915 2775 edm

106 2802 192 2836 nomen
202 2789 258 2835 illud
269 2801 361 2845 semper
372 2801 415 2846 pro
429 2788 549 2845 supposito
564 2792 684 2845 acceptum
697 2789 740 2844 sit,
756 2794 781 2835 et
795 2802 825 2835 eo
840 2802 915 2838 sensu

107 2855 138 2898 ab
152 2852 248 2898 authore
260 2851 417 2897 uetustissimo
428 2853 472 2896 sul)
482 2851 576 2895 nomine
584 2852 720 2896 Tertulliani
729 2852 772 2897 lib.
781 2852 817 2897 De
828 2853 915 2905 Trite..

107 2927 160 2971 cap.
174 2914 219 2975 al,
231 2915 302 2960 Filius
315 2914 459 2974 appelletur,
477 2914 585 2959 emendo
594 2917 648 2972 poet
666 2915 764 2960 Putrem
780 2926 890 2973 persono
906 2936 915 2962 .-
