1992 3342
145 185 192 230 ³78
337 193 398 230 raus
411 194 434 241 1,
449 193 540 238 uuum.
555 193 631 242 xxnr,
646 193 700 230 aar.
714 193 750 229 ru.

175 269 210 319 Ad
221 270 327 332 martum
341 268 480 332 dicendum,
494 267 555 332 qudd
566 269 638 330 qratia
650 281 695 318 uon
712 267 806 332 penitam
821 266 849 317 in
864 263 929 318 ulnu-

144 339 208 390 tione
215 338 428 403 predestinationis,
439 340 503 403 quasi
512 339 596 403 aliquid
610 339 710 389 existens
723 341 751 389 de
766 339 868 390 essentia
880 338 929 400 qut

144 411 220 462 mutu
233 413 342 473 quantum
353 411 522 473 praedestinatio
532 411 640 475 importat
655 414 786 473 respectum
797 409 825 460 ad
837 409 929 472 gratiam,

146 484 251 530 utcausae
259 480 288 529 ad
298 479 415 543 ellectum,
425 486 449 531 et
459 482 524 532 actds
536 482 564 552 ad
575 481 691 544 objectum
701 495 708 529 :
719 483 781 532 unde
790 493 838 533 non
848 477 930 542 sequitur

144 552 206 616 qubd
215 553 383 616 predestimtio
392 554 422 604 sit
431 555 516 618 aliquid
526 554 662 618 temporale.

440 706 599 756 tenentos
611 707 652 755 lll.

281 829 368 873 Utra'em
377 831 442 874 Deua
450 829 555 886 aliquem
565 829 683 875 bominem
692 829 810 884 reprobet.

176 955 313 1005 adtentum
325 956 358 1007 sio
374 956 504 1020 proceditur
521 955 563 1022 (t).
581 955 674 1005 Videtur
694 953 756 1020 qubd
774 955 834 1006 Deus
857 955 930 1004 nullum

145 1025 263 1075 hominem
281 1027 395 1090 reprobet.
411 1027 491 1077 Nullus
506 1027 569 1078 enim
582 1027 688 1088 reprobat
709 1039 780 1088 quem
799 1025 882 1088 diligit.
900 1021 932 1072 Sed

147 1097 207 1146 Deus
218 1110 309 1146 omnem
317 1097 434 1147 hominem
445 1097 528 1161 diligit3
537 1095 661 1147 secunddm
669 1096 726 1146 illud
735 1097 797 1159 Sap.
807 1097 839 1146 lll
852 1113 858 1146 :
870 1114 883 1143 n
894 1093 935 1144 ltili·

146 1166 331 1230 pecuniaque
345 1172 408 1230 sunt,
422 1171 445 1217 et
456 1168 515 1218 nihil
526 1167 594 1218 odisti
606 1181 684 1218 eorum
698 1180 749 1230 qua
764 1167 848 1217 fecisti.
863 1168 934 1224 odeo

146 1236 206 1286 Deus
220 1239 306 1287 nullum
322 1238 437 1289 homiuem
450 1239 565 1301 reprobat.

178 1312 202 1356 2.
216 1309 347 1371 Praeterea,
361 1308 380 1358 si
395 1310 454 1359 Deus
469 1308 569 1372 aliquem
586 1309 703 1359 homiuem
716 1308 842 1371 reprobat,
861 1307 935 1370 oportet

146 1377 207 1442 qubd
220 1379 252 1428 sie
265 1393 289 1429 se
302 1381 385 1428 habeat
399 1378 528 1442 reprobatio
543 1380 572 1430 ad
592 1379 737 1442 reprobatos,
756 1378 816 1428 sicin
835 1373 936 1441 predesti-

147 1449 210 1499 natio
231 1450 260 1498 ad
279 1449 459 1513 predestinatos.
474 1451 518 1499 Sed
535 1445 706 1513 praedestinatio
726 1451 761 1498 est
784 1461 853 1498 causa
870 1443 936 1496 salutis

146 1519 367 1583 praedestinatorum
380 1532 435 1582 ergo
446 1519 575 1582 reprobatio
590 1518 633 1569 erit
647 1532 715 1571 cause
725 1517 860 1582 perditionis
872 1528 937 1578 repro

145 1589 236 1639 borum.
258 1592 304 1638 lloc
326 1594 402 1641 autem
424 1593 459 1640 est
479 1591 579 1660 falsum5
603 1589 684 1640 dieitur
707 1589 770 1640 euim
789 1595 848 1638 osee
868 1587 935 1637 lllll:

149 1677 163 1707 «
176 1659 277 1709 Perditio
292 1664 333 1708 tua
348 1661 418 1712 lsrael
431 1674 459 1710 en
469 1664 493 1710 te
506 1664 553 1724 est,
566 1659 722 1710 tantummodd
737 1673 768 1709 ex
787 1671 825 1709 me
841 1658 939 1708 auxiium

148 1730 220 1778 tuum.
231 1745 244 1775 a
254 1731 304 1779 Nun
318 1743 373 1791 ergo
386 1733 445 1781 lleus
459 1731 558 1794 aliquem
569 1733 684 1793 reprobat.

182 1804 204 1849 3.
223 1801 350 1864 Praeterea,
367 1803 424 1850 nudi
442 1802 510 1851 debet
523 1800 632 1864 imputari
648 1799 708 1864 quod
722 1800 796 1850 viere
807 1813 854 1850 uon
864 1799 939 1862 potest.

149 1871 193 1920 Sed
206 1871 226 1920 si
244 1872 303 1921 lleus
319 1872 416 1935 aliquem
437 1874 556 1936 reprobat,
578 1886 624 1922 nou
644 1874 718 1935 potest
738 1872 811 1922 vitare
832 1870 885 1934 quin
901 1869 940 1932 ipse

148 1946 241 2006 pereat;
254 1940 335 1992 dicitur
345 1943 407 1992 enirn
417 1943 511 1992 Eccles.
525 1945 565 1994 Vll
578 1959 583 1992 :
599 1961 613 1990 a
621 1943 822 2006 Consideraupera
831 1942 879 2005 llei,
890 1939 941 2003 qu'ul

150 2025 217 2061 nemo
235 2013 306 2076 possit
323 2013 435 2074 corrigere
451 2027 518 2076 quem
535 2013 584 2076 ipse
602 2013 740 2078 despexerit.
756 2015 815 2075 Ergo
832 2026 879 2062 uun
891 2013 942 2060 esset

150 2083 280 2135 homiuibus
290 2083 447 2146 imputandum
460 2083 521 2147 qubd
535 2088 645 2148 pereunt,
655 2086 699 2136 boc
713 2087 790 2134 autem
803 2087 837 2134 est
852 2082 939 2132 talama:

150 2166 196 2204 nou
209 2169 264 2218 crgo
276 2157 335 2206 lleus
347 2156 444 2218 aliquem
458 2155 574 2219 reprobat.

180 2228 225 2276 Sed
235 2230 313 2277 contra
325 2229 370 2289 est,
385 2227 445 2290 quod
460 2227 545 2276 dicitur
560 2226 622 2276 Mal.
635 2227 664 2275 l:
679 2243 692 2274 n
706 2225 775 2278 Jacob
788 2223 869 2286 dilexi,
891 2222 944 2272 man

150 2299 226 2346 autem
240 2297 292 2347 odio
306 2297 384 2346 habui.
396 2314 410 2343 a

183 2367 336 2430 (sonmusro.
347 2367 441 2418 -Cdm
453 2366 482 2416 ad
490 2367 590 2417 dianam
602 2366 771 2430 providentiam
781 2365 891 2431 pertineat
907 2362 944 2411 ali-

151 2451 208 2502 quos
218 2438 350 2503 permittere
361 2439 375 2488 a
387 2439 434 2488 vita
443 2438 528 2496 eterna
540 2438 635 2492 delicere
641 2475 649 2502 ,
664 2438 693 2488 ad
705 2451 757 2488 eam
769 2438 867 2504 pertinet
878 2435 946 2485 eliam

150 2507 239 2569 aliquos
249 2512 415 2572 cousequenter
428 2509 578 2573 reprobare.)

183 2579 317 2640 Respondeo
328 2579 447 2632 dicendum
454 2594 462 2643 ¹,
476 2579 538 2644 qubd
551 2581 610 2630 Deus
624 2579 713 2643 aliquos
730 2580 843 2643 reprobat.
862 2576 948 2624 Dictum

152 2648 215 2698 euim
226 2654 261 2698 est
273 2651 355 2713 suprt,
367 2651 428 2714 qubd
439 2652 609 2714 predestinatio
628 2655 663 2702 est
678 2663 732 2714 pars
746 2648 901 2715 providentia.
917 2647 947 2695 ,tl

153 2719 319 2782 providentiam
345 2726 419 2771 autem
442 2723 543 2786 pertinet
564 2721 696 2785 permittere
717 2721 820 2788 aliquem
839 2718 946 2769 delectum

188 2836 218 2898 (1)
236 2840 269 2887 Ile
282 2839 318 2887 his
330 2841 400 2886 edum
413 2844 436 2899 1,
450 2839 529 2892 Sedet,
542 2841 596 2886 dist.
611 2841 657 2901 ts,
667 2853 710 2898 qu.
723 2839 748 2900 b,
761 2845 806 2886 art.
822 2833 893 2884 1022
906 2853 912 2888 ;
927 2843 947 2878 aa

157 2901 225 2945 boot.
241 2901 319 2954 Geat„
332 2903 373 2947 lib.
387 2904 434 2961 111,
448 2915 501 2959 cap.
514 2905 564 2958 ult;
578 2910 602 2949 et
616 2905 643 2949 ad
658 2905 726 2950 Rem.
741 2904 767 2961 Ι,
782 2904 835 2950 leet.
849 2899 869 2946 2.
