<?xml version="1.0" encoding="UTF-8"?>
<!DOCTYPE html PUBLIC "-//W3C//DTD XHTML 1.0 Transitional//EN"
    "http://www.w3.org/TR/xhtml1/DTD/xhtml1-transitional.dtd">
<html xmlns="http://www.w3.org/1999/xhtml" xml:lang="en" lang="en">
 <head>
  <title>
</title>
<meta http-equiv="Content-Type" content="text/html;charset=utf-8" />
  <meta name='ocr-system' content='tesseract 3.04.00' />
  <meta name='ocr-capabilities' content='ocr_page ocr_carea ocr_par ocr_line ocrx_word'/>
</head>
<body>
  <div class='ocr_page' id='page_1' title='image "./summatheologica04nicogoog_0104.png"; bbox 0 0 1992 3342; ppageno 0'>
   <div class='ocr_carea' id='block_1_1' title="bbox 663 60 682 95">
    <p class='ocr_par' dir='ltr' id='par_1_1' title="bbox 663 60 682 95">
     <span class='ocr_line' id='line_1_1' title="bbox 663 60 682 95; baseline 0 0"><span class='ocrx_word' id='word_1_1' title='bbox 663 60 682 95; x_wconf 65' lang='grc' dir='ltr'>Ο</span> 
     </span>
    </p>
   </div>
   <div class='ocr_carea' id='block_1_2' title="bbox 318 172 859 219">
    <p class='ocr_par' dir='ltr' id='par_1_2' title="bbox 318 172 859 219">
     <span class='ocr_line' id='line_1_2' title="bbox 318 172 859 219; baseline -0.002 -9"><span class='ocrx_word' id='word_1_2' title='bbox 318 173 351 211; x_wconf 77' lang='lat' dir='ltr'><strong>ns</strong></span> <span class='ocrx_word' id='word_1_3' title='bbox 364 175 501 214; x_wconf 78' lang='lat' dir='ltr'><strong>rsrrnrrrrn</strong></span> <span class='ocrx_word' id='word_1_4' title='bbox 516 176 565 213; x_wconf 84' lang='lat' dir='ltr'><strong>nsr.</strong></span> <span class='ocrx_word' id='word_1_5' title='bbox 829 172 859 219; x_wconf 71' lang='lat' dir='ltr'><strong>hh</strong></span> 
     </span>
    </p>
   </div>
   <div class='ocr_carea' id='block_1_3' title="bbox 43 257 861 2325">
    <p class='ocr_par' dir='ltr' id='par_1_3' title="bbox 45 257 861 1310">
     <span class='ocr_line' id='line_1_3' title="bbox 51 257 860 322; baseline 0.01 -14"><span class='ocrx_word' id='word_1_6' title='bbox 51 257 158 320; x_wconf 67' lang='lat' dir='ltr'><strong>possibile</strong></span> <span class='ocrx_word' id='word_1_7' title='bbox 171 258 313 322; x_wconf 65' lang='lat' dir='ltr'><strong>estoliqnod</strong></span> <span class='ocrx_word' id='word_1_8' title='bbox 323 271 409 322; x_wconf 81' lang='lat' dir='ltr'><strong>eorpus</strong></span> <span class='ocrx_word' id='word_1_9' title='bbox 420 261 523 311; x_wconf 73' lang='lat' dir='ltr'><strong>unmnle</strong></span> <span class='ocrx_word' id='word_1_10' title='bbox 536 260 651 313; x_wconf 85' lang='lat' dir='ltr'><strong>induitunr</strong></span> <span class='ocrx_word' id='word_1_11' title='bbox 659 274 720 315; x_wconf 82' lang='lat' dir='ltr'><strong>esse.</strong></span> <span class='ocrx_word' id='word_1_12' title='bbox 733 264 780 315; x_wconf 86' lang='lat' dir='ltr'><strong>iioo</strong></span> <span class='ocrx_word' id='word_1_13' title='bbox 790 264 860 315; x_wconf 80' lang='lat' dir='ltr'><strong>etium</strong></span> 
     </span>
     <span class='ocr_line' id='line_1_4' title="bbox 49 329 860 399; baseline 0.011 -21"><span class='ocrx_word' id='word_1_14' title='bbox 49 343 76 379; x_wconf 84' lang='lat' dir='ltr'><strong>ex</strong></span> <span class='ocrx_word' id='word_1_15' title='bbox 88 334 154 381; x_wconf 88' lang='lat' dir='ltr'><strong>motu</strong></span> <span class='ocrx_word' id='word_1_16' title='bbox 166 332 232 395; x_wconf 83' lang='lat' dir='ltr'><strong>patet</strong></span> <span class='ocrx_word' id='word_1_17' title='bbox 242 346 248 379; x_wconf 90' lang='lat'>:</span> <span class='ocrx_word' id='word_1_18' title='bbox 259 329 314 394; x_wconf 70' lang='lat' dir='ltr'><strong>qudi</strong></span> <span class='ocrx_word' id='word_1_19' title='bbox 328 344 398 382; x_wconf 88' lang='lat' dir='ltr'><strong>omne</strong></span> <span class='ocrx_word' id='word_1_20' title='bbox 408 344 491 395; x_wconf 83' lang='lat' dir='ltr'><strong>eorpus</strong></span> <span class='ocrx_word' id='word_1_21' title='bbox 502 334 605 383; x_wconf 77' lang='lat' dir='ltr'><strong>naturale</strong></span> <span class='ocrx_word' id='word_1_22' title='bbox 617 334 688 385; x_wconf 77' lang='lat' dir='ltr'><strong>hehet</strong></span> <span class='ocrx_word' id='word_1_23' title='bbox 700 335 799 399; x_wconf 73' lang='lat' dir='ltr'><strong>aliquem</strong></span> <span class='ocrx_word' id='word_1_24' title='bbox 812 350 860 387; x_wconf 86' lang='lat' dir='ltr'><strong>mo·</strong></span> 
     </span>
     <span class='ocr_line' id='line_1_5' title="bbox 50 403 860 471; baseline 0.014 -20"><span class='ocrx_word' id='word_1_25' title='bbox 50 405 98 451; x_wconf 86' lang='lat' dir='ltr'><strong>tun</strong></span> <span class='ocrx_word' id='word_1_26' title='bbox 115 403 263 466; x_wconf 67' lang='lat' dir='ltr'><strong>namnetem</strong></span> <span class='ocrx_word' id='word_1_27' title='bbox 284 416 371 466; x_wconf 87' lang='lat' dir='ltr'><strong>eorpus</strong></span> <span class='ocrx_word' id='word_1_28' title='bbox 383 407 462 453; x_wconf 69' lang='lat' dir='ltr'><strong>numm</strong></span> <span class='ocrx_word' id='word_1_29' title='bbox 477 404 591 455; x_wconf 89' lang='lat' dir='ltr'><strong>intinitnm</strong></span> <span class='ocrx_word' id='word_1_30' title='bbox 611 420 658 458; x_wconf 88' lang='lat' dir='ltr'><strong>non</strong></span> <span class='ocrx_word' id='word_1_31' title='bbox 679 412 757 471; x_wconf 66' lang='lat' dir='ltr'><strong>ponet</strong></span> <span class='ocrx_word' id='word_1_32' title='bbox 775 410 860 461; x_wconf 76' lang='lat' dir='ltr'><strong>hahere</strong></span> 
     </span>
     <span class='ocr_line' id='line_1_6' title="bbox 48 472 861 542; baseline 0.016 -23"><span class='ocrx_word' id='word_1_33' title='bbox 48 472 147 535; x_wconf 83' lang='lat' dir='ltr'><strong>aliquem</strong></span> <span class='ocrx_word' id='word_1_34' title='bbox 167 478 258 525; x_wconf 84' lang='lat' dir='ltr'><strong>motum</strong></span> <span class='ocrx_word' id='word_1_35' title='bbox 271 474 402 524; x_wconf 76' lang='lat' dir='ltr'><strong>naturalem</strong></span> <span class='ocrx_word' id='word_1_36' title='bbox 418 490 424 524; x_wconf 91' lang='lat'>:</span> <span class='ocrx_word' id='word_1_37' title='bbox 442 488 486 525; x_wconf 86' lang='lat' dir='ltr'><strong>nee</strong></span> <span class='ocrx_word' id='word_1_38' title='bbox 504 481 603 540; x_wconf 74' lang='lat' dir='ltr'><strong>metum,</strong></span> <span class='ocrx_word' id='word_1_39' title='bbox 618 479 672 542; x_wconf 80' lang='lat' dir='ltr'><strong>quia</strong></span> <span class='ocrx_word' id='word_1_40' title='bbox 685 480 742 529; x_wconf 85' lang='lat' dir='ltr'><strong>nihil</strong></span> <span class='ocrx_word' id='word_1_41' title='bbox 756 486 861 533; x_wconf 86' lang='lat' dir='ltr'><strong>movetur</strong></span> 
     </span>
     <span class='ocr_line' id='line_1_7' title="bbox 48 544 859 617; baseline 0.014 -25"><span class='ocrx_word' id='word_1_42' title='bbox 48 544 182 594; x_wconf 68' lang='lat' dir='ltr'>naturaliter</span> <span class='ocrx_word' id='word_1_43' title='bbox 192 549 259 595; x_wconf 89' lang='lat' dir='ltr'><strong>motu</strong></span> <span class='ocrx_word' id='word_1_44' title='bbox 268 549 333 595; x_wconf 87' lang='lat' dir='ltr'><strong>reoto</strong></span> <span class='ocrx_word' id='word_1_45' title='bbox 339 582 349 608; x_wconf 87' lang='lat'><em>‚</em></span> <span class='ocrx_word' id='word_1_46' title='bbox 363 545 410 596; x_wconf 86' lang='lat' dir='ltr'><strong>misi</strong></span> <span class='ocrx_word' id='word_1_47' title='bbox 422 560 475 595; x_wconf 83' lang='lat' dir='ltr'><strong>oum</strong></span> <span class='ocrx_word' id='word_1_48' title='bbox 487 550 522 597; x_wconf 86' lang='lat' dir='ltr'><strong>est</strong></span> <span class='ocrx_word' id='word_1_49' title='bbox 535 552 599 600; x_wconf 73' lang='lat' dir='ltr'><strong>entra</strong></span> <span class='ocrx_word' id='word_1_50' title='bbox 611 563 678 599; x_wconf 83' lang='lat' dir='ltr'><strong>suum</strong></span> <span class='ocrx_word' id='word_1_51' title='bbox 695 551 784 615; x_wconf 82' lang='lat' dir='ltr'><strong>locum3</strong></span> <span class='ocrx_word' id='word_1_52' title='bbox 798 554 859 617; x_wconf 80' lang='lat' dir='ltr'><strong>qnod</strong></span> 
     </span>
     <span class='ocr_line' id='line_1_8' title="bbox 51 613 860 683; baseline 0.015 -21"><span class='ocrx_word' id='word_1_53' title='bbox 51 613 139 676; x_wconf 82' lang='lat' dir='ltr'><strong>corpori</strong></span> <span class='ocrx_word' id='word_1_54' title='bbox 151 615 241 666; x_wconf 85' lang='lat' dir='ltr'><strong>infinito</strong></span> <span class='ocrx_word' id='word_1_55' title='bbox 259 615 366 666; x_wconf 72' lang='lat' dir='ltr'><strong>arridere</strong></span> <span class='ocrx_word' id='word_1_56' title='bbox 382 630 430 666; x_wconf 90' lang='lat' dir='ltr'><strong>non</strong></span> <span class='ocrx_word' id='word_1_57' title='bbox 450 621 541 681; x_wconf 82' lang='lat' dir='ltr'><strong>posset,</strong></span> <span class='ocrx_word' id='word_1_58' title='bbox 559 624 681 683; x_wconf 75' lang='lat' dir='ltr'><strong>oocuparet</strong></span> <span class='ocrx_word' id='word_1_59' title='bbox 701 621 763 673; x_wconf 87' lang='lat' dir='ltr'><strong>enim</strong></span> <span class='ocrx_word' id='word_1_60' title='bbox 783 622 860 673; x_wconf 79' lang='lat' dir='ltr'><strong>onmis</strong></span> 
     </span>
     <span class='ocr_line' id='line_1_9' title="bbox 50 682 860 756; baseline 0.016 -26"><span class='ocrx_word' id='word_1_61' title='bbox 50 682 99 733; x_wconf 80' lang='lat' dir='ltr'><strong>loca</strong></span> <span class='ocrx_word' id='word_1_62' title='bbox 105 721 115 747; x_wconf 89' lang='lat'><em>‚</em></span> <span class='ocrx_word' id='word_1_63' title='bbox 125 688 149 733; x_wconf 91' lang='lat' dir='ltr'><strong>et</strong></span> <span class='ocrx_word' id='word_1_64' title='bbox 161 686 192 736; x_wconf 81' lang='lat' dir='ltr'><strong>sio</strong></span> <span class='ocrx_word' id='word_1_65' title='bbox 202 686 365 737; x_wconf 80' lang='lat' dir='ltr'><strong>indifferenter</strong></span> <span class='ocrx_word' id='word_1_66' title='bbox 384 686 481 750; x_wconf 75' lang='lat' dir='ltr'>quilibet</span> <span class='ocrx_word' id='word_1_67' title='bbox 492 688 559 739; x_wconf 85' lang='lat' dir='ltr'><strong>loeus</strong></span> <span class='ocrx_word' id='word_1_68' title='bbox 571 694 631 739; x_wconf 82' lang='lat' dir='ltr'><strong>esset</strong></span> <span class='ocrx_word' id='word_1_69' title='bbox 643 690 706 743; x_wconf 81' lang='lat' dir='ltr'><strong>loeus</strong></span> <span class='ocrx_word' id='word_1_70' title='bbox 718 691 778 756; x_wconf 80' lang='lat' dir='ltr'><strong>ejus.</strong></span> <span class='ocrx_word' id='word_1_71' title='bbox 790 692 860 743; x_wconf 78' lang='lat' dir='ltr'><strong>Sinni·</strong></span> 
     </span>
     <span class='ocr_line' id='line_1_10' title="bbox 49 753 858 826; baseline 0.015 -24"><span class='ocrx_word' id='word_1_72' title='bbox 49 753 102 803; x_wconf 83' lang='lat' dir='ltr'><strong>diter</strong></span> <span class='ocrx_word' id='word_1_73' title='bbox 113 754 182 805; x_wconf 84' lang='lat' dir='ltr'><strong>etiam</strong></span> <span class='ocrx_word' id='word_1_74' title='bbox 195 770 270 821; x_wconf 80' lang='lat' dir='ltr'><strong>neque</strong></span> <span class='ocrx_word' id='word_1_75' title='bbox 284 758 412 808; x_wconf 86' lang='lat' dir='ltr'><strong>seeundum</strong></span> <span class='ocrx_word' id='word_1_76' title='bbox 424 762 511 811; x_wconf 89' lang='lat' dir='ltr'><strong>motum</strong></span> <span class='ocrx_word' id='word_1_77' title='bbox 527 759 673 824; x_wconf 72' lang='lat' dir='ltr'><strong>somniem,</strong></span> <span class='ocrx_word' id='word_1_78' title='bbox 690 762 743 826; x_wconf 78' lang='lat' dir='ltr'><strong>quid</strong></span> <span class='ocrx_word' id='word_1_79' title='bbox 758 762 784 813; x_wconf 90' lang='lat' dir='ltr'><strong>in</strong></span> <span class='ocrx_word' id='word_1_80' title='bbox 795 767 858 814; x_wconf 86' lang='lat' dir='ltr'><strong>motu</strong></span> 
     </span>
     <span class='ocr_line' id='line_1_11' title="bbox 48 825 858 899; baseline 0.015 -25"><span class='ocrx_word' id='word_1_81' title='bbox 48 825 153 876; x_wconf 65' lang='lat' dir='ltr'><strong>ricuini</strong></span> <span class='ocrx_word' id='word_1_82' title='bbox 164 833 257 891; x_wconf 82' lang='lat' dir='ltr'><strong>oportet</strong></span> <span class='ocrx_word' id='word_1_83' title='bbox 267 827 330 893; x_wconf 79' lang='lat' dir='ltr'><strong>quod</strong></span> <span class='ocrx_word' id='word_1_84' title='bbox 341 842 451 893; x_wconf 81' lang='lat' dir='ltr'><strong>unapars</strong></span> <span class='ocrx_word' id='word_1_85' title='bbox 462 831 564 895; x_wconf 86' lang='lat' dir='ltr'><strong>eorporis</strong></span> <span class='ocrx_word' id='word_1_86' title='bbox 573 832 723 883; x_wconf 78' lang='lat' dir='ltr'><strong>transferatur</strong></span> <span class='ocrx_word' id='word_1_87' title='bbox 733 834 762 885; x_wconf 80' lang='lat' dir='ltr'><strong>od</strong></span> <span class='ocrx_word' id='word_1_88' title='bbox 773 835 858 899; x_wconf 80' lang='lat' dir='ltr'><strong>locum,</strong></span> 
     </span>
     <span class='ocr_line' id='line_1_12' title="bbox 47 900 858 971; baseline 0.014 -24"><span class='ocrx_word' id='word_1_89' title='bbox 47 900 70 947; x_wconf 88' lang='lat' dir='ltr'><strong>in</strong></span> <span class='ocrx_word' id='word_1_90' title='bbox 80 915 126 965; x_wconf 89' lang='lat' dir='ltr'><strong>qno</strong></span> <span class='ocrx_word' id='word_1_91' title='bbox 141 901 185 951; x_wconf 82' lang='lat' dir='ltr'><strong>tuit</strong></span> <span class='ocrx_word' id='word_1_92' title='bbox 196 902 243 953; x_wconf 80' lang='lat' dir='ltr'><strong>alia</strong></span> <span class='ocrx_word' id='word_1_93' title='bbox 253 916 321 967; x_wconf 76' lang='lat' dir='ltr'><strong>pars3</strong></span> <span class='ocrx_word' id='word_1_94' title='bbox 333 903 431 967; x_wconf 79' lang='lat' dir='ltr'><strong>quodid</strong></span> <span class='ocrx_word' id='word_1_95' title='bbox 441 916 535 967; x_wconf 84' lang='lat' dir='ltr'><strong>corpore</strong></span> <span class='ocrx_word' id='word_1_96' title='bbox 547 904 658 968; x_wconf 82' lang='lat' dir='ltr'><strong>circulari,</strong></span> <span class='ocrx_word' id='word_1_97' title='bbox 668 906 688 957; x_wconf 93' lang='lat' dir='ltr'><strong>si</strong></span> <span class='ocrx_word' id='word_1_98' title='bbox 698 910 795 971; x_wconf 82' lang='lat' dir='ltr'><strong>ponetur</strong></span> <span class='ocrx_word' id='word_1_99' title='bbox 805 907 858 957; x_wconf 88' lang='lat' dir='ltr'><strong>ind-</strong></span> 
     </span>
     <span class='ocr_line' id='line_1_13' title="bbox 47 972 857 1042; baseline 0.014 -23"><span class='ocrx_word' id='word_1_100' title='bbox 47 972 193 1037; x_wconf 80' lang='lat' dir='ltr'><strong>nitum,esse</strong></span> <span class='ocrx_word' id='word_1_101' title='bbox 204 988 252 1038; x_wconf 82' lang='lat' dir='ltr'><strong>non</strong></span> <span class='ocrx_word' id='word_1_102' title='bbox 262 978 341 1039; x_wconf 86' lang='lat' dir='ltr'><strong>posset</strong></span> <span class='ocrx_word' id='word_1_103' title='bbox 358 990 364 1024; x_wconf 77' lang='grc' dir='ltr'><strong>ι</strong></span> <span class='ocrx_word' id='word_1_104' title='bbox 379 974 434 1039; x_wconf 82' lang='lat' dir='ltr'><strong>quin</strong></span> <span class='ocrx_word' id='word_1_105' title='bbox 450 976 501 1025; x_wconf 82' lang='lat' dir='ltr'><strong>due</strong></span> <span class='ocrx_word' id='word_1_106' title='bbox 516 975 582 1027; x_wconf 76' lang='lat' dir='ltr'><strong>lineo</strong></span> <span class='ocrx_word' id='word_1_107' title='bbox 600 981 718 1040; x_wconf 78' lang='lat' dir='ltr'><strong>protracto</strong></span> <span class='ocrx_word' id='word_1_108' title='bbox 733 978 746 1028; x_wconf 82' lang='lat' dir='ltr'><strong>i</strong></span> <span class='ocrx_word' id='word_1_109' title='bbox 763 982 857 1042; x_wconf 75' lang='lat' dir='ltr'><strong>centro,</strong></span> 
     </span>
     <span class='ocr_line' id='line_1_14' title="bbox 46 1045 858 1113; baseline 0.011 -21"><span class='ocrx_word' id='word_1_110' title='bbox 46 1048 130 1104; x_wconf 80' lang='lat' dir='ltr'><strong>quanto</strong></span> <span class='ocrx_word' id='word_1_111' title='bbox 145 1046 239 1109; x_wconf 76' lang='lat' dir='ltr'><strong>longius</strong></span> <span class='ocrx_word' id='word_1_112' title='bbox 252 1048 418 1110; x_wconf 81' lang='lat' dir='ltr'><strong>protrahuntur</strong></span> <span class='ocrx_word' id='word_1_113' title='bbox 432 1045 446 1096; x_wconf 81' lang='lat' dir='ltr'><strong>i</strong></span> <span class='ocrx_word' id='word_1_114' title='bbox 458 1050 546 1111; x_wconf 80' lang='lat' dir='ltr'><strong>oenho,</strong></span> <span class='ocrx_word' id='word_1_115' title='bbox 558 1046 622 1099; x_wconf 80' lang='lat' dir='ltr'><strong>tanto</strong></span> <span class='ocrx_word' id='word_1_116' title='bbox 634 1049 724 1113; x_wconf 72' lang='lat' dir='ltr'><strong>longiis</strong></span> <span class='ocrx_word' id='word_1_117' title='bbox 733 1050 818 1101; x_wconf 73' lang='lat' dir='ltr'><strong>distent</strong></span> <span class='ocrx_word' id='word_1_118' title='bbox 829 1051 858 1101; x_wconf 86' lang='lat' dir='ltr'><strong>uh</strong></span> 
     </span>
     <span class='ocr_line' id='line_1_15' title="bbox 47 1113 857 1182; baseline 0.014 -20"><span class='ocrx_word' id='word_1_119' title='bbox 47 1113 163 1180; x_wconf 79' lang='lat' dir='ltr'><strong>inrioem3</strong></span> <span class='ocrx_word' id='word_1_120' title='bbox 180 1117 271 1181; x_wconf 80' lang='lat' dir='ltr'><strong>siergo</strong></span> <span class='ocrx_word' id='word_1_121' title='bbox 284 1132 369 1182; x_wconf 79' lang='lat' dir='ltr'><strong>eorpus</strong></span> <span class='ocrx_word' id='word_1_122' title='bbox 386 1122 449 1171; x_wconf 84' lang='lat' dir='ltr'><strong>esset</strong></span> <span class='ocrx_word' id='word_1_123' title='bbox 467 1118 598 1182; x_wconf 83' lang='lat' dir='ltr'><strong>infinitum,</strong></span> <span class='ocrx_word' id='word_1_124' title='bbox 615 1118 640 1169; x_wconf 89' lang='lat' dir='ltr'><strong>iu</strong></span> <span class='ocrx_word' id='word_1_125' title='bbox 659 1119 774 1171; x_wconf 74' lang='lat' dir='ltr'><strong>infinitum</strong></span> <span class='ocrx_word' id='word_1_126' title='bbox 789 1120 857 1173; x_wconf 80' lang='lat' dir='ltr'><strong>linere</strong></span> 
     </span>
     <span class='ocr_line' id='line_1_16' title="bbox 48 1184 858 1255; baseline 0.012 -22"><span class='ocrx_word' id='word_1_127' title='bbox 48 1184 158 1237; x_wconf 79' lang='lat' dir='ltr'><strong>distarent</strong></span> <span class='ocrx_word' id='word_1_128' title='bbox 173 1190 205 1239; x_wconf 79' lang='lat' dir='ltr'><strong>nh.</strong></span> <span class='ocrx_word' id='word_1_129' title='bbox 217 1188 320 1240; x_wconf 84' lang='lat' dir='ltr'><strong>inrioem</strong></span> <span class='ocrx_word' id='word_1_130' title='bbox 328 1226 338 1253; x_wconf 89' lang='lat'>‚</span> <span class='ocrx_word' id='word_1_131' title='bbox 356 1193 381 1241; x_wconf 91' lang='lat' dir='ltr'><strong>et</strong></span> <span class='ocrx_word' id='word_1_132' title='bbox 398 1190 432 1240; x_wconf 88' lang='lat' dir='ltr'><strong>sio</strong></span> <span class='ocrx_word' id='word_1_133' title='bbox 446 1204 491 1243; x_wconf 79' lang='lat' dir='ltr'><strong>una</strong></span> <span class='ocrx_word' id='word_1_134' title='bbox 505 1204 622 1254; x_wconf 79' lang='lat' dir='ltr'><strong>nunquam</strong></span> <span class='ocrx_word' id='word_1_135' title='bbox 642 1195 719 1255; x_wconf 85' lang='lat' dir='ltr'><strong>posset</strong></span> <span class='ocrx_word' id='word_1_136' title='bbox 737 1192 858 1255; x_wconf 73' lang='lat' dir='ltr'><strong>pertenire</strong></span> 
     </span>
     <span class='ocr_line' id='line_1_17' title="bbox 45 1256 283 1310; baseline 0.029 -7"><span class='ocrx_word' id='word_1_137' title='bbox 45 1256 72 1304; x_wconf 82' lang='lat' dir='ltr'><strong>ad</strong></span> <span class='ocrx_word' id='word_1_138' title='bbox 87 1257 163 1309; x_wconf 83' lang='lat' dir='ltr'><strong>locum</strong></span> <span class='ocrx_word' id='word_1_139' title='bbox 177 1259 283 1310; x_wconf 77' lang='lat' dir='ltr'><strong>sltenus.</strong></span> 
     </span>
    </p>

    <p class='ocr_par' dir='ltr' id='par_1_4' title="bbox 44 1329 861 1823">
     <span class='ocr_line' id='line_1_18' title="bbox 66 1329 861 1395; baseline 0.006 -17"><span class='ocrx_word' id='word_1_140' title='bbox 66 1329 98 1378; x_wconf 83' lang='lat' dir='ltr'><strong>De</strong></span> <span class='ocrx_word' id='word_1_141' title='bbox 109 1344 207 1394; x_wconf 86' lang='lat' dir='ltr'><strong>eorpore</strong></span> <span class='ocrx_word' id='word_1_142' title='bbox 222 1331 295 1382; x_wconf 79' lang='lat' dir='ltr'><strong>etium</strong></span> <span class='ocrx_word' id='word_1_143' title='bbox 305 1329 469 1381; x_wconf 75' lang='lat' dir='ltr'><strong>mathematico</strong></span> <span class='ocrx_word' id='word_1_144' title='bbox 481 1332 566 1382; x_wconf 82' lang='lat' dir='ltr'><strong>endem</strong></span> <span class='ocrx_word' id='word_1_145' title='bbox 574 1331 632 1383; x_wconf 82' lang='lat' dir='ltr'><strong>ratio</strong></span> <span class='ocrx_word' id='word_1_146' title='bbox 645 1336 680 1382; x_wconf 82' lang='lat' dir='ltr'><strong>est</strong></span> <span class='ocrx_word' id='word_1_147' title='bbox 691 1347 697 1381; x_wconf 93' lang='lat'>:</span> <span class='ocrx_word' id='word_1_148' title='bbox 710 1332 764 1395; x_wconf 79' lang='lat' dir='ltr'><strong>quin</strong></span> <span class='ocrx_word' id='word_1_149' title='bbox 774 1332 861 1383; x_wconf 77' lang='lat' dir='ltr'><strong>diurn·</strong></span> 
     </span>
     <span class='ocr_line' id='line_1_19' title="bbox 44 1400 860 1467; baseline 0.006 -18"><span class='ocrx_word' id='word_1_150' title='bbox 44 1400 148 1457; x_wconf 65' lang='lat' dir='ltr'><strong>sinemur</strong></span> <span class='ocrx_word' id='word_1_151' title='bbox 166 1416 252 1466; x_wconf 78' lang='lat' dir='ltr'><strong>corpurs</strong></span> <span class='ocrx_word' id='word_1_152' title='bbox 271 1402 464 1453; x_wconf 79' lang='lat' dir='ltr'><strong>mathematicum</strong></span> <span class='ocrx_word' id='word_1_153' title='bbox 481 1402 582 1453; x_wconf 75' lang='lat' dir='ltr'><strong>existens</strong></span> <span class='ocrx_word' id='word_1_154' title='bbox 601 1405 666 1465; x_wconf 85' lang='lat' dir='ltr'><strong>aeth,</strong></span> <span class='ocrx_word' id='word_1_155' title='bbox 689 1405 778 1466; x_wconf 77' lang='lat' dir='ltr'><strong>oportet</strong></span> <span class='ocrx_word' id='word_1_156' title='bbox 800 1403 860 1467; x_wconf 84' lang='lat' dir='ltr'><strong>qudd</strong></span> 
     </span>
     <span class='ocr_line' id='line_1_20' title="bbox 50 1464 860 1537; baseline 0 -14"><span class='ocrx_word' id='word_1_157' title='bbox 50 1471 201 1535; x_wconf 75' lang='lat' dir='ltr'><strong>imaginemur</strong></span> <span class='ocrx_word' id='word_1_158' title='bbox 210 1474 290 1537; x_wconf 84' lang='lat' dir='ltr'><strong>ipsum</strong></span> <span class='ocrx_word' id='word_1_159' title='bbox 299 1474 342 1523; x_wconf 88' lang='lat' dir='ltr'><strong>suh</strong></span> <span class='ocrx_word' id='word_1_160' title='bbox 355 1473 432 1537; x_wconf 84' lang='lat' dir='ltr'><strong>nhqon</strong></span> <span class='ocrx_word' id='word_1_161' title='bbox 442 1473 527 1537; x_wconf 82' lang='lat' dir='ltr'><strong>formu,</strong></span> <span class='ocrx_word' id='word_1_162' title='bbox 537 1473 591 1537; x_wconf 85' lang='lat' dir='ltr'><strong>quin</strong></span> <span class='ocrx_word' id='word_1_163' title='bbox 599 1472 656 1523; x_wconf 86' lang='lat' dir='ltr'><strong>nihii</strong></span> <span class='ocrx_word' id='word_1_164' title='bbox 665 1477 700 1523; x_wconf 87' lang='lat' dir='ltr'><strong>est</strong></span> <span class='ocrx_word' id='word_1_165' title='bbox 712 1472 737 1523; x_wconf 92' lang='lat' dir='ltr'><strong>in</strong></span> <span class='ocrx_word' id='word_1_166' title='bbox 750 1464 802 1523; x_wconf 70' lang='lat' dir='ltr'><strong>netu</strong></span> <span class='ocrx_word' id='word_1_167' title='bbox 816 1474 860 1525; x_wconf 83' lang='lat' dir='ltr'><strong>nisi</strong></span> 
     </span>
     <span class='ocr_line' id='line_1_21' title="bbox 52 1544 858 1609; baseline 0.007 -20"><span class='ocrx_word' id='word_1_168' title='bbox 52 1555 168 1603; x_wconf 74' lang='lat' dir='ltr'><strong>persuum</strong></span> <span class='ocrx_word' id='word_1_169' title='bbox 186 1545 295 1595; x_wconf 84' lang='lat' dir='ltr'><strong>sormam</strong></span> <span class='ocrx_word' id='word_1_170' title='bbox 310 1544 392 1607; x_wconf 85' lang='lat' dir='ltr'><strong>Unde,</strong></span> <span class='ocrx_word' id='word_1_171' title='bbox 406 1557 457 1593; x_wconf 83' lang='lat' dir='ltr'><strong>cum</strong></span> <span class='ocrx_word' id='word_1_172' title='bbox 472 1545 545 1595; x_wconf 82' lang='lat' dir='ltr'><strong>forma</strong></span> <span class='ocrx_word' id='word_1_173' title='bbox 560 1544 640 1609; x_wconf 75' lang='lat' dir='ltr'><strong>quand</strong></span> <span class='ocrx_word' id='word_1_174' title='bbox 652 1544 677 1594; x_wconf 88' lang='lat' dir='ltr'><strong>in</strong></span> <span class='ocrx_word' id='word_1_175' title='bbox 690 1549 800 1609; x_wconf 81' lang='lat' dir='ltr'><strong>quantum</strong></span> <span class='ocrx_word' id='word_1_176' title='bbox 817 1546 858 1595; x_wconf 91' lang='lat' dir='ltr'><strong>hn-</strong></span> 
     </span>
     <span class='ocr_line' id='line_1_22' title="bbox 50 1612 857 1680; baseline 0.001 -17"><span class='ocrx_word' id='word_1_177' title='bbox 50 1612 160 1678; x_wconf 80' lang='lat' dir='ltr'><strong>jusmodi,</strong></span> <span class='ocrx_word' id='word_1_178' title='bbox 174 1614 206 1665; x_wconf 76' lang='lat' dir='ltr'><strong>dt</strong></span> <span class='ocrx_word' id='word_1_179' title='bbox 223 1614 313 1677; x_wconf 65' lang='lat' dir='ltr'><strong>dgna,</strong></span> <span class='ocrx_word' id='word_1_180' title='bbox 332 1614 448 1677; x_wconf 82' lang='lat' dir='ltr'><strong>oportebit</strong></span> <span class='ocrx_word' id='word_1_181' title='bbox 460 1614 521 1678; x_wconf 82' lang='lat' dir='ltr'><strong>qudd</strong></span> <span class='ocrx_word' id='word_1_182' title='bbox 536 1616 620 1667; x_wconf 80' lang='lat' dir='ltr'><strong>dehent</strong></span> <span class='ocrx_word' id='word_1_183' title='bbox 631 1614 729 1680; x_wconf 77' lang='lat' dir='ltr'><strong>aliquem</strong></span> <span class='ocrx_word' id='word_1_184' title='bbox 742 1616 837 1680; x_wconf 69' lang='lat' dir='ltr'><strong>figuram</strong></span> <span class='ocrx_word' id='word_1_185' title='bbox 851 1634 857 1664; x_wconf 67' lang='grc' dir='ltr'><strong><em>ε</em></strong></span> 
     </span>
     <span class='ocr_line' id='line_1_23' title="bbox 49 1684 858 1750; baseline 0.006 -18"><span class='ocrx_word' id='word_1_186' title='bbox 49 1684 117 1735; x_wconf 81' lang='lat' dir='ltr'><strong>etsie</strong></span> <span class='ocrx_word' id='word_1_187' title='bbox 130 1686 176 1736; x_wconf 83' lang='lat' dir='ltr'><strong>erit</strong></span> <span class='ocrx_word' id='word_1_188' title='bbox 190 1686 298 1749; x_wconf 82' lang='lat' dir='ltr'><strong>finitum,</strong></span> <span class='ocrx_word' id='word_1_189' title='bbox 312 1689 348 1736; x_wconf 89' lang='lat' dir='ltr'><strong>est</strong></span> <span class='ocrx_word' id='word_1_190' title='bbox 360 1685 423 1735; x_wconf 89' lang='lat' dir='ltr'><strong>enim</strong></span> <span class='ocrx_word' id='word_1_191' title='bbox 432 1684 519 1750; x_wconf 68' lang='lat' dir='ltr'><strong>spira,</strong></span> <span class='ocrx_word' id='word_1_192' title='bbox 533 1700 583 1749; x_wconf 73' lang='lat' dir='ltr'><strong>quoe</strong></span> <span class='ocrx_word' id='word_1_193' title='bbox 595 1687 691 1739; x_wconf 87' lang='lat' dir='ltr'><strong>termino</strong></span> <span class='ocrx_word' id='word_1_194' title='bbox 704 1688 741 1738; x_wconf 88' lang='lat' dir='ltr'><strong>vel</strong></span> <span class='ocrx_word' id='word_1_195' title='bbox 753 1686 858 1738; x_wconf 88' lang='lat' dir='ltr'><strong>terminis</strong></span> 
     </span>
     <span class='ocr_line' id='line_1_24' title="bbox 48 1756 306 1823; baseline 0.004 -17"><span class='ocrx_word' id='word_1_196' title='bbox 48 1757 271 1823; x_wconf 78' lang='lat' dir='ltr'><strong>comprehenditur(</strong></span> <span class='ocrx_word' id='word_1_197' title='bbox 287 1756 306 1823; x_wconf 88' lang='lat'><strong>).</strong></span> 
     </span>
    </p>

    <p class='ocr_par' dir='ltr' id='par_1_5' title="bbox 45 1829 858 2108">
     <span class='ocr_line' id='line_1_25' title="bbox 78 1829 858 1895; baseline -0.006 -15"><span class='ocrx_word' id='word_1_198' title='bbox 78 1830 112 1880; x_wconf 79' lang='lat' dir='ltr'><strong>dd</strong></span> <span class='ocrx_word' id='word_1_199' title='bbox 130 1831 234 1895; x_wconf 87' lang='lat' dir='ltr'><strong>primum</strong></span> <span class='ocrx_word' id='word_1_200' title='bbox 255 1838 311 1893; x_wconf 80' lang='lat' dir='ltr'><strong>ergo</strong></span> <span class='ocrx_word' id='word_1_201' title='bbox 330 1829 466 1893; x_wconf 83' lang='lat' dir='ltr'><strong>dicendum,</strong></span> <span class='ocrx_word' id='word_1_202' title='bbox 485 1829 546 1895; x_wconf 81' lang='lat' dir='ltr'><strong>quod</strong></span> <span class='ocrx_word' id='word_1_203' title='bbox 565 1834 681 1893; x_wconf 80' lang='lat' dir='ltr'><strong>geometer</strong></span> <span class='ocrx_word' id='word_1_204' title='bbox 700 1840 746 1878; x_wconf 87' lang='lat' dir='ltr'><strong>non</strong></span> <span class='ocrx_word' id='word_1_205' title='bbox 770 1829 858 1893; x_wconf 80' lang='lat' dir='ltr'><strong>indiget</strong></span> 
     </span>
     <span class='ocr_line' id='line_1_26' title="bbox 46 1897 858 1965; baseline 0.002 -16"><span class='ocrx_word' id='word_1_206' title='bbox 46 1914 135 1953; x_wconf 83' lang='lat' dir='ltr'><strong>sumere</strong></span> <span class='ocrx_word' id='word_1_207' title='bbox 165 1902 269 1965; x_wconf 79' lang='lat' dir='ltr'><strong>aliquam</strong></span> <span class='ocrx_word' id='word_1_208' title='bbox 292 1899 378 1951; x_wconf 81' lang='lat' dir='ltr'><strong>lineam</strong></span> <span class='ocrx_word' id='word_1_209' title='bbox 413 1914 464 1951; x_wconf 90' lang='lat' dir='ltr'><strong>esse</strong></span> <span class='ocrx_word' id='word_1_210' title='bbox 488 1897 601 1952; x_wconf 80' lang='lat' dir='ltr'><strong>infinitam</strong></span> <span class='ocrx_word' id='word_1_211' title='bbox 625 1906 691 1964; x_wconf 74' lang='lat' dir='ltr'><strong>actu,</strong></span> <span class='ocrx_word' id='word_1_212' title='bbox 710 1899 750 1951; x_wconf 88' lang='lat' dir='ltr'><strong>sed</strong></span> <span class='ocrx_word' id='word_1_213' title='bbox 771 1900 858 1963; x_wconf 84' lang='lat' dir='ltr'><strong>indiget</strong></span> 
     </span>
     <span class='ocr_line' id='line_1_27' title="bbox 45 1970 858 2037; baseline 0 -16"><span class='ocrx_word' id='word_1_214' title='bbox 45 1973 149 2037; x_wconf 81' lang='lat' dir='ltr'><strong>recipere</strong></span> <span class='ocrx_word' id='word_1_215' title='bbox 164 1972 268 2037; x_wconf 74' lang='lat' dir='ltr'><strong>adquam</strong></span> <span class='ocrx_word' id='word_1_216' title='bbox 285 1971 372 2031; x_wconf 82' lang='lat' dir='ltr'><strong>lineam</strong></span> <span class='ocrx_word' id='word_1_217' title='bbox 387 1971 555 2036; x_wconf 74' lang='lat' dir='ltr'><strong>imitamento,</strong></span> <span class='ocrx_word' id='word_1_218' title='bbox 575 1986 589 2022; x_wconf 81' lang='lat' dir='ltr'>a</span> <span class='ocrx_word' id='word_1_219' title='bbox 606 1984 650 2036; x_wconf 82' lang='lat' dir='ltr'><strong>qua</strong></span> <span class='ocrx_word' id='word_1_220' title='bbox 667 1970 739 2037; x_wconf 86' lang='lat' dir='ltr'><strong>possit</strong></span> <span class='ocrx_word' id='word_1_221' title='bbox 756 1971 858 2021; x_wconf 83' lang='lat' dir='ltr'><strong>subtrahi</strong></span> 
     </span>
     <span class='ocr_line' id='line_1_28' title="bbox 45 2040 801 2108; baseline -0.007 -13"><span class='ocrx_word' id='word_1_222' title='bbox 45 2050 156 2108; x_wconf 67' lang='lat' dir='ltr'><strong>montrum</strong></span> <span class='ocrx_word' id='word_1_223' title='bbox 172 2057 270 2094; x_wconf 78' lang='lat' dir='ltr'><strong>neeesse</strong></span> <span class='ocrx_word' id='word_1_224' title='bbox 283 2046 319 2095; x_wconf 90' lang='lat' dir='ltr'><strong>est</strong></span> <span class='ocrx_word' id='word_1_225' title='bbox 334 2059 340 2093; x_wconf 80' lang='lat' dir='ltr'><strong><em>z</em></strong></span> <span class='ocrx_word' id='word_1_226' title='bbox 356 2047 380 2094; x_wconf 93' lang='lat' dir='ltr'><strong>et</strong></span> <span class='ocrx_word' id='word_1_227' title='bbox 391 2044 453 2093; x_wconf 85' lang='lat' dir='ltr'><strong>hane</strong></span> <span class='ocrx_word' id='word_1_228' title='bbox 466 2044 568 2095; x_wconf 84' lang='lat' dir='ltr'><strong>nominat</strong></span> <span class='ocrx_word' id='word_1_229' title='bbox 581 2042 668 2093; x_wconf 80' lang='lat' dir='ltr'><strong>linemn</strong></span> <span class='ocrx_word' id='word_1_230' title='bbox 680 2040 801 2091; x_wconf 81' lang='lat' dir='ltr'><strong>infinitam.</strong></span> 
     </span>
    </p>

    <p class='ocr_par' dir='ltr' id='par_1_6' title="bbox 43 2112 858 2325">
     <span class='ocr_line' id='line_1_29' title="bbox 71 2112 858 2179; baseline -0.004 -11"><span class='ocrx_word' id='word_1_231' title='bbox 71 2116 107 2167; x_wconf 79' lang='lat' dir='ltr'><strong>nd</strong></span> <span class='ocrx_word' id='word_1_232' title='bbox 120 2116 253 2168; x_wconf 84' lang='lat' dir='ltr'><strong>seeundum</strong></span> <span class='ocrx_word' id='word_1_233' title='bbox 266 2115 402 2178; x_wconf 81' lang='lat' dir='ltr'><strong>dicendum,</strong></span> <span class='ocrx_word' id='word_1_234' title='bbox 416 2113 477 2179; x_wconf 80' lang='lat' dir='ltr'><strong>quod</strong></span> <span class='ocrx_word' id='word_1_235' title='bbox 489 2114 543 2167; x_wconf 86' lang='lat' dir='ltr'><strong>lieet</strong></span> <span class='ocrx_word' id='word_1_236' title='bbox 554 2114 669 2165; x_wconf 86' lang='lat' dir='ltr'><strong>infinitum</strong></span> <span class='ocrx_word' id='word_1_237' title='bbox 682 2125 729 2165; x_wconf 92' lang='lat' dir='ltr'><strong>non</strong></span> <span class='ocrx_word' id='word_1_238' title='bbox 740 2112 769 2163; x_wconf 91' lang='lat' dir='ltr'><strong>sit</strong></span> <span class='ocrx_word' id='word_1_239' title='bbox 779 2117 858 2165; x_wconf 78' lang='lat' dir='ltr'><strong>eontra</strong></span> 
     </span>
     <span class='ocr_line' id='line_1_30' title="bbox 43 2182 857 2250; baseline -0.002 -14"><span class='ocrx_word' id='word_1_240' title='bbox 43 2187 157 2239; x_wconf 79' lang='lat' dir='ltr'><strong>rationem</strong></span> <span class='ocrx_word' id='word_1_241' title='bbox 170 2186 342 2250; x_wconf 78' lang='lat' dir='ltr'><strong>magnitudinis</strong></span> <span class='ocrx_word' id='word_1_242' title='bbox 354 2186 380 2236; x_wconf 92' lang='lat' dir='ltr'><strong>in</strong></span> <span class='ocrx_word' id='word_1_243' title='bbox 391 2186 516 2250; x_wconf 78' lang='lat' dir='ltr'><strong>domnioni,</strong></span> <span class='ocrx_word' id='word_1_244' title='bbox 527 2188 648 2237; x_wconf 84' lang='lat' dir='ltr'><strong>esttamen</strong></span> <span class='ocrx_word' id='word_1_245' title='bbox 657 2182 735 2236; x_wconf 81' lang='lat' dir='ltr'><strong>eortina</strong></span> <span class='ocrx_word' id='word_1_246' title='bbox 745 2184 857 2235; x_wconf 86' lang='lat' dir='ltr'><strong>rationem</strong></span> 
     </span>
     <span class='ocr_line' id='line_1_31' title="bbox 43 2254 858 2325; baseline -0.001 -18"><span class='ocrx_word' id='word_1_247' title='bbox 43 2260 166 2325; x_wconf 77' lang='lat' dir='ltr'><strong>rnjneiihet</strong></span> <span class='ocrx_word' id='word_1_248' title='bbox 181 2257 273 2323; x_wconf 78' lang='lat' dir='ltr'><strong>speciei</strong></span> <span class='ocrx_word' id='word_1_249' title='bbox 290 2258 358 2323; x_wconf 76' lang='lat' dir='ltr'><strong>ejus,</strong></span> <span class='ocrx_word' id='word_1_250' title='bbox 372 2258 460 2309; x_wconf 78' lang='lat' dir='ltr'><strong>scilieet</strong></span> <span class='ocrx_word' id='word_1_251' title='bbox 472 2262 551 2309; x_wconf 81' lang='lat' dir='ltr'><strong>eontra</strong></span> <span class='ocrx_word' id='word_1_252' title='bbox 566 2256 681 2308; x_wconf 81' lang='lat' dir='ltr'><strong>rationem</strong></span> <span class='ocrx_word' id='word_1_253' title='bbox 693 2254 858 2319; x_wconf 78' lang='lat' dir='ltr'><strong>magnitudinis</strong></span> 
     </span>
    </p>
   </div>
   <div class='ocr_carea' id='block_1_4' title="bbox 40 2396 860 2963">
    <p class='ocr_par' dir='ltr' id='par_1_7' title="bbox 40 2396 860 2963">
     <span class='ocr_line' id='line_1_32' title="bbox 73 2396 857 2462; baseline -0.005 -17"><span class='ocrx_word' id='word_1_254' title='bbox 73 2398 104 2462; x_wconf 84' lang='lat'><strong>(1)</strong></span> <span class='ocrx_word' id='word_1_255' title='bbox 127 2402 183 2446; x_wconf 78' lang='lat' dir='ltr'><strong>Sive</strong></span> <span class='ocrx_word' id='word_1_256' title='bbox 204 2410 260 2457; x_wconf 75' lang='lat' dir='ltr'><strong>pum</strong></span> <span class='ocrx_word' id='word_1_257' title='bbox 276 2396 322 2443; x_wconf 77' lang='lat' dir='ltr'><strong>rud</strong></span> <span class='ocrx_word' id='word_1_258' title='bbox 340 2398 426 2455; x_wconf 75' lang='lat' dir='ltr'><strong>atiquo</strong></span> <span class='ocrx_word' id='word_1_259' title='bbox 445 2398 485 2442; x_wconf 79' lang='lat' dir='ltr'><strong>oet</strong></span> <span class='ocrx_word' id='word_1_260' title='bbox 506 2396 631 2455; x_wconf 72' lang='lat' dir='ltr'><strong>aliquidue</strong></span> <span class='ocrx_word' id='word_1_261' title='bbox 651 2396 764 2443; x_wconf 74' lang='lat' dir='ltr'><strong>terminis</strong></span> <span class='ocrx_word' id='word_1_262' title='bbox 781 2396 857 2441; x_wconf 83' lang='lat' dir='ltr'><strong>eonti-</strong></span> 
     </span>
     <span class='ocr_line' id='line_1_33' title="bbox 42 2458 859 2519; baseline -0.007 -10"><span class='ocrx_word' id='word_1_263' title='bbox 42 2470 128 2518; x_wconf 66' lang='lat' dir='ltr'><strong>mm</strong></span> <span class='ocrx_word' id='word_1_264' title='bbox 143 2469 171 2508; x_wconf 87' lang='lat' dir='ltr'><strong>nt</strong></span> <span class='ocrx_word' id='word_1_265' title='bbox 185 2460 285 2509; x_wconf 68' lang='lat' dir='ltr'><strong>menos</strong></span> <span class='ocrx_word' id='word_1_266' title='bbox 297 2461 323 2505; x_wconf 87' lang='lat' dir='ltr'><strong>io</strong></span> <span class='ocrx_word' id='word_1_267' title='bbox 333 2458 469 2519; x_wconf 75' lang='lat' dir='ltr'><strong>philosophi</strong></span> <span class='ocrx_word' id='word_1_268' title='bbox 483 2459 625 2517; x_wconf 76' lang='lat' dir='ltr'><strong>dotepordos</strong></span> <span class='ocrx_word' id='word_1_269' title='bbox 637 2459 683 2504; x_wconf 83' lang='lat' dir='ltr'><strong>dih.</strong></span> <span class='ocrx_word' id='word_1_270' title='bbox 706 2459 735 2517; x_wconf 81' lang='lat'><strong>3,</strong></span> <span class='ocrx_word' id='word_1_271' title='bbox 757 2470 809 2515; x_wconf 84' lang='lat' dir='ltr'><strong>cup.</strong></span> <span class='ocrx_word' id='word_1_272' title='bbox 829 2458 859 2503; x_wconf 83' lang='lat' dir='ltr'><strong>de</strong></span> 
     </span>
     <span class='ocr_line' id='line_1_34' title="bbox 42 2520 860 2583; baseline -0.011 -10"><span class='ocrx_word' id='word_1_273' title='bbox 42 2528 170 2583; x_wconf 65' lang='lat' dir='ltr'><strong>nundum,</strong></span> <span class='ocrx_word' id='word_1_274' title='bbox 187 2526 242 2583; x_wconf 73' lang='lat' dir='ltr'><strong>uit,</strong></span> <span class='ocrx_word' id='word_1_275' title='bbox 262 2530 288 2569; x_wconf 86' lang='lat' dir='ltr'><strong>et</strong></span> <span class='ocrx_word' id='word_1_276' title='bbox 300 2524 316 2568; x_wconf 75' lang='lat' dir='ltr'><strong>d</strong></span> <span class='ocrx_word' id='word_1_277' title='bbox 330 2522 479 2581; x_wconf 70' lang='lat' dir='ltr'><strong>geometricis</strong></span> <span class='ocrx_word' id='word_1_278' title='bbox 490 2532 543 2567; x_wconf 82' lang='lat' dir='ltr'><strong>eum</strong></span> <span class='ocrx_word' id='word_1_279' title='bbox 555 2522 588 2567; x_wconf 82' lang='lat' dir='ltr'><strong>uio</strong></span> <span class='ocrx_word' id='word_1_280' title='bbox 600 2520 691 2567; x_wconf 72' lang='lat' dir='ltr'><strong>definiri</strong></span> <span class='ocrx_word' id='word_1_281' title='bbox 703 2521 784 2567; x_wconf 75' lang='lat' dir='ltr'><strong>refert.</strong></span> <span class='ocrx_word' id='word_1_282' title='bbox 799 2520 860 2565; x_wconf 81' lang='lat' dir='ltr'><strong>Insi-</strong></span> 
     </span>
     <span class='ocr_line' id='line_1_35' title="bbox 41 2582 859 2647; baseline -0.007 -14"><span class='ocrx_word' id='word_1_283' title='bbox 41 2596 94 2633; x_wconf 70' lang='lat' dir='ltr'><strong>nunt</strong></span> <span class='ocrx_word' id='word_1_284' title='bbox 104 2595 132 2635; x_wconf 80' lang='lat' dir='ltr'><strong>et</strong></span> <span class='ocrx_word' id='word_1_285' title='bbox 141 2587 302 2647; x_wconf 77' lang='lat' dir='ltr'><strong>philosophos</strong></span> <span class='ocrx_word' id='word_1_286' title='bbox 311 2586 363 2643; x_wconf 80' lang='lat' dir='ltr'><strong>ipse</strong></span> <span class='ocrx_word' id='word_1_287' title='bbox 376 2586 423 2631; x_wconf 72' lang='lat' dir='ltr'><strong>dih·</strong></span> <span class='ocrx_word' id='word_1_288' title='bbox 439 2586 482 2632; x_wconf 84' lang='lat' dir='ltr'><strong>m.</strong></span> <span class='ocrx_word' id='word_1_289' title='bbox 498 2584 610 2641; x_wconf 66' lang='lat' dir='ltr'><strong>Pium„</strong></span> <span class='ocrx_word' id='word_1_290' title='bbox 620 2586 677 2630; x_wconf 77' lang='lat' dir='ltr'><strong>tuit.</strong></span> <span class='ocrx_word' id='word_1_291' title='bbox 696 2582 741 2641; x_wconf 73' lang='lat' dir='ltr'><strong>to,</strong></span> <span class='ocrx_word' id='word_1_292' title='bbox 756 2584 859 2639; x_wconf 75' lang='lat' dir='ltr'><strong>probans</strong></span> 
     </span>
     <span class='ocr_line' id='line_1_36' title="bbox 41 2646 859 2709; baseline -0.012 -11"><span class='ocrx_word' id='word_1_293' title='bbox 41 2662 123 2709; x_wconf 68' lang='lat' dir='ltr'><strong>corpu</strong></span> <span class='ocrx_word' id='word_1_294' title='bbox 143 2657 270 2697; x_wconf 78' lang='lat' dir='ltr'><strong>non&#39;esse</strong></span> <span class='ocrx_word' id='word_1_295' title='bbox 288 2646 404 2693; x_wconf 67' lang='lat' dir='ltr'><strong>intuitum</strong></span> <span class='ocrx_word' id='word_1_296' title='bbox 421 2658 468 2692; x_wconf 79' lang='lat' dir='ltr'><strong>neo</strong></span> <span class='ocrx_word' id='word_1_297' title='bbox 483 2657 535 2691; x_wconf 85' lang='lat' dir='ltr'><strong>esse</strong></span> <span class='ocrx_word' id='word_1_298' title='bbox 550 2658 634 2707; x_wconf 83' lang='lat' dir='ltr'><strong>posse,</strong></span> <span class='ocrx_word' id='word_1_299' title='bbox 649 2646 704 2703; x_wconf 82' lang='lat' dir='ltr'><strong>quin</strong></span> <span class='ocrx_word' id='word_1_300' title='bbox 722 2647 787 2691; x_wconf 77' lang='lat' dir='ltr'><strong>ratio</strong></span> <span class='ocrx_word' id='word_1_301' title='bbox 805 2657 859 2689; x_wconf 82' lang='lat' dir='ltr'><strong>cor-</strong></span> 
     </span>
     <span class='ocr_line' id='line_1_37' title="bbox 40 2705 858 2771; baseline -0.015 -9"><span class='ocrx_word' id='word_1_302' title='bbox 40 2716 107 2769; x_wconf 73' lang='lat' dir='ltr'><strong>poris</strong></span> <span class='ocrx_word' id='word_1_303' title='bbox 120 2718 199 2761; x_wconf 68' lang='lat' dir='ltr'><strong>mett</strong></span> <span class='ocrx_word' id='word_1_304' title='bbox 209 2711 492 2771; x_wconf 58' lang='lat' dir='ltr'><strong>witmundum.</strong></span> <span class='ocrx_word' id='word_1_305' title='bbox 504 2708 622 2767; x_wconf 74' lang='lat' dir='ltr'><strong>Additqne</strong></span> <span class='ocrx_word' id='word_1_306' title='bbox 633 2709 737 2755; x_wconf 71' lang='lat' dir='ltr'><strong>redonen</strong></span> <span class='ocrx_word' id='word_1_307' title='bbox 750 2705 787 2753; x_wconf 86' lang='lat' dir='ltr'><strong>htu</strong></span> <span class='ocrx_word' id='word_1_308' title='bbox 799 2706 858 2752; x_wconf 83' lang='lat' dir='ltr'><strong>indi-</strong></span> 
     </span>
     <span class='ocr_line' id='line_1_38' title="bbox 42 2770 856 2835; baseline -0.01 -16"><span class='ocrx_word' id='word_1_309' title='bbox 42 2785 103 2823; x_wconf 76' lang='lat' dir='ltr'><strong>catas</strong></span> <span class='ocrx_word' id='word_1_310' title='bbox 122 2783 148 2821; x_wconf 85' lang='lat' dir='ltr'><strong>et</strong></span> <span class='ocrx_word' id='word_1_311' title='bbox 164 2773 303 2835; x_wconf 68' lang='lat' dir='ltr'><strong>prawnim</strong></span> <span class='ocrx_word' id='word_1_312' title='bbox 325 2772 340 2819; x_wconf 86' lang='lat' dir='ltr'><strong>i</strong></span> <span class='ocrx_word' id='word_1_313' title='bbox 361 2778 429 2819; x_wconf 80' lang='lat' dir='ltr'><strong>motu</strong></span> <span class='ocrx_word' id='word_1_314' title='bbox 445 2777 563 2828; x_wconf 81' lang='lat' dir='ltr'><strong>sumptos,</strong></span> <span class='ocrx_word' id='word_1_315' title='bbox 582 2777 608 2820; x_wconf 86' lang='lat' dir='ltr'><strong>ut</strong></span> <span class='ocrx_word' id='word_1_316' title='bbox 625 2771 670 2817; x_wconf 88' lang='lat' dir='ltr'><strong>hoo</strong></span> <span class='ocrx_word' id='word_1_317' title='bbox 692 2771 768 2829; x_wconf 86' lang='lat' dir='ltr'><strong>ipsum</strong></span> <span class='ocrx_word' id='word_1_318' title='bbox 787 2770 856 2813; x_wconf 83' lang='lat' dir='ltr'><strong>etism</strong></span> 
     </span>
     <span class='ocr_line' id='line_1_39' title="bbox 43 2830 859 2895; baseline -0.006 -15"><span class='ocrx_word' id='word_1_319' title='bbox 43 2841 122 2892; x_wconf 84' lang='lat' dir='ltr'><strong>probet</strong></span> <span class='ocrx_word' id='word_1_320' title='bbox 135 2856 140 2882; x_wconf 95' lang='lat'>:</span> <span class='ocrx_word' id='word_1_321' title='bbox 155 2840 200 2887; x_wconf 81' lang='lat' dir='ltr'><strong>sed</strong></span> <span class='ocrx_word' id='word_1_322' title='bbox 213 2837 308 2895; x_wconf 82' lang='lat' dir='ltr'><strong>plenitus</strong></span> <span class='ocrx_word' id='word_1_323' title='bbox 319 2841 345 2881; x_wconf 88' lang='lat' dir='ltr'><strong>et</strong></span> <span class='ocrx_word' id='word_1_324' title='bbox 356 2834 490 2893; x_wconf 81' lang='lat' dir='ltr'><strong>expressids</strong></span> <span class='ocrx_word' id='word_1_325' title='bbox 501 2834 544 2879; x_wconf 87' lang='lat' dir='ltr'><strong>lih.</strong></span> <span class='ocrx_word' id='word_1_326' title='bbox 561 2832 584 2893; x_wconf 81' lang='lat' dir='ltr'><strong>i,</strong></span> <span class='ocrx_word' id='word_1_327' title='bbox 599 2834 633 2879; x_wconf 81' lang='lat' dir='ltr'><strong>De</strong></span> <span class='ocrx_word' id='word_1_328' title='bbox 648 2832 705 2881; x_wconf 71' lang='lat' dir='ltr'><strong>eodo</strong></span> <span class='ocrx_word' id='word_1_329' title='bbox 717 2836 741 2877; x_wconf 77' lang='lat' dir='ltr'><strong>et</strong></span> <span class='ocrx_word' id='word_1_330' title='bbox 756 2830 859 2875; x_wconf 71' lang='lat' dir='ltr'><strong>muodo,</strong></span> 
     </span>
     <span class='ocr_line' id='line_1_40' title="bbox 42 2894 628 2963; baseline -0.005 -21"><span class='ocrx_word' id='word_1_331' title='bbox 42 2907 88 2945; x_wconf 78' lang='lat' dir='ltr'><strong>ert.</strong></span> <span class='ocrx_word' id='word_1_332' title='bbox 98 2900 143 2963; x_wconf 75' lang='lat'><strong>³5,</strong></span> <span class='ocrx_word' id='word_1_333' title='bbox 158 2916 185 2947; x_wconf 83' lang='lat' dir='ltr'><strong>ac</strong></span> <span class='ocrx_word' id='word_1_334' title='bbox 201 2900 321 2955; x_wconf 71' lang='lat' dir='ltr'><strong>deinceps</strong></span> <span class='ocrx_word' id='word_1_335' title='bbox 333 2910 408 2955; x_wconf 76' lang='lat' dir='ltr'><strong>usque</strong></span> <span class='ocrx_word' id='word_1_336' title='bbox 424 2897 452 2941; x_wconf 79' lang='lat' dir='ltr'><strong>nd</strong></span> <span class='ocrx_word' id='word_1_337' title='bbox 464 2894 494 2939; x_wconf 84' lang='lat'><strong>&#39;15</strong></span> <span class='ocrx_word' id='word_1_338' title='bbox 506 2895 628 2943; x_wconf 65' lang='lat' dir='ltr'><strong>inolnsivd·</strong></span> 
     </span>
    </p>
   </div>
   <div class='ocr_carea' id='block_1_5' title="bbox 0 0 1000 3342">
    <p class='ocr_par' dir='ltr' id='par_1_8' title="bbox 0 0 1000 3342">
     <span class='ocr_line' id='line_1_41' title="bbox 0 0 1000 3342; baseline 0 2"><span class='ocrx_word' id='word_1_339' title='bbox 0 0 1000 3342; x_wconf 95' lang='lat' dir='ltr'><strong> </strong></span> 
     </span>
    </p>
   </div>
  </div>
 </body>
</html>
