1992 3342
123 232 153 280 ii
338 239 398 277 erue
413 239 435 289 r,
449 217 541 284 occist.
556 239 596 288 rr,
611 239 665 276 rur.
678 240 707 276 ιι.

150 317 189 368 Ad
201 315 300 381 primum
310 327 364 376 crgo
378 313 512 378 dicendum,
526 312 587 378 qudd
599 313 659 364 sicut
671 313 727 364 dicit
736 313 858 376 Gregorius
871 315 905 382 (1)
923 334 930 367 :
989 312 991 315 ’

125 405 140 436 ιι
149 385 311 448 Balbuticudo,
326 387 353 434 ut
369 396 502 448 poscumus,
522 385 612 435 excelsu
628 384 669 434 llcl
681 396 825 447 resonamus3
837 401 851 431 ιι
867 388 934 450 quod

124 458 187 509 enim
196 459 282 507 lactum
295 469 341 506 nou
354 458 403 518 est,
420 455 547 518 perlectum
565 454 655 520 proprie
667 455 711 505 dici
726 469 772 506 uou
782 460 866 520 potest.
885 460 937 509 Sed
989 494 991 499 -

125 527 180 592 quia
192 527 217 576 iu
227 527 264 576 his
277 540 327 589 quoe
340 525 396 575 fiunt
408 529 464 577 tuuc
473 525 555 576 dicitur
566 539 615 576 esce
625 525 711 589 aliquid
723 526 864 590 perlectum,
875 527 934 578 clun

37 633 41 646 t
126 601 156 650 de
165 598 268 663 potentia
284 597 386 648 educitur
401 597 426 648 in
443 601 533 660 uctum3
544 597 692 648 transumitur
705 598 862 663 monumen,
878 613 938 664 per-

126 671 212 723 lectum
220 705 228 732 ,
243 669 271 718 ad
286 665 457 730 significandum
474 680 543 718 curuc
560 667 631 730 illud,
644 668 682 717 cui
700 681 747 717 uon
765 668 829 718 deest
842 682 893 720 csse
905 671 937 720 iu

127 743 194 802 actu,
206 739 254 788 sire
265 739 309 788 hoc
324 739 394 788 hahet
406 751 447 801 per
460 738 552 788 modurn
567 737 729 802 perfectiouis,
740 738 789 788 cire
800 752 855 789 uou.

159 808 194 860 ld
208 809 332 858 secuudum
350 807 484 870 dicendum,
499 807 559 870 quod
572 807 710 873 principium
720 808 852 871 materiale,
872 811 938 873 quod

129 879 189 943 apud
207 892 248 929 uos
266 877 425 941 imperfectum
439 877 566 939 iuvenitur,
580 890 626 926 non
642 880 782 942 potestesse
799 878 940 943 simpliciter

107 1005 109 1010 ,
129 950 241 1013 primum,
261 948 302 998 sed
322 947 456 1011 praeccditur
479 947 509 996 ab
531 947 606 1011 uliquo
626 948 736 1011 perlecto.
760 949 819 998 Nam
839 963 939 1014 semen,

130 1021 183 1070 licet
201 1018 230 1069 sit
243 1017 380 1082 principium
393 1017 496 1068 animalis
511 1018 615 1079 generati
625 1030 654 1067 cx
664 1017 764 1081 semine,
774 1021 853 1068 tumen
863 1021 941 1071 habet
989 1058 991 1081 ἰ

131 1094 185 1141 aute
194 1101 219 1139 ee
229 1089 312 1138 auircal
320 1089 358 1138 vel
366 1089 468 1152 plantam
475 1123 483 1150 ,
493 1088 555 1138 unde
567 1089 685 1139 deciditur.
700 1091 795 1154 Oportet
807 1091 869 1140 enirn
880 1096 941 1143 autc

130 1159 156 1210 id
167 1160 227 1224 quod
242 1159 312 1209 estin
327 1159 429 1222 potentia
446 1171 495 1208 esse
507 1159 593 1222 aliquid
608 1160 634 1209 iu
649 1163 701 1210 actu
713 1197 722 1222 ,
733 1160 786 1210 culm
796 1173 838 1211 eus
854 1160 881 1210 in
895 1175 943 1226 po-

133 1230 205 1280 tentia
218 1243 264 1280 nou
278 1229 397 1280 reducatur
410 1229 436 1278 lu
449 1231 539 1292 actum,
555 1229 599 1278 nisi
614 1243 656 1293 per
674 1231 765 1293 aliquod
781 1230 859 1280 cusin
872 1236 941 1283 actu.

163 1299 301 1352 Adtortiuur
317 1298 450 1362 dicendum,
466 1298 527 1362 qudd
544 1299 619 1362 'eperum
634 1313 684 1349 csse
698 1303 733 1350 est
744 1299 941 1364 perfectissimum

133 1370 244 1434 omnium,
251 1374 394 1434 comparatur
403 1369 464 1420 euim
476 1370 504 1420 ad
515 1369 591 1420 omnia
603 1373 630 1418 ut
639 1373 715 1432 udus,
726 1367 784 1418 nihil
793 1369 855 1419 enim
866 1371 945 1422 habet

134 1441 303 1504 actualitatem,
313 1440 390 1491 uisliu
399 1440 633 1504 quantumcstrundc
642 1439 811 1503 ipsumessecst
818 1441 946 1492 actualitas

135 1512 336 1574 cucumerum,
347 1514 371 1560 ct
381 1511 450 1561 etiam
458 1510 561 1574 ipsorum
571 1510 710 1573 formarum
721 1511 782 1560 unde
791 1524 838 1560 nou
847 1524 946 1575 compa-

135 1585 198 1632 ratru
209 1581 237 1632 ad
247 1581 290 1630 alia
299 1580 357 1630 sicui
365 1580 477 1644 recipiens
488 1581 518 1631 ad
528 1584 657 1644 receptum,
665 1579 706 1630 scd
714 1580 786 1642 magis
792 1580 851 1630 sicut
860 1593 947 1646 recep

136 1653 186 1702 tum
202 1652 230 1701 ud
240 1650 365 1714 recipicus3
381 1649 433 1700 cdm
444 1650 506 1700 enlm
520 1651 571 1702 dico
588 1664 638 1702 esse
653 1650 753 1723 horpinis
771 1651 809 1701 vel
822 1650 890 1715 equi,
905 1654 947 1702 vel

138 1720 292 1785 cujuscunque
304 1721 408 1784 alterius,
418 1721 493 1785 ipsum
507 1734 556 1772 esse
567 1721 755 1772 consideraturut
767 1721 861 1773 formale
870 1725 897 1772 ct
906 1736 947 1774 re·
968 1727 971 1737 “

80 1839 83 1848 ,
137 1794 382 1854 ceptumporautem
392 1790 482 1842 utillud
492 1790 646 1855 cuicompctit
656 1803 715 1841 esse.

441 1935 598 1986 ruricolis
612 1935 643 1984 ll.

230 2049 316 2094 Uirum
329 2047 356 2092 in
365 2049 415 2094 Deo
425 2049 473 2094 cini
482 2049 636 2104 perfectiones
645 2049 752 2094 omnium
766 2061 857 2094 rerum.

173 2163 207 2214 lu
214 2164 338 2214 secumdum
347 2163 380 2214 sic
387 2164 517 2228 proceditur
527 2163 571 2230 (i).
585 2163 681 2214 Videtur
689 2163 750 2228 quod
759 2162 894 2215 iulleonon
903 2166 952 2216 siut

144 2234 296 2296 perfectiores
310 2234 411 2284 omnium
427 2248 512 2285 rerum.
533 2237 595 2285 Deus
610 2235 672 2285 cuim
692 2235 789 2298 simplex
802 2239 851 2298 est,
870 2239 898 2286 ut
913 2251 951 2287 os-

177 2365 209 2430 (l)
228 2370 341 2422 Quantum
365 2369 393 2414 ud
410 2370 508 2426 prlmorn
526 2374 616 2426 purtem
634 2370 726 2426 quidem
742 2370 782 2415 liu.
802 2372 825 2416 V
844 2370 955 2420 ilorci,

145 2443 197 2487 cup.
213 2429 256 2488 io,
269 2431 337 2486 puuld
349 2432 399 2478 ullis
412 2432 502 2490 vorbis,
515 2431 577 2488 quod
590 2432 649 2489 puio
657 2433 736 2477 Deum
744 2432 885 2490 deprimere
892 2445 955 2492 per-

145 2494 206 2552 fecto
225 2504 334 2538 sermone
349 2505 400 2538 noo
413 2505 555 2551 porrotenus,
571 2494 732 2539 dommiluiii
748 2498 836 2539 costroe
850 2496 954 2540 modulo

146 2555 217 2612 quoii
227 2555 341 2613 ioscotiicu
350 2555 513 2600 imbecillitate
525 2555 656 2613 prepediti
670 2570 724 2602 eum
736 2557 893 2613 aliquatenus
904 2556 957 2601 bal-

148 2616 262 2662 dtiic'cirdo
271 2629 419 2662 rceoiiccnur.
432 2617 509 2670 Quoad
518 2619 644 2663 secuudum
653 2620 708 2663 vero
719 2619 761 2663 liu.
773 2619 859 2675 XXIX,
866 2631 922 2676 cup.
929 2617 954 2673 1,

148 2679 181 2724 sic
197 2678 287 2734 plculds
302 2695 308 2722 ι
323 2678 373 2723 Hoc
389 2679 442 2736 ipio
454 2679 519 2736 qood
529 2680 665 2738 perfectum
675 2681 795 2729 αἰοὶιιιιιε,
806 2679 916 2725 mulium
927 2679 956 2724 od

148 2741 349 2786 illiue-ueritatis
368 2743 523 2798 expressione
541 2741 680 2795 deviamus,
699 2744 759 2800 quia
778 2741 841 2799 quod
861 2742 958 2800 {ocium

149 2816 200 2848 ooo
215 2805 248 2848 eci
266 2813 317 2846 ooo
329 2806 405 2860 puleii
423 2802 475 2848 dici
489 2803 633 2862 perfeetum.
653 2805 779 2862 Utrumque
796 2803 867 2860 porro
886 2803 957 2850 simul

147 2864 224 2921 jungit
237 2863 300 2920 Map.
311 2862 388 2913 sict,
398 2864 441 2909 lib.
453 2867 496 2924 XI,
513 2865 566 2910 diet.
578 2864 602 2909 9.

185 2923 214 2986 (i)
226 2927 258 2970 De
269 2925 305 2970 lrls
318 2924 388 2970 etiem
397 2927 421 2986 1,
434 2926 499 2972 Sciet.
510 2926 564 2972 dist.
577 2927 602 2986 i,
615 2927 717 2973 armet
726 2927 749 2983 3;
758 2931 782 2972 et
793 2925 863 2972 coit.
876 2928 961 2976 Geni..
