1992 3342
103 145 118 194 8
331 157 391 196 rans
405 159 428 207 1,
442 159 535 204 ounsr.
548 158 570 208 r,
581 159 636 198 sar.
648 159 684 197 ur.

134 232 294 298 (Coranusuo.
306 259 338 270 -
351 232 407 284 Cim
424 232 502 283 omnia
519 233 661 285 considerata
673 234 698 286 in
711 248 775 286 sacra
788 237 907 302 doctrina,

103 304 145 356 suls
157 318 203 355 uua
214 305 303 355 formali
312 303 399 355 ratione
413 303 495 356 divinoe
508 305 653 358 mvehdonis
663 307 843 373 considerentur,
855 323 908 362 eam

103 389 173 428 unam
183 376 303 427 scientiam
316 389 365 429 esse
375 376 518 428 sentiendum
530 378 592 443 est.)

134 448 269 512 Respondeo
291 447 428 512 dicendum,
443 461 530 500 sacram
550 451 674 502 doctrinam
695 465 765 502 unam
788 452 909 510 mendam

103 533 162 572 esse.
174 521 213 570 Est
227 520 288 570 euim
301 519 377 570 unitas
389 520 497 584 potentia
511 525 536 571 et
545 522 637 573 habitus
652 523 815 575 consideranda
827 537 909 576 seeun-

103 589 157 641 dim
172 591 302 654 objectum,
317 605 363 642 non
374 592 466 656 quidem
479 593 636 658 materialiter,
652 594 693 645 sed
706 594 830 645 seeundirm
839 596 910 648 ratio-
944 632 962 642 ..

103 675 156 713 nem
165 661 284 714 formalem
297 663 381 728 objecti
394 679 399 714 ι
411 663 466 729 puta
476 665 561 729 homo,
575 666 653 716 annus
665 671 689 717 et
697 667 756 731 lapis
768 663 914 720 conveniunt

101 733 128 786 in
137 748 183 786 una
196 734 285 786 formali
296 735 383 787 ratione
395 735 502 800 colorati,
516 737 577 802 quod
590 742 625 788 est
637 739 753 802 objectum
765 738 835 789 risus.
851 740 910 800 oure

102 805 173 870 igitur
183 821 247 858 saera
257 806 359 858 doctrina
372 808 499 860 considerat
512 809 589 873 aliqua
600 811 725 860 secundnm
735 810 796 874 quod
806 814 861 861 sunt
874 812 910 863 di·

104 878 190 930 vinitus
207 879 308 930 revelata
318 879 457 944 (secundum
470 880 531 944 quod
543 881 629 930 dictum
641 881 692 945 est)
706 881 784 934 omnia
795 895 911 945 quocum·

107 964 151 1015 que
168 955 221 1002 sunt
240 951 349 1002 divinitus
364 951 511 1016 revelandis,
530 953 698 1004 communicant
715 954 740 1004 in
758 967 804 1004 una
819 954 909 1006 ratione

105 1021 195 1076 lorrrr'ali
207 1024 292 1088 objecti
302 1025 372 1089 hujus
386 1021 487 1077 sdent'rae
504 1040 509 1076 :
525 1030 549 1076 et
561 1026 613 1078 ideo
630 1028 854 1093 comprehenduntur
866 1030 909 1082 sub

105 1109 168 1147 sacro
182 1096 284 1147 doctrina
298 1097 357 1148 deut
375 1097 416 1150 sm
429 1097 525 1148 scientia
534 1112 590 1149 una.

137 1168 171 1218 ld
184 1168 282 1232 primunr
295 1182 349 1232 ergo
363 1168 499 1232 dicendum,
513 1169 574 1234 quod
585 1183 648 1220 sacra
661 1170 764 1222 doctrina
774 1185 821 1222 non
834 1172 911 1223 deter-

106 1239 177 1290 minat
188 1241 216 1292 de
227 1243 274 1292 lieo
287 1245 311 1292 et
325 1241 352 1292 de
364 1235 473 1314 operturis
488 1255 518 1292 ex
531 1256 615 1307 equo,
626 1243 667 1293 sed
680 1243 708 1294 de
721 1244 768 1293 lieo
779 1243 911 1307 principali-

104 1315 149 1374 ter,
160 1315 184 1362 et
195 1313 222 1362 de
233 1314 343 1364 creaturis
393 1311 479 1364 undium
492 1314 553 1378 quod
563 1314 694 1364 referuntur
704 1314 829 1378 addeum,
842 1318 867 1364 ut
880 1317 911 1366 ad

105 1381 241 1448 principium
251 1386 288 1435 uel
299 1384 359 1451 (l)ll
376 1399 421 1435 ern.
437 1385 501 1436 Unde
514 1385 591 1436 unitas
604 1385 704 1436 scientiae
717 1399 763 1436 uon
775 1386 908 1450 impeditur.

137 1455 172 1505 Ad
184 1457 308 1508 seeundum
324 1455 460 1523 dicendum,
475 1455 536 1520 qudd
546 1456 604 1506 nihil
618 1456 725 1520 prohibei
733 1456 855 1508 inferiores
868 1471 910 1522 po-

105 1527 188 1579 tentias
207 1529 245 1579 uel
265 1529 372 1592 habitui,
396 1527 543 1579 diversificari
564 1529 623 1580 eirea
642 1529 692 1580 illas
712 1528 835 1592 materias,
859 1545 910 1594 qua

107 1600 256 1651 communiter
275 1592 359 1656 cadurtt
379 1601 420 1650 sub
440 1613 487 1651 uua
499 1599 602 1666 potentia
620 1602 658 1651 uel
675 1601 756 1651 habitu
771 1601 882 1665 superiori
903 1617 909 1650 ι

106 1670 272 1736 quiasuperius
285 1664 401 1738 pollntia,
415 1673 452 1722 rel
465 1672 557 1723 habitus
568 1671 661 1737 respicit
674 1673 787 1736 objectum
803 1673 845 1724 sub
859 1675 911 1724 uni-

105 1743 222 1795 versaliori
235 1733 325 1795 ratione
336 1743 425 1795 formali
437 1744 480 1810 (i).
494 1744 556 1795 Sicut
565 1745 680 1809 objectum
693 1759 772 1796 sensus
784 1747 911 1798 communis

310 1798 316 1815 Ι

46 1813 82 1862 J
105 1819 140 1867 est
160 1816 281 1880 sensibile,
298 1817 362 1880 „quod
376 1817 549 1881 comprehendit
559 1815 601 1868 suls
613 1831 638 1867 se
648 1816 737 1868 visione
752 1819 775 1867 et
786 1817 885 1869 audibile
901 1835 907 1868 :

105 1887 165 1938 unde
204 1901 231 1938 ns
376 1887 382 1899 '
399 1926 407 1953 ,
422 1888 474 1939 edm
490 1888 520 1938 sit
533 1902 580 1939 una
591 1888 709 1953 potentia,
724 1888 826 1939 extendit
841 1903 866 1940 se
880 1892 910 1942 ad

105 1943 187 2010 omnil¹
197 1901 334 2025 ΒᾱῇὲφιΙ
335 1973 404 2024 mque
418 1973 534 2011 sensuum.
553 1961 582 2009 st
600 1959 703 2010 similiter
721 1973 749 2010 ea
767 1973 818 2023 quae
830 1960 856 2010 in
875 1962 910 2012 di-

104 2031 177 2082 versis
193 2032 294 2082 scientiis
306 2031 468 2096 philosophicis
485 2036 620 2094 tractantur,
632 2035 707 2095 potest
724 2045 787 2082 sacra
807 2032 910 2086 doctrina

105 2116 151 2152 una
163 2103 263 2154 existens
273 2103 415 2154 considerare
426 2104 468 2154 sub
482 2118 529 2154 una
543 2103 629 2154 ratione
636 2141 644 2167 ,
655 2102 681 2152 in
698 2107 808 2168 quantum
823 2104 910 2157 scilieet

104 2178 157 2226 sunt
175 2174 283 2226 diuinitus
304 2175 435 2226 reuelnhilia
457 2191 462 2224 :
487 2179 514 2224 ut
537 2175 569 2226 sic
591 2188 654 2226 sacra
671 2176 773 2228 doctrina
796 2177 827 2227 sit
846 2177 910 2229 velut

104 2247 208 2326 quedam
221 2245 339 2311 impressio
355 2246 437 2298 diuina
449 2246 564 2310 scientie,
577 2260 627 2311 qua
641 2249 676 2296 est
688 2260 733 2297 una
749 2247 846 2313 simplex
859 2263 909 2300 om-

105 2330 177 2368 nsum.

105 2431 245 2471 nontamen
263 2425 316 2470 irinc
330 2425 449 2483 probatur,
469 2423 510 2468 sed
529 2425 665 2482 supponitur
677 2396 725 2482 J'am
744 2426 867 2481 pronatum
881 2439 911 2473 ex

106 2488 202 2534 srtieulo
216 2487 369 2546 precedente.

138 2556 168 2620 (1)
190 2559 334 2616 coniunctim
352 2571 398 2603 non
416 2557 521 2615 divisim,
537 2568 590 2602 cunr
609 2557 640 2602 sla
655 2558 759 2604 omniurn
775 2557 827 2605 llnis
842 2561 911 2619 nque

106 2633 133 2667 ec
151 2622 301 2681 principium,
316 2621 421 2678 wamiis
436 2620 547 2677 peculiari
560 2621 629 2666 modo
641 2621 788 2668 rationalium
799 2622 860 2669 linis.

139 2690 169 2754 (Ξ)
184 2696 214 2740 Et
224 2693 317 2752 quidem
328 2704 371 2750 per
382 2705 409 2738 se
418 2692 454 2738 vel
468 2705 497 2737 ex
508 2693 601 2750 propria
609 2693 716 2751 radone,
730 2700 756 2740 ul
766 2696 790 2740 in
803 2695 848 2741 hac
860 2697 913 2754 ipse

106 2762 182 2815 parte,
196 2763 279 2814 quera.
291 2755 334 2813 7¹1,
348 2761 391 2800 ort.
406 2755 436 2813 3,
452 2755 480 2799 ad
492 2755 507 2799 i
518 2788 525 2814 ,
537 2757 665 2814 explieutur
681 2773 687 2801 ι
701 2758 761 2802 sicul
775 2757 847 2804 etiam
858 2772 913 2817 qun

105 2819 133 2864 de
142 2831 212 2925 sorisu
223 2819 339 2864 communi
350 2818 533 2878 subiunguntur,
543 2819 688 2864 insinuantur
697 2821 739 2865 lib.
752 2819 780 2881 ³,
792 2822 820 2866 de
833 2823 912 2869 enisum

107 2893 159 2936 erp.
189 2913 196 2925 .
