1992 3342
132 247 179 294 tte
287 240 386 293 'runs
400 260 424 307 1,
440 257 534 302 uuum.
552 258 614 309 ιιι,
632 256 687 297 nar.
705 236 739 297 ιι.
793 256 796 265 ·

130 333 249 397 timdinis,
262 334 304 384 scd
323 333 457 397 divisionis,
470 348 523 399 que
536 340 571 387 est
583 336 646 399 prior
657 336 784 387 secandum
804 330 935 401 rationem,
992 340 993 345 ’

129 405 199 469 quim
217 420 295 455 unum
309 406 346 455 uel
360 406 504 456 multitudo
521 424 531 454 .·
547 408 668 457 multitudo
682 412 760 458 autem
774 420 821 457 non
832 414 937 459 removet

130 477 257 539 unitatem,
267 478 309 526 sod
321 481 423 527 removet
435 478 571 529 dimsiomm
585 478 647 529 circa
658 479 847 543 unumquodque·
857 493 938 531 eorum

129 560 160 598 ex
176 548 259 611 qubus
279 551 368 599 cumtat
385 549 516 601 inuititudo.
531 552 565 601 -ut
589 552 638 601 baec
654 550 725 614 strprd
745 550 850 615 exposita
871 557 938 617 suut,

129 618 181 668 edm
195 621 224 669 da
239 618 317 670 diuina
328 620 417 671 unitate
429 626 543 683 ageretur.
992 662 993 673 ,

161 690 285 741 Scbndnm
297 695 377 742 umen
386 695 422 742 est
430 691 491 755 qudd
500 692 680 744 autbodtntcsin
689 693 823 757 oppositum
838 693 940 745 inductor

129 776 177 813 uon
198 765 296 828 probent
315 764 454 815 mlfloienter
472 766 635 829 propositum:
652 764 707 815 liodt
726 765 789 815 enim
805 764 939 829 pluralitate

128 836 263 885 excludatur
274 835 386 899 solitudo,
399 842 424 887 et
435 836 524 887 unitate
541 838 636 888 deorum
649 837 766 901 pluralitas
777 873 786 899 ‚,
796 851 844 889 non
857 842 940 889 tamon

128 906 233 970 ”ututur
244 906 306 971 quod
318 907 355 959 tris
367 908 500 959 nominibus
511 910 556 959 boo
567 908 642 959 solim
656 908 795 971 significetur
807 924 812 957 :
829 910 939 961 albedine
992 942 993 945 =

128 978 192 1029 euim
205 979 332 1029 eaeludltur
347 980 456 1043 nigredo,
467 994 515 1031 uon
527 984 607 1034 umen
619 980 712 1031 uomine
733 980 846 1030 albedinis
866 982 941 1046 signi·
992 998 993 1001 ¹

129 1049 210 1102 icatur
221 1050 270 1101 sola
281 1050 408 1114 mprodiuis
421 1051 529 1103 excludo

424 1205 584 1256 lbttcdbtts
597 1206 635 1255 tv.
723 1218 726 1237 ²

132 1306 937 1391 dudmdocoronuoperaonaposro'teoaeuomowuetrr'tospureum.

160 1449 194 1500 ld
204 1450 352 1515 qumtnmsio
362 1451 492 1516 proceditur
503 1448 649 1516 (illidetur
659 1448 720 1515 quiid
730 1450 867 1501 bocnomeu
878 1466 938 1515 per·-

128 1534 187 1570 oonu
200 1532 247 1571 nou
257 1521 329 1586 possit
344 1535 393 1573 esse
408 1536 529 1573 commune
543 1521 616 1573 tribus
627 1522 739 1585 personis.
755 1521 819 1582 liibil
829 1521 891 1573 enim
902 1525 938 1573 est

128 1606 249 1643 commune
265 1593 338 1651 tribus
351 1594 455 1658 personis
470 1594 515 1643 nisi
530 1593 638 1645 essentia.
650 1594 695 1647 Sed
708 1596 753 1643 boc
768 1606 867 1657 nomen,
879 1610 938 1657 per·
992 1616 993 1659 r

128 1676 198 1725 sono,
207 1675 255 1713 nou
264 1664 378 1727 significat
386 1665 509 1717 essentiam
520 1666 543 1715 in
554 1668 617 1717 recto
628 1680 633 1713 :
645 1679 700 1729 ergo
712 1678 758 1714 uon
769 1666 804 1715 est
812 1677 937 1717 commune

126 1734 209 1785 tribus,
722 1740 726 1747 ’

160 1810 184 1857 2.
199 1808 326 1872 Preterea,
338 1820 459 1859 commune
471 1800 594 1879 opponitur
606 1804 826 1859 incommunicabili.
843 1804 891 1857 Sed
908 1808 938 1860 de

127 1875 216 1930 ratione
235 1890 338 1945 persuum
354 1885 389 1931 est
407 1880 468 1945 quod
486 1878 517 1931 sit
534 1878 770 1943 incommunicabilis,
788 1883 815 1929 ut
828 1881 893 1943 patet
908 1894 938 1929 ex

128 1945 267 2002 diffinitione
282 1950 389 2002 Richardi
406 1952 434 2002 de
448 1956 527 2003 sancto
542 1950 634 2003 Victore
645 1950 714 2015 supri
729 1950 804 2015 posita
813 1950 847 2017 (i)
860 1966 866 1999 :
880 1964 937 2014 ergo

127 2022 273 2088 bocnomen,
280 2032 395 2089 persono,
405 2037 452 2073 uon
465 2029 501 2075 est
514 2034 636 2075 commune
648 2024 728 2073 tribus.

161 2101 184 2147 3.
200 2098 324 2161 Preterea
333 2094 353 2146 si
363 2100 398 2147 est
408 2107 528 2147 commuue
540 2092 621 2160 tribus,
634 2101 673 2146 aut
683 2095 727 2145 ista
738 2092 890 2145 communitas
901 2096 936 2145 at-

127 2160 228 2219 tenditur
248 2166 373 2219 secunddm
391 2180 457 2231 rem,
472 2172 511 2218 aut
531 2166 658 2218 secundbm
677 2166 797 2217 rationem.
819 2164 867 2215 Sed
888 2179 935 2215 non
992 2138 993 2217 i

125 2241 252 2291 secuudum
265 2252 329 2305 rem3
341 2240 397 2305 quia
405 2240 438 2290 sle
449 2243 496 2290 tres
509 2252 612 2305 persono
626 2242 702 2289 emerit
712 2243 754 2287 dua
768 2249 875 2302 persona.
887 2238 934 2287 Nec

124 2310 209 2361 iterum
226 2314 352 2365 sccunddm
369 2312 481 2363 rationem
502 2309 606 2375 idulium,
629 2312 682 2375 quia
702 2310 735 2361 sic
756 2310 855 2375 persona
873 2314 933 2360 esset
992 2340 993 2377 3

124 2379 268 2451 unlnersale3
283 2386 308 2435 in
325 2384 408 2437 diuisus
427 2390 504 2435 autem
520 2398 567 2435 non
585 2384 620 2434 est
639 2382 782 2445 uniuersale,
802 2394 846 2431 nec
862 2380 932 2433 etiam
992 2390 993 2403 ¹

103 2469 110 2479 ·
124 2456 275 2522 particulare,
289 2471 363 2521 neque
380 2470 465 2525 genus,
480 2468 555 2521 neque
573 2455 674 2521 specics,
687 2458 712 2505 ut
733 2452 802 2519 supra
815 2458 931 2505 ostensum

158 2609 188 2673 (l)
201 2614 234 2658 Iis
245 2614 282 2659 bis
292 2614 362 2660 etlam
373 2616 397 2672 Ι,
408 2614 486 2663 seut..
496 2613 550 2669 dist.
567 2611 611 2671 25,
624 2618 672 2667 art.
684 2610 711 2663 33
725 2616 749 2655 et
763 2615 848 2667 quaest.
861 2610 890 2671 8,
903 2610 930 2655 de

122 2676 225 2733 potent,
237 2682 280 2724 art.
292 2676 317 2734 3,
327 2676 355 2723 ad
365 2675 391 2721 11
403 2695 409 2730 ;
423 2681 447 2721 et
456 2682 539 2733 quaest.
551 2671 575 2733 9,
592 2681 635 2720 art.
651 2674 680 2733 d,
697 2672 725 2719 od
738 2672 762 2717 d.
992 2698 993 2743 p

158 2743 189 2809 (2)
199 2742 283 2802 Quest.
293 2748 332 2805 lii,
340 2755 384 2795 art.
395 2746 421 2807 33
428 2747 487 2801 ndi;
496 2754 633 2793 extractatu
645 2746 680 2791 De
689 2744 818 2795 Trimitotc,
827 2756 883 2802 cup.
892 2742 931 2803 ts,
992 2746 993 2807 l

124 2808 164 2856 ubi
175 2824 203 2857 ex
211 2813 335 2868 eoprobat
344 2822 436 2858 omnem
452 2810 535 2868 iblteo
546 2810 711 2869 proprietatem
723 2808 875 2865 personalem
883 2820 933 2853 om·
992 2828 993 2871 χ

124 2873 179 2917 nino
194 2886 245 2919 esse
257 2874 511 2931 incommunicabilem,
524 2874 578 2931 quia
587 2868 692 2929 'persona
703 2870 736 2917 ibi
748 2868 805 2917 nibil
817 2869 881 2915 atiud
896 2876 932 2917 cst

124 2936 194 2991 quim
205 2935 444 2981 incommunicabilis
457 2937 603 2991 wintanum
615 2930 838 2981 incommunicabilis
852 2940 930 2979 autern
992 2930 993 2957 ³

125 2998 250 3045 existentia
270 3011 299 3048 ex
317 2998 457 3055 proprietate
472 3009 584 3057 misenus
596 2997 712 3045 consistit.
