1992 3342
140 199 185 244 333
338 207 397 242 raus
414 208 439 254 1,
456 205 548 249 ouessr.
570 207 626 253 ιιι,
644 205 698 242 lar.
717 205 740 239 v.

139 284 223 334 siones.
238 282 301 332 Unde
317 281 337 331 si
357 281 439 344 aliquus
450 295 496 331 nuo
513 284 565 330 aeto
581 281 637 331 velit
649 281 735 344 linem,
750 284 774 330 el
790 279 835 330 alio
849 284 905 332 actu
916 292 938 328 aa

139 368 190 418 que
206 352 299 402 suntad
311 353 396 414 linem,
410 351 469 401 uelle
483 353 553 401 tinem
566 351 611 402 erit
623 353 645 400 ei
659 364 726 402 eausa
739 350 831 402 volendi
843 364 874 401 ea
894 365 938 415 que

140 424 237 475 suntad
252 424 338 472 dueum
352 425 408 486 sed,
425 424 446 472 si
460 437 507 474 uno
524 427 577 474 actu
589 424 645 473 uelit
655 424 737 485 fiuent,
751 426 776 472 et
786 436 814 472 ea
823 437 877 488 qnae
892 427 940 474 suut

141 498 171 546 ad
183 495 262 557 finem,
271 496 315 544 hoe
327 507 378 545 ese
388 508 434 544 nou
444 495 542 558 poterit,
553 493 606 558 quia
619 494 679 545 idem
690 507 736 544 nou
750 497 785 544 est
795 506 865 544 eausa
880 495 939 557 sulp

140 567 200 628 sius,
218 569 242 616 et
253 570 331 616 tamen
344 566 389 616 erit
400 580 481 616 uerum
494 566 570 616 dicere
584 565 644 630 qudd
657 578 685 615 ea
697 579 747 628 que
760 569 814 614 sunt
828 566 860 615 ad
876 566 941 616 tinen

139 637 195 688 uelit
207 637 312 687 ordinare
327 637 443 687 inlinens.
457 639 518 688 Deus
536 642 612 688 aulem
625 637 684 688 sieut
700 650 746 686 nno
760 639 814 688 astu
825 638 908 688 omnia
924 637 942 685 iu

140 708 240 759 essentia
252 721 294 758 sua
309 708 433 771 iutelligit,
452 708 485 758 ita
501 722 547 758 uno
559 712 613 758 actu
630 709 680 756 vult
692 707 770 756 omnia
782 707 808 756 iu
824 721 870 758 sua
884 708 945 760 honi-

140 784 196 829 tate.
212 779 277 829 Unde
286 779 344 828 siout
354 779 380 828 in
389 781 437 829 lleo
445 779 576 841 intelligere
586 793 677 830 oausam
690 791 737 828 non
747 784 783 828 est
793 793 866 830 eausa
880 781 943 830 intel-

140 848 227 914 ligendi
237 851 333 901 effectus
350 851 395 915 (1),
406 853 447 902 sed
458 851 508 914 ipse
528 849 637 912 intelligit
655 849 749 899 elleotus
769 849 794 899 in
812 863 884 900 causa
896 869 903 914 3
917 852 943 898 ita

141 921 203 972 velle
213 923 290 986 finem
302 927 397 972 nonest
414 923 437 973 ei
452 935 521 972 eausa
541 921 633 972 uolendi
648 934 675 970 ea
688 934 738 983 qne
751 922 845 971 suntad
862 923 945 983 finem

141 993 182 1043 sed
193 996 271 1042 tauram
283 993 333 1042 vult
352 1007 381 1043 ea
394 1007 445 1056 que
465 996 519 1042 sunt
538 992 566 1042 sd
587 992 671 1054 linem,
696 991 798 1042 ordinari
812 991 839 1042 iu
854 993 944 1044 huern:

141 1066 192 1114 vult
211 1078 265 1126 ergo
285 1065 329 1114 hoo
346 1078 396 1115 esse
415 1068 507 1128 propter
524 1065 582 1125 hoo,
599 1065 640 1114 sed
658 1077 704 1114 non
720 1068 815 1126 propter
837 1059 884 1116 hoc
902 1066 949 1114 uult

143 1137 188 1186 hoe
199 1136 244 1199 (3).

175 1209 208 1258 ld
223 1208 321 1271 primum
339 1221 394 1270 ergo
409 1207 544 1269 dicendum,
558 1206 620 1270 qudd
632 1207 738 1256 uoluntas
751 1206 795 1256 liei
808 1207 949 1258 rationabilis

141 1284 191 1342 est,
206 1294 252 1331 non
262 1279 323 1343 qudd
339 1278 425 1342 aliquid
435 1279 465 1328 sit
479 1280 526 1328 heo
540 1291 608 1330 eausa
622 1278 727 1340 volendi,
742 1279 824 1328 sedin
837 1284 948 1342 quantum

143 1351 192 1400 vult
201 1365 272 1400 unum
281 1364 331 1400 esse
342 1354 436 1414 propter
448 1350 546 1400 alindl
523 1349 546 1414 (3
547 1349 565 1413 )

176 1424 210 1473 hd
225 1423 351 1473 dcundum
370 1422 508 1483 dicendum,
523 1420 585 1483 qudd
600 1419 652 1470 ehrn
663 1421 720 1470 velit
730 1423 792 1471 heus
806 1420 935 1472 effeetus
918 1435 949 1470 src

144 1508 193 1544 esse
204 1498 230 1544 ut
241 1509 270 1543 ex
283 1494 358 1543 oensis
366 1493 436 1543 certis
446 1492 593 1557 proveniant,
606 1493 634 1542 ad
647 1493 691 1542 hoe
701 1491 762 1555 quod
776 1497 883 1542 servetur
897 1494 952 1543 ordo

144 1565 170 1614 in
183 1566 260 1627 nehus,
273 1577 320 1613 nou
334 1569 370 1613 est
380 1577 546 1628 supervacuum
560 1563 629 1614 etiarn
638 1577 689 1612 eum
702 1564 823 1614 uoluntate
837 1563 881 1613 hei
893 1563 951 1614 alias

144 1649 223 1686 causas
242 1647 360 1697 quarere3
381 1639 443 1686 esset
461 1639 540 1684 tamen
563 1647 745 1698 supervacuum,
761 1633 782 1684 si
799 1634 852 1684 alis
876 1647 953 1686 causo

144 1707 299 1766 qnaerereutur
311 1708 336 1753 nt
350 1706 439 1769 prims,
447 1710 471 1756 et
482 1720 529 1756 uon
540 1707 694 1769 dependentes
704 1704 718 1754 d
730 1705 809 1754 divina
821 1705 952 1756 voluntate.

144 1777 173 1825 Et
190 1775 223 1824 sio
239 1775 339 1838 loquitur
350 1778 489 1840 Augustinus
502 1777 527 1828 in
544 1779 589 1840 ΙΙΙ,
604 1777 636 1826 de
652 1779 734 1834 Tria„
751 1791 802 1842 sap.
820 1782 854 1826 2:
872 1796 887 1824 (ι
901 1778 954 1826 Pla·

144 1847 193 1896 enit
203 1846 237 1911 (t)
247 1847 344 1896 vanitati
354 1849 543 1915 Philosophorum
555 1849 624 1898 etiam
633 1848 684 1897 aliis
698 1848 773 1898 nausis
788 1849 887 1902 effeetus
898 1862 957 1898 oon-

144 1918 260 1981 tingentes
267 1919 376 1983 tribuere,
389 1919 442 1970 chin
451 1921 544 1972 omniuo
557 1919 635 1970 nidere
644 1933 691 1970 non
701 1924 795 1983 possent
805 1920 954 1982 superiorem

145 1991 233 2041 ceteris
244 1991 350 2042 omnihus
359 2006 460 2056 causam,
473 1993 497 2042 id
510 1997 558 2054 est,
573 1993 714 2042 uoluntatem
728 1991 777 2040 hei.
790 2007 804 2036 o

176 2064 210 2113 hd
228 2063 322 2113 tertium
335 2064 473 2128 dicendum,
491 2063 553 2126 qudd
566 2064 619 2114 olim
632 2066 693 2114 heus
706 2063 764 2113 velit
785 2064 882 2114 effeetus
904 2077 958 2112 essu

179 2208 209 2269 (1)
224 2213 251 2254 Iu
263 2212 344 2267 plurali
355 2212 497 2269 accusativo,
511 2213 570 2256 siout
584 2217 608 2256 et
619 2223 680 2263 ιιιοιις
693 2210 716 2253 id
729 2215 774 2265 est,
788 2209 959 2266 intelligendi
972 2227 973 2258 t

146 2285 173 2333 eu
187 2284 239 2329 quas
253 2273 269 2316 d
283 2287 357 2318 coma
366 2274 511 2332 procedunt

180 2339 210 2402 (2)
225 2343 290 2401 Sive,
306 2345 349 2388 hoo
363 2352 457 2389 nonest
472 2357 543 2390 eausa
556 2356 597 2389 our
608 2342 701 2399 aliquod
713 2342 775 2388 aliud
789 2341 855 2387 velit

180 2411 210 2472 (3)
226 2415 286 2459 Hine
297 2428 345 2460 nou
355 2416 444 2461 tantum
456 2416 581 2462 secundnm
593 2413 736 2460 voluntatem
750 2416 842 2471 operari
855 2413 966 2463 dieitur

147 2475 187 2520 sed
201 2477 326 2522 seeundum
339 2475 460 2524 consilium
475 2479 600 2525 voluntatis
614 2475 653 2538 (ad
669 2477 744 2535 Epi„
753 2475 792 2538 1),
806 2477 907 2523 ussine
924 2492 969 2522 ra

147 2539 214 2582 tione
228 2541 320 2595 operari
330 2547 438 2598 putetur,
452 2541 484 2586 ait
497 2541 583 2585 rhrdern
595 2543 619 2586 S
634 2541 742 2585 Thomas

181 2606 211 2668 (ll
228 2610 264 2654 Sic
277 2611 355 2657 omnia
366 2612 507 2668 exemplaria
521 2615 543 2656 S.
558 2613 652 2656 Thomae
666 2624 717 2667 quas
731 2611 760 2656 ad
771 2623 867 2656 manum
885 2621 970 2660 sunt:

148 2672 189 2714 sed
203 2673 320 2728 exemplar
330 2679 451 2730 utrumque
463 2674 585 2731 Augustini
599 2675 669 2719 habet
681 2674 755 2719 licuit
770 2692 778 2716 .·
794 2684 838 2718 neo
851 2671 973 2732 offectusl

148 2732 253 2788 quolibet
263 2735 330 2780 modo
345 2737 507 2792 contingentes
519 2737 624 2794 exprimit
638 2737 685 2793 ihi,
699 2737 740 2781 sed
750 2736 809 2781 rard
821 2734 973 2786 existentes

148 2801 169 2840 et
178 2801 348 2848 monstruosos,
360 2806 385 2843 ut
395 2799 501 2857 desectos
511 2799 679 2844 luminarium
690 2803 711 2844 st
724 2798 881 2856 quorundam
895 2813 939 2842 an
949 2805 958 2843 ι·
964 2787 973 2858 l

149 2859 251 2902 artoldum
263 2866 365 2917 partam
379 2874 483 2918 qaorum
499 2862 566 2906 nihil
584 2863 611 2918 lit
630 2863 680 2906 odsi
697 2863 819 2908 volontate
832 2860 899 2908 Dei,
917 2861 973 2905 ets-¹

150 2921 271 2977 plerisque
284 2935 329 2965 noar
343 2929 451 2979 apparet.
