1992 3342
113 232 159 278 sto
314 241 375 277 rins
391 242 413 290 t,
429 240 521 285 onnes.
538 239 584 290 xx,
602 239 655 278 aar.
672 243 705 280 nv.

112 325 189 362 rernm
201 312 242 376 (nt
250 311 337 361 dictum
348 310 414 373 est),
425 325 473 361 non
485 313 547 361 esset
561 311 646 375 aliquid
657 311 702 362 alio
712 311 802 376 melios,
815 314 833 364 si
849 315 904 367 dens

113 396 161 433 non
173 383 244 432 vellet
256 381 297 430 uni
307 381 382 444 majus
394 382 481 432 bonnm
491 382 560 445 qndm
573 383 648 432 alteri.

145 454 179 503 ad
192 453 290 515 primum
302 465 358 514 ergo
373 452 511 516 dicendum,
528 453 589 518 quod
604 453 686 502 dicitur
703 455 750 504 lico
769 455 904 518 «munditer

114 535 164 574 esse
178 537 233 572 ensa
249 522 277 572 de
298 522 419 587 omnibus,
435 537 511 573 »non
532 523 592 586 qudd
609 523 704 586 aequalia
723 523 785 574 bona
803 525 841 574 sul
856 526 906 576 eura

114 592 220 642 omnibus
231 592 362 655 dispenset,
379 595 420 643 sed
432 594 486 657 qnia
499 607 528 643 ex
547 593 630 657 aquali
647 593 761 656 sapientia
776 600 799 645 et
810 595 906 648 bonitate

114 662 191 712 omnia
201 662 355 712 administrat.
752 698 756 706 ·

147 732 318 783 edmundum
334 733 467 795 dicendum,
484 733 546 797 qudd
559 735 618 786 ratio
631 735 672 784 illa
683 735 785 797 procedit
798 736 825 786 de
838 736 909 787 inten-

115 803 178 853 tione
188 803 272 853 amoris
285 817 315 854 ex
326 807 393 867 parte
402 805 468 854 actds
478 805 613 867 voluntatis,
623 805 662 868 qni
670 809 706 854 est
711 805 793 856 divina
806 808 908 872 essentia

115 875 200 924 bonnm
212 879 289 925 antem
298 876 359 938 quod
371 877 431 925 Dens
444 878 553 925 creaturae
566 877 630 938 vult,
643 889 690 926 non
700 879 735 926 est
749 877 825 928 divina
837 891 910 930 essen-

116 945 148 994 tia
155 982 162 1008 ,
174 946 235 995 unde
252 946 310 995 nihil
324 945 431 1009 prohibet
444 946 500 996 illud
511 945 601 996 intendi
616 947 654 996 vel
665 945 761 996 remitti.

147 1017 182 1065 lid
193 1015 287 1065 tertium
300 1017 431 1078 dicendum,
446 1014 508 1079 quod
521 1017 664 1080 intellipere
674 1020 698 1066 et
710 1015 772 1066 velle
787 1017 913 1080 significant

116 1086 190 1136 solnm
199 1090 288 1150 aetnm3
298 1101 345 1137 non
354 1091 432 1137 autem
441 1087 467 1136 iu
479 1099 521 1137 saa
530 1086 696 1150 significatione
709 1087 830 1138 includunt
841 1090 913 1154 aliqua

117 1156 208 1221 objecta
219 1157 253 1222 (l)
266 1171 295 1208 cn
310 1171 409 1221 quornm
426 1157 558 1208 diversitate
573 1157 646 1221 possit
662 1157 708 1208 dici
722 1161 783 1209 Deus
796 1159 867 1222 magis
879 1161 914 1210 vei

117 1227 194 1278 minus
206 1229 265 1279 scire
283 1233 323 1280 aut
335 1230 410 1290 selle,
428 1228 488 1279 sicut
505 1228 565 1278 circa
579 1242 680 1280 amorem
694 1228 779 1280 dictum
795 1232 839 1280 cst.

340 1407 343 1413 .
413 1370 571 1422 mucosus
586 1373 624 1422 IV.

256 1489 298 1532 An
306 1489 371 1532 Deua
380 1499 471 1544 semper
484 1488 563 1542 mapts
572 1486 660 1544 diligat
676 1485 784 1532 meliora.

150 1596 185 1645 td
203 1598 309 1658 quartum
327 1595 361 1645 sic
381 1594 513 1658 proceditur
531 1592 574 1659 (2).
595 1592 690 1643 Videtur
709 1591 770 1656 qnod
792 1594 851 1644 ltens
872 1607 916 1644 non

119 1679 210 1727 semper
227 1665 299 1728 magis
322 1661 404 1727 diligat
424 1665 528 1714 meliora.
549 1663 694 1714 Manifestum
712 1669 748 1714 est
770 1664 832 1715 enim
859 1665 917 1728 quod

120 1734 223 1785 Christus
237 1738 272 1785 est
292 1735 373 1784 melior
390 1738 440 1785 toto
461 1747 546 1798 genere
568 1735 683 1796 humano,
703 1735 756 1784 edm
772 1735 802 1784 sit
822 1736 881 1784 licus
895 1739 919 1784 et

119 1806 197 1855 homo.
217 1806 263 1855 Sed
276 1806 336 1855 Deus
345 1806 419 1868 mags
431 1806 511 1855 dilexit
528 1818 600 1868 genus
614 1805 749 1868 humanum,
764 1805 832 1869 enlm
845 1805 919 1856 Chris·

120 1880 184 1938 tuni3
198 1877 252 1940 qsnia
273 1876 358 1928 dicitur
374 1879 444 1926 llom.
458 1877 530 1926 vlit:
551 1893 565 1923 a
579 1875 674 1939 Proprie
690 1875 737 1926 titio
753 1889 796 1926 suo
815 1889 862 1928 non
880 1890 920 1939 pe-

121 1947 202 2012 percit,
213 1949 254 1999 sed
263 1962 306 2012 pro
317 1948 383 1998 nohis
395 1946 500 1998 omnibus
514 1945 606 1996 tradidit
618 1946 692 1996 illum.
701 1962 716 1992 »
730 1947 790 2011 Ergo
803 1950 865 1998 Deus
875 1961 919 1997 non

120 2031 212 2085 semper
223 2019 297 2082 magis
312 2018 385 2079 diligit
395 2017 497 2068 meliora.

152 2095 176 2139 s.
183 2091 307 2154 Praeterea,
313 2089 407 2152 angelus
415 2092 450 2138 est
456 2087 644 2150 meliorhomine3
654 2086 714 2136 unde
723 2085 749 2134 in
755 2087 852 2138 Peelm.
862 2088 922 2150 Vlll,

122 2159 204 2210 elicitur
218 2161 253 2226 (3)
272 2162 302 2211 de
318 2159 432 2210 homine:
452 2157 583 2208 «Minuisti
596 2171 650 2207 cunr
664 2157 825 2220 paulominus
841 2159 871 2209 ab
886 2173 924 2208 an·

122 2231 187 2294 getis.
211 2248 225 2278 »
243 2233 288 2282 Sed
311 2234 371 2282 Deus
389 2231 441 2294 plus
462 2229 542 2280 ddexit
563 2229 681 2280 hominem
702 2227 771 2292 qutun
794 2231 923 2292 angelum

122 2302 277 2353 diciturenim
291 2302 367 2352 lledr.
381 2302 403 2350 ll
419 2316 425 2349 ε
441 2302 583 2364 «Nusquam
597 2300 691 2362 angelos
701 2300 873 2363 apprehendit,
888 2301 925 2350 sed

121 2385 203 2423 semen
220 2373 317 2424 Abrahae
331 2371 491 2437 apprehendit.
508 2386 522 2418 u
540 2372 599 2434 Ergo
612 2371 674 2420 Deus
685 2382 733 2420 non
748 2383 842 2435 semper
855 2371 926 2434 magis

123 2443 199 2507 diligit
211 2443 315 2493 meliora.

152 2550 182 2613 (1)
193 2554 281 2609 Nempe
292 2553 427 2607 immediata
439 2558 463 2598 et
478 2551 584 2596 formalia
598 2563 650 2606 qum
660 2550 760 2606 objectis
773 2550 926 2596 terminatius

124 2616 277 2672 applicentur,
294 2616 354 2660 sicut
370 2617 459 2661 bonum
476 2614 576 2673 amatis,
589 2619 637 2658 ote.

157 2683 188 2746 (d)
202 2689 236 2732 Ito
249 2687 285 2732 tris
297 2686 368 2732 etiam
379 2687 404 2730 in
413 2687 456 2744 111,
469 2685 547 2736 Senta,
556 2685 611 2730 dist.
626 2683 666 2744 32,
681 2689 724 2730 art.
739 2682 769 2737 ὃς
784 2683 925 2741 quaestione.

124 2748 155 2808 ἓ,
168 2748 199 2808 3,
214 2748 245 2802 4;
258 2755 284 2794 ut
297 2756 321 2794 et
334 2748 411 2806 prius,
425 2748 479 2793 dist.
493 2747 538 2806 31,
551 2757 592 2804 qu.
607 2746 638 2796 ἢ,
649 2751 694 2792 art.
706 2745 730 2806 3,
746 2747 891 2802 ῳιωειίιιιιο.
906 2744 927 2788 3.

157 2817 188 2880 (8)
205 2820 334 2865 &cundum
345 2820 469 2865 litteralem
481 2817 682 2876 significationem,
697 2823 723 2862 ut
735 2816 815 2863 mttere
826 2821 866 2861 est
881 2814 929 2862 inis

124 2883 229 2937 momnis
249 2888 273 2927 et
296 2882 421 2938 Apostolus
443 2883 509 2938 quasi
532 2881 560 2926 de
584 2880 674 2936 dhristp
694 2879 780 2926 dictum
804 2883 875 2924 notat
898 2871 930 2920 od

126 2942 197 2988 llelr.
208 2946 238 3003 ll,
251 2956 311 2989 vers.
323 2943 346 2987 9.
