1992 3342
401 224 433 259 ms
448 223 574 261 mrnnrr.
841 218 886 267 ιιι

79 295 174 348 menna
190 301 268 359 posset
280 296 328 346 diei
342 297 418 361 maior
432 298 524 362 animt3
541 300 582 351 sed
599 314 679 351 verum
698 302 733 351 εει
750 302 810 366 qudd
832 305 888 354 nihil

77 366 206 417 subsistens
219 371 255 417 est
269 368 346 431 majus
358 372 436 419 mente
448 370 566 433 rationali,
584 372 628 423 uisi
641 366 709 423 Deus.

107 438 143 487 nd
162 437 289 487 seeundum
305 439 443 503 dicendum,
462 441 522 504 qudd
541 442 625 493 dietum
644 442 747 495 dunelmi
768 444 888 497 veritatum

76 509 161 571 nato,
174 510 303 559 seeundum
314 509 376 573 qudd
391 524 429 561 res
446 512 553 563 dicuntur
566 526 625 565 veru
639 528 680 579 per
695 516 887 579 comparationem

74 582 103 630 ud
120 581 267 632 intellectum
285 582 399 632 diuinum.

373 724 530 776 nntiuuuus
547 728 594 779 vit.

272 849 359 893 Utrum
368 850 457 894 versem
465 854 547 895 ereata
557 852 588 896 sit
598 856 694 897 oeoerno.

105 974 137 1023 td
145 973 274 1036 septimum
288 971 322 1044 sio
336 974 467 1037 proceditur
478 974 522 1040 (1).
536 975 630 1026 Videtur·
641 974 702 1040 qudd
715 977 799 1027 veritus
810 983 886 1028 ereata

75 1045 103 1092 sit
117 1050 212 1095 eterna.
232 1045 296 1095 Dicit
314 1045 377 1095 enim
398 1047 537 1109 Augustinus
557 1049 582 1096 in
594 1048 635 1097 lib.
653 1046 688 1097 De
706 1048 784 1098 libero
799 1048 886 1100 ordii..

78 1114 136 1176 quud
151 1117 211 1167 nihil
229 1120 266 1167 εει
280 1116 355 1179 magis
369 1120 480 1167 aeternum
501 1131 570 1182 quum
591 1116 650 1168 ratio
667 1118 746 1169 circuli
753 1157 761 1181 ‚
777 1124 800 1169 et
817 1138 830 1169 n
843 1122 887 1171 duo

78 1189 101 1233 et
114 1187 155 1237 trin
166 1201 218 1238 esse
231 1188 345 1253 quinque.
360 1203 374 1233 n
390 1189 435 1241 Sed
449 1189 532 1239 horum
546 1190 631 1239 ueritas
645 1194 679 1239 εει
690 1190 775 1241 veritus
789 1197 866 1243 ereote
879 1210 884 1241 :

76 1270 128 1321 ergo
138 1259 225 1309 veritos
238 1262 317 1309 creata
328 1262 364 1309 εει
377 1262 471 1309 eterna.

103 1332 126 1378 u.
147 1331 281 1392 Proterea,
291 1342 360 1380 omne
375 1330 436 1393 qnod
449 1333 484 1380 est
504 1343 604 1395 semper,
614 1334 648 1380 est
661 1334 771 1381 eternum
785 1329 828 1395 (u).
843 1330 886 1382 Sed

74 1400 212 1451 universalia
226 1403 282 1450 sunt
299 1399 385 1463 ubique
400 1404 423 1449 et
436 1413 541 1465 semper:
552 1414 606 1465 ergo
617 1405 671 1451 sunt
683 1403 784 1463 uterne3
797 1414 851 1463 ergo
863 1407 886 1452 et

72 1486 157 1522 uerum
171 1471 237 1535 quod
253 1474 290 1520 est
304 1470 404 1520 maximi
420 1468 557 1522 uniuersale.

101 1547 122 1592 3.
142 1544 265 1592 Praeterea
273 1578 282 1603 ,
296 1541 320 1591 id
332 1542 395 1607 quod
411 1544 446 1591 est
458 1554 540 1591 verum
560 1542 583 1591 iu
603 1542 726 1607 praesenti,
740 1554 831 1606 semper
843 1542 887 1593 tuit

71 1624 148 1662 nomm
160 1625 216 1663 esse
230 1612 343 1662 futurum.
356 1612 401 1661 Sed
413 1610 471 1661 sieut
479 1612 565 1663 veritus
572 1611 734 1676 propositionis
741 1613 769 1662 de
777 1615 886 1678 presenti

72 1688 103 1732 est
121 1686 213 1734 veritos
234 1686 328 1745 ereata,
341 1682 374 1731 ito
391 1680 477 1732 ventes
491 1683 653 1749 propositionis
670 1685 698 1734 de
719 1684 814 1735 futuro:
831 1698 885 1749 ergo

72 1754 143 1818 aliquo
156 1755 248 1805 veritas
261 1758 339 1803 creatu
353 1756 389 1803 εει
402 1757 496 1803 eterne.
858 1760 861 1763 ·

99 1829 120 1874 t.
139 1827 279 1886 Protersu,
293 1838 361 1874 omne
379 1824 440 1887 quod
454 1828 517 1874 earet
532 1826 643 1890 principio
655 1830 679 1876 ει
693 1826 754 1889 dne,
770 1830 804 1875 est
818 1830 885 1877 eeter-

71 1910 130 1947 num.
153 1899 201 1948 Sed
220 1896 309 1946 veritus
325 1894 501 1946 enuntiabiiium
515 1901 576 1947 teret
592 1896 705 1961 principio
719 1901 743 1946 ει
756 1896 818 1959 sme3
831 1898 883 1961 quia

70 1967 190 2021 sinentes
208 1968 308 2031 incoepit
322 1966 375 2017 edm
389 1970 442 2017 onte
457 1981 505 2017 non
517 1972 592 2031 esset,
606 1981 686 2019 verum
704 1970 753 2017 erut
764 1968 885 2017 ventetem

69 2054 113 2090 non
123 2055 187 2105 esse,
209 2045 235 2091 et
247 2040 329 2103 utique
342 2038 420 2103 aliqud
433 2040 623 2098 remittendum
644 2044 710 2101 erat,
723 2037 790 2087 etsie
801 2038 885 2089 veritas

70 2117 116 2162 erut
141 2117 272 2176 antequam
289 2110 421 2175 inciperet3
438 2113 462 2160 et
483 2110 587 2160 similiter
609 2108 628 2159 si
650 2112 748 2173 ponatur
763 2108 884 2159 veritatem

70 2183 152 2236 habere
175 2181 378 2247 tinem,sequitur
402 2180 463 2245 qudd
484 2181 514 2231 sit
532 2178 651 2246 postquem
674 2179 782 2243 desierit,
802 2193 882 2230 uerum

101 2300 134 2362 (1)
146 2305 182 2363 lte
200 2303 239 2347 iris
257 2302 365 2358 etiami,
378 2300 456 2349 stet..
478 2300 532 2345 dist.
552 2298 590 2359 19,
613 2305 695 2355 quest.
710 2298 734 2357 5,
748 2306 792 2345 snt.
813 2301 842 2353 ὅς
860 2307 883 2345 ει

71 2372 152 2418 snut.
164 2364 195 2409 de
205 2364 286 2421 verit,
299 2370 346 2409 nrt.
356 2363 381 2407 2.
421 2398 425 2403 .

102 2433 133 2494 (ι)
145 2436 203 2481 Tele
211 2434 303 2491 nmquid
311 2433 390 2490 quoad
398 2431 638 2478 numerumindiuutur
648 2432 689 2477 lib.
701 2434 732 2491 11,
743 2443 795 2487 cup.
807 2431 830 2489 8,
843 2432 882 2476 ubi

70 2503 93 2540 et
104 2504 171 2543 ruent
180 2496 403 2554 incorruptibilem
412 2496 513 2541 numeri
526 2496 661 2553 ueritatem,
677 2500 700 2541 ει
714 2507 742 2539 eu
757 2494 785 2538 de
803 2506 827 2537 ro
842 2506 882 2538 eo·

70 2559 134 2611 pinse
146 2553 253 2611 disserit
269 2558 350 2614 Quoad
361 2558 472 2602 eireuium
490 2562 567 2612 antem
584 2554 639 2600 nihii
659 2555 766 2612 expresse
782 2555 828 2613 ibi¹
842 2556 882 2600 sed

70 2622 92 2664 in
103 2620 432 2681 Solitopuiisveris,tih.11,
444 2631 496 2675 cop.
511 2617 548 2677 19,
560 2624 616 2661 torn.
629 2617 651 2675 1,
662 2618 694 2661 ειε
708 2618 796 2663 tontum
809 2634 814 2661 :
826 2616 883 2661 Siue

72 2685 157 2739 fipurm
167 2684 320 2743 qeometre'coe
334 2683 365 2726 in
376 2681 478 2725 veritate
489 2682 540 2725 eine
554 2682 582 2723 in
596 2681 630 2723 eie
643 2682 733 2725 veritos
746 2682 792 2729 eit,
809 2680 883 2723 intet-

73 2744 175 2801 ttpentid
189 2750 276 2792 nostro
293 2757 334 2790 eoo
350 2744 474 2787 contineri
490 2754 558 2787 nemo
579 2740 679 2798 ombiptt
695 2760 702 2785 :
717 2754 761 2787 nee
777 2742 882 2786 interire

74 2810 162 2854 teritus
170 2812 259 2867 potest,
268 2812 313 2853 etc.
327 2806 386 2853 Nt'et'
397 2806 460 2863 [ortt
468 2804 540 2849 aliud
551 2803 742 2861 testimonum
754 2802 882 2861 lonpitudo

74 2870 129 2912 sine
139 2871 289 2920 latitudine,
304 2874 327 2915 ει
339 2868 414 2913 atiud
427 2868 539 2913 circutos
550 2866 623 2923 puden
636 2868 703 2913 tineo
715 2865 882 2913 circumducto

77 2932 181 2989 undique
192 2935 224 2979 od
238 2933 350 2979 medium
364 2930 492 2988 equaliter
503 2942 610 2986 serpent.
