1992 3342
307 209 339 245 nn
353 208 439 247 pruma
453 208 578 249 mmmm.
798 204 843 251 tue

71 277 163 346 inpicet,
183 284 281 336 verbum
304 298 354 335 esse
375 298 422 337 non
443 289 534 351 potest,
552 286 606 352 quia
621 287 697 339 nullus
716 286 844 341 intellectus

72 356 129 411 poure
139 353 189 406 ilud
202 356 323 420 concipere
334 358 343 422 ι
358 355 376 421 ).

96 424 121 473 ιι
131 426 222 489 prinum
231 442 286 490 ergo
297 427 431 492 dicendum,
444 429 505 494 qutd
518 431 577 479 Deus
593 430 678 481 dicitur
688 433 845 496 omnipotens

71 498 171 571 secundun
183 499 310 563 potentiam
327 500 438 564 uotiuum,
453 515 500 551 non
513 501 637 553 secuuddm
649 504 776 568 potentiam
791 518 843 569 pas-

71 577 136 631 suan,
145 573 167 619 ut
178 571 263 622 dictum
278 575 321 622 est.
339 573 404 623 Unde
418 572 479 637 qudd
494 586 540 623 non
557 573 628 637 possit
640 576 728 626 moueri
741 580 764 627 et
777 577 825 640 pati
833 615 842 641 ,

71 647 107 684 uon
115 646 210 705 repugnat
224 642 404 707 omnipotentie.

94 711 119 759 tl
132 714 251 765 secuudum
261 714 398 781 dicendum,
414 715 474 781 qudd
492 728 586 780 peccam
607 722 641 768 est
653 718 750 770 delicere
763 718 778 769 d
792 734 844 784 per·

71 778 116 831 lectu
130 786 234 851 actioneg
259 788 319 837 unde
344 801 410 851 posse
432 802 530 851 peccare
552 793 587 840 est
610 803 676 855 posse
701 790 796 843 delicere
819 790 844 843 in

68 855 150 920 agendo3
167 860 227 922 quod
246 864 359 923 repugnat
372 860 543 925 omnipotentie
560 878 566 911 ι
583 866 606 913 et
618 865 710 932 propter
723 864 767 913 hoc
786 864 845 917 lteus

69 938 140 984 perure
153 944 196 981 nou
218 933 310 995 potest,
331 932 384 995 quia
399 935 434 983 ent
447 932 600 997 omnipotens.
616 932 723 993 Quamuis
739 934 842 985 Pluiloso-

69 996 114 1058 phus
122 1000 176 1051 dicat
187 1002 212 1053 in
225 1003 257 1051 lv
272 1004 356 1067 topic,
365 1002 425 1066 quid
436 1008 533 1069 «potest
545 1006 605 1055 Deus
618 1008 641 1055 et
650 1006 763 1057 studiosus
773 1019 844 1070 prava

69 1073 250 1138 agere(2)3»sed
262 1076 306 1125 hoe
322 1074 474 1140 intelligitur,
496 1078 534 1127 uel
553 1078 593 1127 sub
613 1077 760 1142 conditione,
779 1078 845 1142 cujus

69 1145 180 1197 nummus
194 1146 226 1198 sit
239 1145 395 1211 impossihile3
410 1151 436 1198 ut
450 1147 506 1211 putd
520 1148 541 1199 si
553 1148 656 1199 dicamus
669 1148 730 1213 qudd
744 1168 758 1199 u
769 1153 845 1215 potest

67 1210 112 1263 lleus
126 1230 191 1286 praua
208 1230 278 1281 agere
296 1216 316 1267 si
336 1218 400 1269 uelit.
415 1234 429 1267 u
446 1219 509 1269 Nihil
529 1219 591 1271 enim
609 1220 714 1285 prohibet
734 1222 846 1273 conditio·

67 1285 123 1335 oulen
133 1303 180 1341 esse
192 1303 287 1353 ueram,
302 1290 368 1355 cujus
383 1291 521 1342 antecedens
534 1294 558 1341 et
568 1305 709 1356 consequens
717 1296 752 1343 est
760 1292 845 1357 impos·

66 1355 126 1422 stile3
136 1362 191 1412 sicut
201 1363 223 1413 sl
236 1362 344 1413 dicatur:
361 1380 376 1410 o
394 1362 420 1414 Si
431 1364 500 1414 homo
514 1368 549 1413 est
563 1363 649 1427 asinus,
663 1365 733 1414 hahet
751 1368 846 1433 quatpor

65 1431 124 1488 pules.
136 1450 149 1479 u
162 1435 203 1485 Vel
218 1438 245 1484 ut
258 1433 415 1497 intelligatur,
432 1434 493 1499 qudd
508 1436 568 1487 lleus
582 1438 657 1501 potest
671 1435 745 1501 aliqua
760 1448 843 1499 agere,

65 1515 102 1560 que
111 1520 166 1557 nunc
176 1522 250 1573 praua
260 1507 381 1571 ridentur,
394 1522 443 1572 quae
455 1512 532 1558 lamen
543 1508 563 1557 si
577 1511 668 1572 ageret,
677 1510 737 1559 buna
755 1512 845 1571 essent3

64 1573 90 1620 ul
100 1575 191 1641 loquitur
207 1578 335 1630 secundnm
352 1584 498 1629 communem
513 1578 645 1642 opinionem
660 1578 792 1643 gentilium,
806 1580 845 1644 qui

64 1643 149 1701 tonnus
161 1650 271 1701 dicebaut
284 1650 404 1701 transferri
417 1651 441 1702 in
452 1652 521 1713 deos,
533 1654 559 1701 ut
567 1652 646 1701 lovem
654 1652 692 1701 uel
700 1650 844 1702 Mercurium.

87 1719 113 1768 ld
131 1722 223 1774 tertium
241 1722 376 1785 dicendum,
393 1721 453 1789 qudd
472 1722 515 1773 ltei
535 1721 701 1787 omnipotentis
720 1722 847 1775 ostenditur

64 1790 141 1844 nerine
153 1793 178 1845 in
196 1795 313 1860 parcendo
327 1797 351 1845 et
364 1794 509 1856 miserendo,
524 1793 576 1859 quia
596 1808 637 1859 per
656 1796 700 1844 hoc
721 1795 847 1845 ostenditur

64 1859 117 1913 leun
123 1867 206 1917 habere
214 1875 327 1917 summam
334 1869 480 1931 potestatem,
489 1865 549 1932 qu'od
557 1865 628 1917 libere
639 1872 733 1932 peccata
742 1866 845 1931 dimittit3

64 1932 101 1993 ujus
111 1936 168 1988 enim
179 1938 222 2003 qui
236 1938 360 2003 superioris
369 1938 415 2001 legi
428 1938 583 2001 adstringitur,
598 1952 644 1988 non
658 1941 692 1989 est
707 1936 778 1989 libere
792 1952 847 2001 pec·

61 2011 98 2054 tlte
112 2012 241 2063 condonare
258 2029 263 2059 :
278 2011 317 2061 rel
333 2009 388 2075 quia
404 2011 519 2074 parcendo
532 2009 663 2059 homiuibus
677 2014 700 2059 et
718 2010 847 2061 miserendo

62 2079 146 2135 perducit
160 2097 201 2133 eos
215 2082 246 2133 ed
256 2082 455 2147 participationem
469 2082 554 2132 infiniti
571 2081 639 2145 burri,
654 2080 693 2145 qui
711 2084 745 2131 est
755 2080 848 2133 ultimus

61 2148 138 2204 tfftttus
161 2152 249 2205 diuinae
269 2153 362 2203 virtutis
375 2170 386 2221 ⁵:
409 2153 448 2205 uel
468 2154 521 2217 quia
543 2154 586 2221 (ut
606 2150 776 2217 supradictum
798 2155 846 2214 est,

60 2235 89 2281 up.
101 2229 137 2289 ιι,
147 2231 190 2277 art.
209 2224 244 2291 t),
256 2225 353 2276 effectus
365 2225 449 2276 drino
456 2223 617 2278 misericordie
629 2227 664 2275 est
675 2224 848 2274 tundamentum

62 2296 145 2347 uuniun
167 2298 300 2352 diuinorum
317 2310 427 2361 operum3
453 2296 511 2347 nihil
533 2296 594 2347 euim
618 2295 712 2346 debetur
725 2294 792 2345 alicui
806 2292 849 2345 uisi

60 2373 135 2430 ltupter
155 2370 180 2421 id
204 2370 267 2434 quod
287 2372 322 2419 est
339 2369 418 2419 datum
435 2369 458 2419 ei
476 2368 549 2420 allec
563 2381 609 2419 nou
628 2366 745 2430 debitum
763 2366 788 2415 iu
805 2368 849 2417 hcc

61 2442 121 2489 aulen
138 2440 240 2492 maxime
259 2440 337 2491 diuina
358 2440 524 2505 omnipotentia
535 2439 699 2490 'manifestatur
709 2476 717 2503 ,
737 2438 798 2503 quod
822 2438 850 2489 ad

61 2505 119 2569 ipsum
130 2514 236 2579 pertinet
247 2513 323 2577 prima
342 2512 455 2564 institutio
467 2512 570 2563 omnium
582 2512 701 2563 honorum.

87 2687 111 2748 ll)
124 2693 189 2739 llore
205 2693 330 2750 Scriptum
343 2699 422 2741 tamen
433 2692 534 2738 cordum
546 2689 583 2737 ulo
600 2704 646 2738 non
668 2690 764 2737 sumitur
782 2694 851 2745 prout

60 2757 224 2811 conopionem
242 2755 369 2815 significat,
382 2756 424 2801 sod
438 2761 464 2801 ιιι
479 2755 541 2801 idem
554 2761 590 2801 cst
601 2768 631 2803 ac
642 2767 693 2808 rem·
708 2752 813 2810 quamuis
826 2756 850 2797 et

62 2815 149 2863 subtilior
160 2819 263 2879 solutio,
278 2820 298 2864 sl
311 2820 439 2876 explicetur
451 2824 477 2863 ut
487 2814 534 2864 lrlc.

86 2884 213 2946 {illicitur
227 2892 453 2941 uutemrtodtoooe,
466 2896 492 2935 ut
510 2895 533 2935 et
551 2888 623 2945 poce
645 2872 781 2940 prenderint,
796 2896 848 2941 pro·

60 2946 106 3003 [ιιι
117 2964 186 3010 quem
201 2955 343 3001 mutuorum
353 2966 446 3013 qunque
459 2952 535 2999 minus
550 2951 621 2998 latine
635 2951 727 3009 quidam
740 2952 815 2995 uocet.
