1992 3342
169 255 203 294 on
217 254 376 297 nnoenssronrs
388 256 525 301 ortmann
540 260 706 301 rnnsorrsnnn.
794 254 838 302 tsi

66 333 138 385 enndirn
150 339 229 383 nutem
242 336 399 399 operationem
408 338 533 389 voluntatis
541 338 656 389 invenitur
665 340 689 389 in
703 340 769 391 nobis
779 355 840 406 quae-

59 404 96 454 dcn
106 407 146 456 alin
159 407 284 470 processio,
299 407 387 459 sedicet
401 409 516 475 processio
526 410 623 473 amoris,
638 412 761 463 secundim
772 427 840 477 qnam

60 481 137 527 anntnm
147 483 183 528 est
193 478 219 527 in
230 483 330 542 amante,
343 480 403 535 sicut
412 494 454 544 per
467 480 640 545 conceptionem
653 483 722 533 Verbi
730 495 767 535 res
780 484 839 535 dicta

60 549 87 596 rel
95 551 204 614 intellecta
219 554 254 601 est
266 551 291 601 in
302 552 454 615 intelligente.
465 554 530 604 Unde
541 557 564 604 et
575 560 658 618 preter
671 557 840 620 processionem

58 620 111 670 terli
116 623 257 687 ponitnralia
266 623 381 686 processio
390 623 415 673 in
424 624 517 688 divinis,
524 629 616 689 qnaeest
623 629 738 691 processio
745 629 837 681 arnonis.

82 696 108 743 ιι
114 697 212 759 primum
226 710 280 759 ergo
293 696 430 761 dicendum,
442 696 503 761 quod
514 712 560 747 non
572 703 607 748 est
620 700 773 751 necessarium
787 715 840 764 pro-

57 766 120 817 cedere
130 768 155 817 in
168 766 255 818 divinis
265 768 448 831 processionibus
461 768 486 818 in
499 768 633 821 infinitum:
649 771 763 834 processio
778 772 839 823 enim

57 845 133 897 preest
147 840 180 891 ad
195 839 272 903 intra,
285 839 310 889 in
325 840 474 891 intellectuali
487 845 580 904 natura,
595 842 728 893 terminatur
748 842 772 893 ic
788 857 841 907 prc-

58 910 138 963 cessione
151 910 288 961 voluntatis.

79 983 106 1030 ld
116 983 242 1034 secundnm
250 982 381 1047 dicendum,
390 980 451 1047 qnod
464 982 571 1047 quicquid
586 983 653 1034 estin
662 986 758 1049 lieo,est
770 987 838 1050 Dens,

56 1054 76 1097 nt
85 1054 138 1116 sopri
152 1058 275 1106 ostensum
283 1058 319 1103 est
328 1054 360 1119 (q.
371 1053 405 1118 3),
411 1052 472 1118 qnod
484 1068 531 1105 non
542 1054 654 1118 contingit
666 1055 691 1105 in
699 1056 750 1107 eliis
762 1058 839 1121 rebus,

56 1123 167 1191 etideoper
174 1124 305 1191 quamlibet
316 1126 485 1189 processionem
496 1140 602 1190 queenon
613 1131 648 1177 est
659 1128 686 1177 ad
695 1132 758 1180 extra
764 1142 840 1193 ‚rom-

53 1196 164 1249 nnnicntnr
180 1197 262 1248 divina
272 1200 363 1261 nature,
376 1212 424 1248 non
436 1201 514 1248 antem
527 1198 577 1249 aliae
586 1203 680 1249 nature.

81 1270 206 1322 lotentinm
223 1269 360 1333 dicendum,
374 1269 435 1333 qnod
448 1268 502 1319 licet
516 1270 541 1320 in
561 1271 608 1321 Deo
619 1284 665 1329 non
679 1270 708 1321 sit
725 1271 784 1321 alind
798 1285 838 1322 rn-

52 1337 113 1391 lnntes
121 1347 143 1393 et
152 1342 305 1404 intellectus,
314 1346 393 1392 temen
402 1342 430 1392 de
443 1341 531 1392 ratione
541 1342 666 1392 voluntatis
679 1344 702 1393 et
712 1341 842 1395 intellectis

53 1416 79 1458 est
88 1413 138 1475 prod
148 1413 313 1479 processiones
326 1428 376 1477 qnae
387 1416 440 1463 sunt
450 1414 576 1464 secundim
587 1414 699 1464 actionem
710 1414 838 1479 utriusque,

54 1494 71 1529 sc
81 1485 171 1536 hehmnt
183 1484 313 1536 secundinm
323 1484 444 1547 quemdam
456 1484 578 1535 ordinem:
597 1499 643 1535 non
658 1484 720 1553 enim
738 1488 772 1535 est
789 1500 842 1551 pro-

51 1558 108 1606 resto
117 1558 201 1609 amoris
213 1556 259 1607 nisi
267 1556 292 1605 in
304 1555 383 1606 ordine
395 1556 424 1606 nd
434 1557 604 1621 processionem
614 1558 696 1621 Verbi3
708 1556 766 1607 nihil
780 1557 842 1607 enim

53 1631 111 1684 potest
121 1631 243 1681 voluntate
255 1628 342 1691 amari,
354 1627 398 1677 nisi
411 1627 442 1678 sit
453 1627 479 1677 in
489 1628 607 1679 intellectu
617 1629 838 1700 conceptum38icnl

49 1697 105 1750 t'ilnr
114 1702 242 1753 attenditur
253 1699 348 1764 quidam
361 1699 416 1752 ordo
429 1698 498 1749 llerbi
509 1700 538 1749 ad
550 1699 688 1763 principium
702 1700 715 1751 i
728 1715 773 1765 qno
787 1714 840 1765 pro-

49 1772 108 1834 ont,
119 1773 171 1823 lieet
183 1774 212 1822 in
231 1771 317 1822 divinis
333 1770 363 1820 sit
376 1771 457 1820 endem
469 1770 597 1822 substantia
609 1772 740 1823 intellectis
752 1776 776 1822 et
786 1786 842 1823 con·

49 1843 109 1901 reptio
122 1845 272 1908 intellectds3
287 1844 321 1893 itn
335 1842 389 1893 licet
401 1843 425 1892 in
436 1845 483 1893 Deo
497 1843 526 1893 sit
539 1843 600 1903 idern
613 1845 719 1895 voluntas
738 1847 762 1893 et
774 1844 843 1893 intel-

47 1911 118 1979 lectus,
128 1922 211 1967 tamen
226 1916 281 1979 qnia
301 1915 433 1965 donatione
451 1914 535 1965 amoris
548 1917 583 1965 est
596 1916 656 1979 qnod
673 1930 719 1967 non
734 1917 841 1979 procedat

47 1983 81 2031 nisi
92 2000 104 2034 a
115 1988 271 2053 conceptione
281 1986 421 2050 intellectis,
433 1986 502 2037 habet
513 1986 599 2057 ordinis
611 1987 779 2039 distinctionem
788 2002 841 2053 pro-

48 2056 201 2112 cssionmoris
212 2059 228 2109 ιι
240 2058 386 2125 processione
400 2057 470 2108 Verbi
481 2058 507 2107 in
521 2057 623 2123 divinis.-

310 2190 312 2194 ’
333 2208 492 2263 inmensos
504 2210 542 2263 ιιι.

118 2339 212 2384 verrem
220 2335 339 2395 processio
348 2334 472 2380 americus
482 2335 570 2379 divinis
581 2336 613 2379 sit
622 2335 751 2393 pernerolio.

64 2457 94 2506 ,lc
101 2462 215 2522 qnantum
222 2457 258 2508 sic
266 2455 398 2521 proceditur
404 2454 449 2520 (l).
459 2454 554 2505 Videtur
562 2452 623 2517 qnod
631 2453 748 2517 processio
759 2450 842 2503 emonis

44 2540 57 2572 c
70 2529 151 2580 divinis
164 2530 201 2580 sit
211 2527 341 2592 generatio.
353 2527 419 2586 Quod
433 2525 497 2577 enim
511 2523 614 2589 procedit
631 2524 656 2573 in
670 2524 841 2575 similitudinem

44 2604 114 2650 incure
129 2602 157 2651 in
170 2600 319 2662 viventibus,
333 2598 415 2649 dicitnr
430 2601 579 2663 peroratum
599 2598 622 2647 et
635 2611 742 2645 noscens.
760 2596 803 2646 Sed
819 2596 842 2646 id

44 2674 86 2720 nod
98 2672 213 2736 procedit
224 2672 249 2721 in
258 2670 344 2721 dinnis
353 2684 395 2735 per
407 2672 500 2721 modnm
511 2668 604 2732 amoris,
615 2668 718 2732 pmccdit
727 2668 752 2717 in
762 2668 842 2718 simili-

51 2744 106 2793 t'rine
115 2750 216 2796 nntnrae
229 2743 281 2809 (2);
296 2742 354 2792 alits
368 2746 430 2793 esset
442 2746 576 2793 extraneum
594 2740 702 2790 instnrn
716 2740 807 2804 divino,
819 2743 843 2790 et
883 2758 885 2767 ¹

64 2863 91 2923 tl)
103 2870 137 2912 De
149 2866 195 2911 inis
211 2863 318 2923 etiami,
329 2862 407 2913 Serti„
418 2861 473 2907 dist.
487 2861 531 2922 13,
542 2866 586 2907 nrt.
599 2858 628 2915 33
640 2866 664 2907 et
679 2860 748 2906 Coot.
762 2861 844 2911 cecc,

44 2927 70 2969 ιιι.
84 2932 125 2988 lv,
140 2942 205 2986 esp.
224 2926 264 2970 23.

62 2999 90 3059 til
106 3002 176 3050 sient
190 3002 312 3056 impresse
324 2999 411 3055 passim
424 2998 525 3057 hebent,
540 3000 566 3042 nt
578 3003 603 3043 et
616 2996 723 3055 gothicc3
740 2994 780 3043 sed
795 3008 843 3041 ma-
