1992 3342
357 260 390 295 nn
405 260 447 295 nm
462 260 604 298 cocbttottt.
845 252 888 299 ltl

76 341 186 400 possunt,
197 334 244 384 nisi
258 334 334 397 dinuo
347 335 415 384 velut
425 348 469 384 suo
484 337 532 386 sole
546 336 699 399 illustrentur,
711 336 821 387 videlicet
833 340 887 389 ltec.

76 408 137 457 Sicut
149 420 207 469 ergo
220 406 252 455 ad
266 405 393 455 videndum
408 405 495 468 aliquid
513 406 661 470 sensibiliter,
677 420 724 457 non
745 412 781 458 est
795 422 889 459 neccsse

77 476 139 541 orto
147 477 259 527 uideatur
272 475 404 525 substantia
416 475 485 539 solis,
498 477 532 526 ita
543 478 571 527 ad
584 478 710 529 videndum
722 479 809 543 aliquid
822 480 890 530 intel·

78 548 196 610 ligibiliter
206 562 256 599 non
273 551 310 597 est
320 547 480 599 necessarium
490 549 553 612 qnod
563 549 668 601 uideatur
681 551 781 601 essentia
792 552 841 602 Dei.

114 618 148 667 ld
160 622 269 681 quanam
283 618 423 681 dicendum,
440 618 502 682 quod
514 619 573 669 visio
586 620 752 672 intellectualis
763 624 799 672 est
811 636 889 673 eorum

83 702 133 751 que
143 694 197 739 sunt
210 690 237 738 in
250 688 335 749 anima
345 703 387 753 per
400 702 468 739 suam
481 691 617 754 essentiam,
628 692 688 742 sicut
698 693 853 755 intelligibilia
867 695 890 743 in

82 759 207 811 intellectu.
226 761 266 810 Sic
282 762 432 810 antemlteus
441 764 477 810 est
486 761 511 809 in
522 762 600 813 anima
610 764 743 827 beatiorum,
752 776 799 814 non
812 768 890 814 antem

79 830 104 882 in
116 832 195 881 anima
209 832 353 894 nostra,sed
361 844 404 894 per
414 832 573 895 presentiam,
584 833 707 885 essentiam
715 838 739 884 et
753 834 889 897 potentiam.

373 967 600 1043 innectusxu.

84 1119 170 1161 lib-itm
182 1130 228 1173 per
238 1116 359 1160 rationem
367 1117 507 1188 muralem
517 1118 594 1163 Deum
603 1119 629 1162 in
638 1119 682 1163 bec
691 1120 741 1163 otto
751 1132 889 1175 cognoscere

422 1190 545 1233 possemus.

110 1302 146 1351 ld
165 1300 332 1351 duodecimum
342 1300 376 1348 sic
392 1299 524 1362 proceditur
536 1299 578 1365 (1).
594 1300 689 1351 Videtur
702 1300 765 1364 qudd
773 1316 814 1364 per
824 1307 890 1352 natu-

76 1373 148 1421 ralem
165 1372 285 1428 rationem
301 1370 375 1419 heum
391 1370 417 1418 in
430 1370 475 1419 bac
491 1370 540 1419 vita
554 1383 690 1431 cognoscere
707 1383 754 1421 non
767 1372 889 1434 possimus.

77 1443 140 1493 llicit
151 1443 216 1493 enim
226 1440 324 1492 Boetius
339 1439 365 1489 in
377 1441 419 1490 lib.
435 1440 467 1489 de
477 1440 587 1500 Coccei,
602 1438 663 1503 qudd
675 1456 689 1486 <r
700 1441 758 1490 ratio
771 1454 818 1490 non
831 1443 890 1507 capit

77 1516 208 1578 simplicem
218 1515 329 1565 formam.
343 1527 358 1559 >1
369 1514 431 1562 lteris
443 1517 522 1562 antem
533 1510 631 1563 maxime
646 1515 681 1562 est
692 1512 790 1577 simplex
803 1514 889 1577 torma,

79 1590 108 1634 ut
118 1586 185 1651 suprd
191 1590 316 1636 ostensum
323 1587 366 1634 est.
377 1585 436 1648 Ergo
443 1585 473 1633 ad
482 1583 533 1647 ejus
547 1584 700 1647 cognitionem
711 1584 770 1637 ratio
782 1586 891 1637 naturalis

79 1658 201 1721 pervenire
212 1670 262 1707 non
272 1658 359 1719 potest.

108 1734 132 1779 2.
144 1730 279 1789 Praeterea,
294 1726 384 1775 ratione
402 1725 502 1775 naturali
514 1725 563 1775 sine
577 1728 736 1789 phantasmate
750 1728 808 1778 nihil
821 1729 889 1779 intel·

76 1800 130 1861 tigit
141 1799 236 1860 anima,
252 1801 280 1847 ut
293 1796 379 1847 dicitur
391 1796 418 1845 in
436 1795 505 1845 tertio
519 1796 546 1845 de
563 1798 639 1849 anima
653 1798 694 1863 (1).
709 1800 754 1851 Sed
768 1800 823 1863 Dei,
837 1799 891 1849 clim

74 1870 294 1933 concorporem,
307 1870 446 1931 phantasma
462 1867 488 1916 in
506 1868 572 1918 nobis
589 1883 638 1919 esse
659 1884 707 1921 non
729 1874 812 1935 potest.
832 1872 891 1933 Ergo

75 1941 188 2006 cognosci
202 1954 253 1990 non
266 1943 343 2002 potest
357 1937 371 1987 d
385 1938 453 1989 nobis
466 1938 597 2000 cognitione
610 1942 717 2008 naturali.

104 2019 130 2063 a.
152 2014 286 2074 Praeterea,
309 2010 482 2073 cognitioque
504 2014 538 2060 est
556 2024 598 2073 per
615 2011 728 2061 rationem
749 2009 890 2072 naturalem,

73 2085 212 2138 communis
223 2087 259 2134 est
270 2083 339 2133 bouis
355 2087 380 2133 et
393 2082 472 2145 malis,
488 2082 546 2133 deut
560 2086 643 2132 natura
660 2082 694 2132 eis
705 2082 832 2132 communis
843 2086 891 2146 est,

71 2159 113 2208 sed
122 2155 231 2220 cognitio
239 2154 283 2203 ltei
293 2154 405 2217 competit
416 2147 507 2202 tantum
518 2154 597 2215 honis3
613 2152 668 2203 dicit
679 2151 740 2202 enim
752 2154 892 2217 Augustinus

71 2228 150 2291 primo
166 2227 203 2276 de
216 2226 298 2287 Trio,
313 2223 377 2287 qnod
389 2241 404 2272 «
412 2224 519 2273 humanat
529 2223 614 2273 mentis
625 2223 687 2273 acies
696 2223 796 2274 invalida
806 2225 831 2273 in
844 2230 890 2275 tam

71 2297 202 2349 excellenti
213 2296 266 2345 luce
281 2308 329 2344 non
340 2294 429 2357 figitur,
439 2293 484 2343 nisi
491 2307 533 2357 per
542 2293 656 2357 justitiam
666 2293 719 2343 lidei
728 2296 890 2345 emundetur.»

77 2372 139 2433 Ergo
149 2370 216 2419 Dens
225 2380 268 2430 per
282 2367 396 2416 rationem
410 2365 540 2414 naturalem
553 2365 661 2427 cognosci
674 2379 719 2415 non
732 2369 814 2429 potest.

103 2440 154 2489 Sed
167 2441 252 2489 contra
267 2440 317 2499 est,
330 2436 394 2499 quod
403 2434 486 2485 dicitur
493 2436 563 2483 Rom.
577 2436 601 2483 l:
616 2436 701 2495 «Quod
715 2441 793 2487 notum
804 2440 839 2487 est
851 2438 896 2487 bei

73 2511 228 2561 namtermm
241 2510 278 2557 est
288 2507 313 2556 in
325 2506 383 2569 illis,
398 2522 412 2553 n
425 2506 503 2568 idest,
519 2506 578 2569 quod
589 2507 741 2569 cognoscibile
750 2511 785 2558 est
795 2510 842 2559 beo
851 2521 892 2570 per
958 2570 961 2575 ,

73 2581 198 2632 monem
208 2578 349 2629 naturalem.

106 2708 138 2768 (1)
152 2710 188 2753 De
200 2708 240 2751 hls
252 2706 325 2750 etiam
334 2708 355 2763 Ι,
369 2705 448 2763 stat,
462 2704 515 2750 dist.
531 2705 554 2764 3,
568 2719 607 2761 qu.
623 2704 648 2758 1³
665 2714 688 2751 et
699 2720 768 2763 super
788 2707 892 2751 Bodtium

80 2772 110 2815 dc
125 2772 213 2819 Trito„
225 2781 268 2824 qu.
283 2766 306 2826 1,
322 2773 367 2811 nrt.
385 2767 409 2811 2.

111 2840 141 2901 tt)
150 2842 209 2894 onia
222 2840 317 2885 scilicet
325 2840 489 2895 phantesmata
506 2838 576 2882 ueluti
591 2838 696 2893 quedam
707 2837 827 2881 sensibilia
839 2838 893 2877 sunt

82 2902 106 2946 in
121 2904 206 2958 quibus
227 2909 255 2948 ut
276 2902 391 2957 exemplis
411 2900 529 2955 objecuim
549 2911 616 2943 suum
637 2898 767 2943 intellectus
786 2894 892 2948 inspicit,

83 2964 142 3009 sient
161 2966 250 3023 partim
262 2963 365 3020 ibidem,
377 2962 464 3020 partim
478 2966 535 3005 text.
549 2959 579 3003 39
593 2960 669 3005 uidere
681 2965 726 3003 est.
