1992 3342
216 212 246 247 ne
259 211 404 248 diurnorum
421 211 518 248 irinum
534 212 616 256 ouorn
632 211 736 250 merim.
828 203 872 249 861

107 287 143 350 Μ
158 286 281 336 seeundum
295 285 429 349 dicendum,
442 283 503 350 qubd
517 287 642 351 superbus,
660 287 749 338 ceteris
768 285 872 351 peribus,

77 357 151 420 magis
166 356 215 406 vult
226 357 319 407 subesse
339 357 465 421 superiori,
479 357 547 421 quim
567 357 683 422 inferiori,
694 359 733 408 sed
744 358 764 408 si
778 357 875 422 aliquam

77 428 236 481 excellentiam
254 431 405 491 eonsequutur
420 429 461 478 sub
479 429 594 488 inferiori,
615 445 685 494 quam
706 430 748 480 sub
765 429 879 492 superiori

77 501 186 564 consequi
201 515 246 551 non
260 500 345 563 possit,
360 500 432 562 magis
446 501 510 564 eligit
524 501 625 552 inferiori
638 503 744 565 subesse,
756 500 824 564 quim
838 515 875 550 su·

78 573 171 636 periuri.
181 571 219 621 Sin
234 572 304 634 igitur
311 585 358 622 non
371 570 414 620 suit
424 575 504 622 eontra
517 571 644 634 superbiam
658 573 800 631 demonum,
814 570 874 635 qudd

78 644 171 693 subesse
181 641 283 693 inferiori
295 643 417 692 voluerunt
430 642 454 692 in
468 642 520 705 ejus
530 641 681 707 prinoipetum
693 643 874 704 eonsentientes3

79 717 108 765 ed
122 717 166 765 boe
181 729 232 765 eum
243 713 372 777 prinoipem
385 719 408 764 et
424 715 502 763 ducem
516 713 599 763 bebere
620 715 738 778 uolentes,
755 718 781 763 ut
792 714 877 763 virtute

80 787 176 837 neturali
190 799 253 836 suam
269 785 371 835 ultimam
383 784 546 834 beatitudinem
560 791 765 848 commedendum
781 799 875 848 preser-

79 859 121 909 tim
139 858 191 922 quia
204 871 309 921 supremo
326 857 406 920 angelo
421 861 507 908 nature
526 856 605 907 ordine
621 857 689 908 etiam
707 862 762 908 tune
779 855 878 920 subjecti

81 934 154 982 erent.
335 945 339 950 ·
457 945 459 948 ·

111 1003 144 1051 bd
154 1000 245 1050 tertium
259 998 386 1062 dieeudum,
397 999 456 1063 quod
470 997 531 1050 sieut
543 997 610 1064 snpri
624 998 709 1048 dietum
723 1004 766 1061 est,
778 1001 875 1063 angelus

79 1072 207 1122 nonbibet
220 1069 304 1133 aliquid
317 1071 447 1128 retardans3
461 1069 502 1121 sed
511 1069 634 1121 secundum
650 1083 713 1121 suem
724 1074 795 1121 totum
805 1072 877 1120 virtu-

79 1147 126 1194 tem
137 1144 239 1192 movetur
252 1142 276 1191 in
286 1142 341 1191 iilud
354 1143 382 1192 nd
393 1143 453 1205 quod
467 1146 579 1202 moretur,
590 1141 638 1192 sine
649 1141 674 1190 in
683 1142 777 1200 bonum,
790 1143 838 1191 sive
851 1141 876 1190 in

80 1213 173 1262 malum.
189 1212 249 1272 Quia
261 1212 331 1276 igitur
344 1226 460 1277 supremus
475 1212 569 1275 angelus
584 1213 694 1276 majorem
711 1212 790 1262 habuit
808 1216 877 1263 netu·

79 1283 149 1334 rudem
162 1284 268 1334 uirtutem
276 1323 282 1344 ,
291 1284 358 1348 quim
368 1283 501 1346 inferiores,
513 1283 632 1334 intensiori
642 1287 705 1334 motu
719 1283 744 1332 in
758 1287 876 1346 peceatum

80 1355 198 1420 prolapsus
210 1359 259 1418 est3
272 1359 295 1405 et
306 1355 358 1405 ideo
369 1354 443 1405 iaetus
457 1359 493 1405 est
507 1355 575 1405 etium
590 1353 614 1404 in
627 1355 715 1404 malitia
729 1354 811 1417 maior.

373 1508 532 1560 inurendus
548 1509 587 1559 ix.

197 1622 282 1668 Utritm
292 1626 326 1668 tot
333 1626 497 1679 peccaverunt,
509 1626 565 1680 quot
573 1627 763 1680 personuerunt.

111 1739 145 1791 nd
159 1753 243 1790 nonum
255 1739 289 1789 sie
305 1739 440 1803 proceditur.
453 1739 547 1790 Videtur
560 1740 618 1804 qubd
633 1742 710 1806 plures
728 1747 880 1806 peemrerunt

80 1812 108 1862 de
118 1810 214 1874 angebo,
225 1811 292 1874 quim
301 1815 481 1875 permenserunt.
492 1811 559 1874 Quin,
567 1816 593 1862 ut
599 1812 654 1867 dicit
662 1812 818 1875 Philosophus
826 1812 861 1876 (1)
871 1829 878 1864 z

81 1899 95 1928 «
109 1882 194 1932 malum
207 1885 241 1932 est
257 1885 282 1932 ui
295 1882 319 1932 in
334 1883 445 1946 pluribus,
455 1881 540 1932 bonum
554 1887 579 1934 ut
591 1883 616 1932 in
628 1883 782 1946 paucioribus.
794 1900 808 1929 ι)

112 1957 136 2002 b.
146 1954 269 2016 Pretereu,
277 1954 365 2017 justitie
376 1955 399 2002 et
409 1957 529 2016 pennatum
538 1955 617 2005 eadem
626 1954 714 2004 ratione
723 1954 874 2005 inveniuntur

80 2023 105 2073 in
117 2023 204 2087 angelis
217 2029 240 2074 et
253 2023 384 2074 bominibus
389 2062 398 2088 ‚
408 2024 448 2074 sed
462 2024 486 2073 in
498 2025 628 2076 bominibus
641 2027 718 2090 piures
729 2025 878 2076 inveniuntur

80 2095 134 2144 muli
146 2094 212 2158 quim
224 2095 287 2158 boni,
302 2096 427 2145 seeundum
438 2095 493 2145 iilud
507 2095 631 2155 Eccles.‚1
644 2111 650 2145 :
664 2114 678 2144 u
688 2097 813 2146 Stultorum
826 2097 878 2148 ind·

81 2166 142 2217 nitus
159 2169 194 2216 est
206 2179 325 2216 numerus.
339 2183 353 2213 u
370 2167 428 2228 Ergo
440 2165 490 2229 pari
506 2165 630 2218 rationein
642 2168 736 2231 angelis.

114 2242 136 2286 3.
154 2241 269 2296 eruerer,
281 2237 355 2300 angeli
368 2237 538 2300 distinguuntur
551 2237 674 2288 seeundum
682 2251 790 2302 personas
804 2243 874 2290 etse-

81 2307 180 2359 nundim
192 2308 290 2358 ordines.
308 2309 333 2358 Si
345 2309 414 2373 igitur
432 2309 509 2372 plures
522 2322 624 2372 persone
637 2309 746 2372 angelice
763 2324 879 2361 remense·
981 2353 982 2368 ,

82 2385 148 2443 runt,
166 2379 254 2431 uidetur
276 2380 343 2431 etium
363 2380 423 2446 qudd
443 2395 490 2432 non
508 2382 536 2431 de
556 2381 660 2431 omnibus
678 2381 794 2432 ordinibus
810 2381 879 2446 aliqui

82 2455 254 2572 peesceddveeroffttra
269 2525 316 2586 est,
330 2523 389 2587 quod
406 2523 487 2574 dicitur
500 2524 538 2573 IV.
553 2526 622 2589 ssep,
640 2524 670 2572 Vi
685 2539 691 2573 :
708 2540 723 2570 n
740 2523 822 2573 Plures
839 2537 880 2573 no-

83 2593 170 2643 biscum
180 2597 233 2642 sunt
243 2593 310 2657 quim
320 2608 373 2643 eum
385 2594 437 2644 illis.
448 2612 462 2640 u
474 2595 542 2653 Quod
553 2594 673 2658 exponitur
681 2594 709 2644 de
719 2594 785 2644 bonis
792 2595 881 2658 augetis

83 2664 123 2730 qui
137 2669 190 2715 sunt
206 2665 323 2715 nobiseum
335 2665 359 2714 in
373 2666 483 2716 auxilium
490 2704 499 2730 ,
514 2669 538 2716 et
550 2667 578 2716 de
591 2665 657 2716 maiis
670 2666 710 2730 qui
723 2665 788 2716 nobis
800 2666 881 2716 adver·
969 2690 973 2699 ·

83 2741 171 2788 snntur.

117 2852 147 2916 (1)
166 2855 216 2900 Lib.
237 2856 259 2899 11
277 2856 399 2906 Etbe'eor„
417 2867 469 2912 cup.
490 2854 758 2916 5,grsoo-1at.,verin
779 2854 880 2912 antiquis

84 2929 137 2976 nep.
153 2916 181 2978 d,
197 2918 368 2985 ¹esequivuienter.
