1992 3342
221 242 225 247 ¹
295 271 328 306 uu
342 271 483 309 nxrsrmrrrs
498 272 540 309 our
556 274 581 309 ur
597 273 679 309 rurus.
844 264 890 310 1⁰9
989 312 990 319 ,

80 350 178 410 propter
197 344 300 409 mpsim
323 346 505 409 suppositionem
526 347 636 397 iesum:
661 346 769 411 quisuis
792 360 888 411 granum

79 417 139 467 initii
148 420 212 468 emet
223 417 321 480 rubique,
333 418 452 481 supposito
464 416 526 481 qnid
539 418 627 467 nulium
642 418 704 469 uliud
722 432 804 482 eorpus
817 422 887 469 esset.

80 491 125 539 Per
142 502 168 540 es
184 488 256 552 igitur
270 488 382 539 oouusnit
401 502 452 539 erse
472 489 558 553 utique
571 489 654 553 etiem,
669 490 759 553 mundo
778 491 824 540 tate
839 494 890 552 est,

79 562 141 624 quod
159 561 264 625 quantes
280 559 395 624 positione
412 560 474 610 iaetu
489 559 591 624 sequitu
603 560 660 610 illud
678 574 727 611 esse
743 561 837 626 ubique.
861 563 888 611 nt

81 633 126 683 nos
136 631 230 696 proprie
240 632 350 683 eonveuit
360 631 462 697 liso(1);
471 632 525 695 quia
535 632 686 695 quotcumque
696 634 746 683 loce
759 636 883 697 ponantur,
959 666 961 671 -

83 702 172 753 etism
188 708 330 767 ponerentur
349 702 442 753 infinita
459 706 544 766 preter
563 702 607 753 istu
623 718 673 767 oue
686 708 755 767 sunt,
774 708 890 768 oporteret

84 772 111 821 iu
127 774 228 825 omnihus
240 776 393 837 erroneum,
406 773 460 838 quis
473 772 531 823 nihil
541 776 616 837 potest
629 788 678 825 esse
692 774 736 825 nisi
747 788 788 838 per
801 774 887 837 ipsum.

83 843 120 893 Sis
132 843 202 908 igitur
214 859 265 896 eme
279 844 368 907 ubique
384 842 459 909 primii
473 847 499 894 ot
514 857 556 908 per
572 858 596 895 se
615 845 722 895 conuenit
738 847 798 907 Deo,
815 850 839 895 et
854 849 890 895 est

80 916 201 979 proprium
210 916 278 979 eius:
293 916 349 979 quin
362 919 516 979 quotcumque
529 916 578 965 losa
593 921 716 980 ponentur,
727 920 818 980 oportet
827 915 890 979 qnid

81 985 106 1034 in
122 986 226 1049 quotibet
245 986 276 1036 sit
297 987 359 1037 oeus
368 1022 377 1049 ‚
397 999 445 1037 uon
459 986 583 1035 seeundum
599 991 699 1050 purtem,
715 987 755 1037 sed
766 986 890 1036 seeundum

81 1070 193 1121 seipsum.

112 1128 147 1177 Ad
164 1128 265 1191 primmn
285 1140 341 1190 ergo
362 1126 498 1189 dicendum,
521 1126 581 1191 qudd
600 1128 728 1178 universale
749 1132 773 1178 et
793 1126 889 1177 materie

81 1197 155 1259 prime
168 1201 223 1247 sunt
233 1197 327 1261 quidem
337 1196 438 1260 ubique,
450 1198 490 1247 sed
502 1210 549 1249 uon
560 1198 684 1248 secundum
695 1197 756 1248 idem
768 1212 826 1248 esse.

112 1269 147 1318 Ad
160 1269 286 1318 secuudum
300 1267 436 1329 dicendum,
454 1266 515 1330 quid
533 1282 640 1319 numerus
653 1282 705 1317 cum
724 1269 753 1318 sit
771 1268 889 1331 urridens,

81 1354 129 1390 uon
143 1343 179 1390 est
190 1353 235 1403 per
245 1353 281 1403 se,
292 1340 334 1391 sed
347 1352 390 1402 per
401 1338 506 1389 residens
518 1339 544 1389 iu
554 1340 613 1389 loeo.
622 1341 669 1389 Neo
682 1342 717 1389 est
727 1342 789 1389 totius
798 1340 823 1389 iu
834 1352 891 1402 quo-

82 1410 137 1461 irtet
149 1414 332 1472 numeratorum,
346 1410 388 1459 sed
399 1409 524 1459 seeundum
534 1412 637 1473 purtem3
654 1413 677 1459 et
690 1408 723 1457 sio
731 1421 778 1457 non
790 1410 892 1472 sequitur

83 1480 143 1543 quod
156 1480 187 1530 sit
200 1478 277 1545 primd
291 1483 315 1529 et
327 1493 370 1543 per
381 1492 405 1529 se
420 1478 505 1543 ubique
518 1479 527 1545 (
545 1478 562 1543 ).

113 1552 147 1601 td
153 1551 248 1601 tertium
257 1549 394 1612 dicendum,
402 1548 463 1613 quid
469 1553 544 1600 totum
553 1562 636 1613 oorpus
645 1548 745 1599 universi
753 1550 788 1598 est
798 1547 891 1613 ubique,

85 1621 126 1670 sed
137 1635 182 1671 uon
196 1620 288 1685 primo,
312 1620 367 1684 quia
386 1633 433 1671 nou
452 1623 527 1671 totum
545 1622 581 1669 est
600 1619 625 1669 iu
646 1618 747 1683 quolibet
767 1618 829 1681 loeo,
852 1619 892 1670 sed

84 1692 204 1742 erundum
223 1705 278 1742 suas
292 1694 379 1756 partes.
391 1692 440 1741 Nes
450 1690 533 1741 iterum
546 1704 587 1755 per
600 1706 641 1755 se,
652 1690 703 1755 quir
720 1692 739 1741 si
752 1695 891 1756 ponerentur

82 1762 156 1828 uiqur
170 1763 216 1813 eliu
230 1763 297 1825 losa,
309 1776 356 1812 nou
369 1764 429 1811 esset
440 1761 466 1811 iu
477 1762 519 1813 eis.

111 1834 145 1883 td
157 1838 268 1897 quartum
284 1831 417 1894 dicendum,
430 1832 491 1895 quod
501 1832 520 1882 ei
532 1836 591 1882 esset
602 1846 683 1896 eorpus
692 1832 815 1896 infinitum,
828 1837 892 1885 esset

82 1903 177 1968 uirique,
188 1904 231 1953 sed
240 1903 366 1953 moundunr
378 1915 431 1951 suas
439 1905 531 1965 spartes.

111 1976 148 2025 Ad
159 1974 268 2038 quintum
286 1972 422 2035 dicendum,
437 1971 532 2036 quidsi
549 1976 608 2023 esset
621 1986 692 2022 uuum
707 1974 780 2023 solum
793 1975 890 2042 animal,

80 2045 156 2097 amma
170 2046 223 2109 eim
233 2048 296 2095 esset
308 2044 394 2108 ubique
408 2057 455 2094 uon
464 2044 538 2109 primo
549 2044 656 2108 quidem,
669 2044 710 2096 sed
720 2058 762 2109 per
773 2046 888 2098 accidens.
989 2054 990 2061 ³

108 2119 244 2169 Adsextum
252 2116 388 2178 dioendum,
396 2114 515 2179 quodcum
527 2115 691 2167 diciturenim
703 2115 786 2167 munbi
799 2115 889 2179 videre,

110 2270 143 2332 ii)
159 2272 215 2317 Non
224 2270 290 2326 quod
297 2267 392 2326 proprie
403 2269 433 2313 sit
443 2269 468 2313 iu
479 2270 546 2328 ioco,
559 2270 611 2315 oum
621 2270 643 2315 ei
656 2269 720 2315 iocur
731 2270 808 2326 potitis
821 2271 888 2330 adsit,
989 2308 990 2313 ,

79 2347 108 2381 sx
126 2330 361 2391 noetio‚1in.1.de
381 2330 517 2384 Trio.;sed
531 2331 661 2388 qniujuxte
675 2332 767 2377 modum
781 2342 827 2389 qno
844 2333 890 2379 diei

79 2410 221 2461 potestesse
233 2402 258 2447 iu
271 2404 334 2460 loeo,
347 2402 370 2446 ei
379 2403 499 2459 proprium
510 2409 546 2448 ost
557 2410 582 2447 ut
592 2404 622 2447 sit
633 2404 657 2447 in
667 2404 729 2447 omui
743 2405 804 2449 loeo.

111 2472 143 2535 (ἰ)
169 2472 232 2519 nudi
257 2472 328 2517 etiam
341 2478 420 2529 potest
436 2473 498 2528 quod
511 2473 563 2517 oum
577 2474 659 2518 dieitur
669 2472 727 2532 Sep.
743 2475 786 2519 xl:
802 2474 892 2519 Omnis

79 2538 107 2580 iss
117 2547 225 2583 amru
240 2533 400 2592 disposuisti,
415 2547 462 2579 uon
474 2535 606 2592 designetur
622 2536 670 2592 ipse
680 2545 793 2581 ‘numerus
810 2548 891 2582 nume·

79 2604 154 2656 ratus,
172 2598 215 2654 qui
225 2598 300 2641 rebus
311 2596 432 2650 inexistnt3
447 2597 487 2641 sed
498 2598 554 2643 ordo
565 2596 653 2643 tentum
664 2598 783 2656 sapientie
796 2600 836 2644 Dei
849 2610 892 2655 por
966 2594 969 2600 '

80 2672 148 2716 quum
167 2659 252 2705 omnia
268 2663 317 2703 tum
338 2658 437 2704 solerter
459 2666 483 2703 et
506 2659 563 2705 ssitd
585 2660 709 2718 disposuit,
733 2660 890 2717 metaphorice

79 2734 147 2767 mss
155 2720 285 2768 indicatur.
297 2722 347 2767 ries
360 2721 429 2776 porro
442 2732 538 2767 neeesse
550 2726 586 2767 est
596 2722 623 2767 de
638 2722 825 2779 goneruii'rsrum
833 2734 890 2767 oon·

80 2784 330 2830 ditiousiooumiilum
338 2782 611 2844 intedipere'iorrneiiter,
618 2786 722 2843 meroris
730 2785 758 2830 ud
767 2796 818 2829 eam
825 2784 889 2829 reete

82 2847 278 2904 mmodstur,
286 2858 330 2892 seu
341 2844 435 2901 proprie
446 2846 474 2890 de
487 2846 561 2903 pmuis
571 2858 629 2903 ques
638 2849 703 2903 jnxtu
714 2847 787 2903 onlpse
796 2846 889 2889 modum

81 2908 139 2955 listis
156 2911 191 2955 ibi
211 2909 299 2955 dieitur
316 2906 448 2966 innuisse,
467 2915 494 2952 ut
509 2908 533 2953 lu
548 2908 629 2955 tudem
642 2911 713 2954 verbe
731 2908 890 2953 Theodoretus

206 3054 224 3089 ι,
751 3036 765 3079 lo
