1992 3342
128 235 176 284 ddd
331 241 391 280 ran
408 243 431 292 r,
444 241 538 288 oum.
550 242 606 293 m,
617 241 674 280 aar.
688 243 725 280 rr.

126 319 213 374 tionem
225 319 318 384 dolonn,
334 331 380 370 nou
395 319 567 382 distinguuntur
579 319 656 383 plnres
666 316 777 383 muntia
793 319 879 370 cisium
896 335 931 372 se-
987 316 989 369 ἶ

125 390 224 444 cundum
234 389 383 442 dideremiam
396 389 450 439 eloi
463 394 490 440 et
499 389 638 454 πέρι-ἰωὰ
648 390 670 440 si
679 390 799 454 proprium
810 391 932 456 objectum

125 462 222 528 aliocujus
237 461 344 530 potentie
359 465 420 513 esset
436 461 537 515 album,
551 462 716 527 inquantum
731 461 840 524 aldum,
851 463 932 514 distin-

126 538 232 599 rueretur
251 533 352 599 putenm
366 533 440 584 risten
453 533 499 584 albi
510 533 524 583 i
537 533 639 598 petenda
648 533 723 583 risina
738 533 809 596 nigri.
824 536 932 586 Manifes-

125 609 175 658 tum
193 609 227 658 ert
240 616 315 658 anum
327 619 355 658 ex
370 605 454 669 dictis,
463 603 524 668 nubo
539 606 653 670 obiectum
666 605 783 670 appetitos
795 605 932 659 intellecliri

125 676 183 742 (qui
196 676 311 728 velundae
323 675 423 742 dicitnr)
434 679 468 728 cst
479 675 564 728 bouum
577 675 701 728 seeundim
716 691 866 729 communem
879 680 932 732 bnni

126 747 245 799 rationem.
264 747 328 800 llnde
349 747 373 798 iu
393 753 458 814 parte
471 747 611 799 intellectiva
627 748 743 812 appellus
761 763 808 800 non
824 750 931 802 diuiditur

126 817 251 871 secundina
272 819 441 872 distinctionem
463 819 590 884 adquorum
605 819 779 885 particularium
800 821 928 886 bonomm,

126 890 185 946 sicut
200 889 311 962 diuiditur
324 893 437 958 appetitus
454 892 592 957 sensilium,
609 892 649 958 qui
663 906 711 943 nou
726 893 825 959 respicit
847 895 931 946 bonum

125 962 249 1014 secordiam
265 977 407 1016 communem
421 963 546 1028 radonem,
558 965 599 1016 sed
611 965 724 1029 quoddam
736 964 878 1030 particulare
891 967 928 1017 be

126 1049 190 1088 num.
201 1036 265 1089 Unde
273 1035 325 1088 cium
335 1037 360 1088 in
374 1035 461 1102 augelis
473 1050 520 1096 pon
531 1037 562 1088 sit
574 1035 619 1088 nisi
629 1037 745 1102 appetitus
757 1035 927 1100 inlelleoliuus,
987 1081 989 1097 ‚

125 1119 205 1158 eorum
218 1107 332 1174 appetitus
345 1121 390 1160 uon
403 1103 550 1172 distinguitur
560 1122 602 1173 per
617 1107 753 1159 irascibilem
765 1108 791 1158 et
805 1109 930 1174 coucupis-

126 1177 230 1244 cibilcm3
247 1180 287 1230 scd
304 1183 404 1234 remanet
414 1179 544 1244 indiuisus,
554 1183 579 1230 et
589 1178 818 1230 recaturvolontoe.

158 1249 306 1316 deprimam
326 1264 379 1314 crgo
397 1251 531 1314 dicendum,
549 1250 610 1315 qnbd
626 1251 689 1301 iuror
707 1253 730 1300 el
743 1251 931 1315 coucupiscentia

126 1322 279 1388 metaphorice
295 1321 402 1374 dicuntur
418 1336 470 1374 esse
483 1324 509 1373 in
522 1322 674 1383 damonibus,
689 1321 749 1372 sicut
765 1326 790 1372 el
806 1323 843 1388 ira
857 1338 931 1389 quan-

125 1395 199 1458 doque
217 1397 263 1448 lico
277 1395 405 1448 attribuitur
418 1397 511 1460 propter
524 1394 695 1446 similibudinem
708 1393 814 1447 eneems.

157 1467 192 1518 dd
205 1468 332 1518 secundum
342 1467 475 1532 dicendum,
490 1467 551 1532 qudd
562 1480 626 1517 amor
638 1469 662 1518 ct
674 1466 796 1531 galldilllll,
804 1468 931 1520 secuudim

125 1537 186 1603 qubd
203 1541 257 1590 suut
274 1539 404 1604 passiones,
421 1540 474 1589 sunl
491 1540 517 1590 iu
534 1538 719 1604 concupiscibili,
738 1540 779 1589 sed
803 1541 932 1598 secundum

124 1609 185 1674 quod
199 1612 316 1661 nominant
330 1611 457 1676 simplicem
472 1609 596 1661 uoluntatis
610 1614 699 1670 actum,
712 1610 746 1659 sic
759 1615 815 1661 sunt
827 1613 853 1661 iu
866 1612 933 1664 intel-

124 1681 206 1732 lectiva
220 1685 292 1746 parte,
307 1685 374 1746 prout
388 1695 464 1734 amare
478 1685 513 1732 est
523 1681 581 1732 reite
594 1683 679 1732 bonum
692 1681 776 1745 alicui,
790 1687 816 1738 et
831 1686 932 1746 gaudere

125 1758 160 1804 est
170 1753 285 1817 quiescere
297 1752 435 1806 volunlatem
446 1755 470 1804 in
482 1753 557 1818 aliquo
568 1753 628 1804 bono
635 1754 721 1804 habito.
733 1755 933 1808 Etouiuersaliler

127 1824 185 1876 nibil
194 1827 276 1878 borram
285 1825 369 1877 dicitur
377 1827 405 1878 de
417 1825 503 1889 augelis
514 1824 637 1878 mundium
648 1826 792 1890 passionem,
805 1828 832 1876 ut
844 1833 933 1893 Augus·

128 1895 270 1958 benedicit,
288 1897 326 1948 lx.
344 1897 382 1947 De
395 1898 471 1948 civit.
487 1897 545 1947 Dei.

159 1968 193 2020 dd
211 1967 305 2018 tertium
324 1967 533 2032 dicendum,c1udd
553 1968 652 2032 ebaritas
670 1967 797 2020 secuudum
815 1969 883 2039 qubd
899 1975 932 2022 om

127 2039 213 2102 uirtus,
228 2052 274 2091 uon
292 2043 327 2090 est
343 2039 368 2089 iu
379 2037 562 2104 concupiscibili,
578 2038 619 2090 sed
634 2038 786 2090 inuoluptate
799 2056 805 2091 :
820 2055 876 2094 nam
892 2043 932 2094 ob

124 2109 210 2175 jectum
222 2109 402 2176 concupiscibilis
410 2114 446 2160 est
454 2111 539 2160 bonum
546 2110 678 2162 delectabile
689 2110 817 2162 secuudum
827 2126 929 2177 sensum
987 2104 988 2121 ³

127 2182 258 2246 hrrjusmodi
274 2185 350 2232 aulem
367 2195 413 2232 non
426 2185 460 2232 est
470 2181 557 2232 bonnm
566 2182 681 2245 diuinum,
692 2183 752 2246 qnod
767 2187 803 2233 est
816 2185 930 2247 objectum

125 2253 253 2305 charitatis.
268 2255 296 2304 Et
314 2255 392 2305 eadem
405 2254 491 2304 ratione
503 2252 624 2304 dicendum
638 2258 675 2304 est
688 2253 748 2318 qubd
763 2268 818 2319 spes
833 2271 882 2308 unu
896 2261 931 2307 est

126 2325 150 2374 in
169 2325 288 2391 irascibili,
304 2325 357 2390 qnia
375 2325 489 2388 objectum
510 2324 632 2385 irascibilis
649 2329 684 2376 est
702 2326 817 2395 quoddam
835 2329 931 2378 arduum

126 2396 187 2460 quood
197 2399 231 2446 est
242 2397 357 2458 sensibile,
372 2396 430 2448 circa
440 2398 498 2462 quod
511 2409 556 2447 non
568 2401 604 2448 est
616 2411 668 2462 spes
681 2400 781 2462 quumest
794 2398 880 2463 urtue,
890 2401 931 2450 sed

125 2465 183 2516 cirea
198 2467 291 2516 arduum
300 2467 409 2519 divinum.
427 2469 587 2532 Temperantia
600 2474 675 2520 alitem
688 2468 813 2527 secundiani
823 2470 886 2535 qubd
896 2475 932 2522 cst

126 2537 198 2588 uirtus
212 2539 319 2602 bumana,
336 2545 372 2592 est
386 2540 445 2590 cinca
457 2539 662 2606 concupiscentiam
673 2541 841 2592 delectabilium
857 2545 930 2594 sensi-

125 2607 283 2674 bilemque
300 2611 414 2675 pertinent
436 2613 463 2663 ad
482 2611 529 2661 rim
547 2612 762 2678 concupiscibilem
780 2617 804 2664 et
825 2613 931 2665 similiter

127 2679 236 2730 fortitudo
249 2686 285 2731 est
300 2682 359 2732 circa
372 2683 480 2733 audacias
492 2683 631 2747 submoues,
644 2699 695 2749 qum
708 2688 762 2735 sunl
775 2683 799 2734 iu
810 2685 928 2736 irascibili.

124 2749 153 2798 lit
165 2749 217 2799 ideo
234 2752 382 2814 temperantia
396 2753 521 2804 secundum
533 2753 593 2816 qubd
605 2761 642 2806 est
652 2755 723 2807 uirtus
737 2757 846 2820 humana,
857 2761 894 2807 est
907 2757 929 2807 iu

125 2819 308 2884 concupiscibili,
328 2824 351 2870 et
365 2824 472 2875 fortitudo
493 2825 518 2874 iu
534 2825 651 2878 irascibili.
671 2827 717 2878 Sed
735 2827 863 2894 lrocurodo
884 2841 928 2878 nou

124 2893 177 2938 sunt
190 2890 212 2936 in
223 2889 319 2950 augelis.
335 2895 388 2943 Non
403 2895 464 2945 enirn
482 2896 505 2944 in
518 2897 553 2946 eis
563 2903 618 2948 scrut
628 2899 747 2963 passiones
765 2901 930 2962 cuncupiscen-

123 2957 220 3019 ciarum,
234 2959 271 3008 vel
284 2959 373 3016 timuis
385 2969 410 3016 el
424 2968 536 3032 audeoim,
556 2983 614 3033 ques
627 2974 731 3035 oporteat
741 2984 784 3034 per
796 2973 930 3034 temperan-
