1992 3342
254 246 285 284 ns
300 243 375 284 mro
390 241 542 283 mmanunre
557 241 691 282 unum.
826 233 872 282 iot

359 395 520 454 numnius
535 402 574 452 111.

122 524 208 572 Utrum
215 517 732 640 wffifflussmgwmffum
738 517 817 576 ''⁸⁰⁹¹''

100 703 232 762 Antonium
246 703 279 754 sic
286 701 414 770 proceditur
420 701 465 768 (l).
477 700 573 752 Videtur
581 699 642 764 quod
655 699 783 766 superiores
796 701 873 765 angeli

68 792 114 828 non
130 776 259 844 intelligant
271 789 312 840 per
322 774 412 840 speeies
422 771 495 837 magis
505 771 646 823 uniuersales
658 771 726 836 quim
741 771 872 824 inferiores.
899 813 901 819 ,

69 847 200 899 Universale
214 846 277 898 euim
286 858 337 896 esse
346 843 437 894 videtur
451 843 512 908 quod
521 840 716 906 iperticularibus
725 842 872 897 abstrahitur.

68 919 112 970 Sed
124 917 198 982 angeli
217 931 263 967 non
273 915 402 979 intelligunt
412 928 452 978 per
466 913 578 985 speciesa
587 913 657 964 rebus
666 914 809 976 abnam:
819 928 873 979 crgo

69 1003 115 1042 uon
125 992 201 1054 potest
212 987 256 1039 dici
269 987 330 1052 quod
343 985 434 1052 species
443 984 574 1038 intellectis
584 983 683 1050 angelini
693 985 741 1036 siut
753 985 825 1051 magis
836 986 874 1037 uel

68 1061 145 1112 minius
158 1059 308 1112 universales.
671 1051 676 1058 '

100 1139 125 1184 a.
145 1133 269 1194 Preoerea
288 1131 348 1196 quod
368 1129 513 1194 cognoscitur
529 1128 557 1178 iu·
574 1126 681 1194 speciali,
695 1127 819 1195 persenilis
834 1143 874 1182 co-

69 1205 187 1270 gnoscitur
197 1203 265 1268 quim
275 1201 485 1267 quodcognuscitur
494 1201 520 1250 in
528 1199 662 1264 uniuersali,
671 1198 725 1264 quia
735 1212 875 1264 cognoscere

69 1275 155 1340 ahquid
167 1275 192 1325 iu
202 1273 326 1326 universali
338 1277 373 1324 est
388 1273 553 1338 quodammodo
564 1271 664 1323 medium
676 1271 735 1322 iuter
749 1271 873 1336 maenium

70 1351 95 1398 et
103 1350 187 1397 autum.
195 1345 218 1396 Si
227 1359 281 1410 ergo
290 1344 365 1408 angeli
373 1344 502 1408 superiores
510 1346 650 1407 cognoscunt
658 1355 700 1407 per
709 1342 795 1393 lormcs
801 1343 875 1408 magis

69 1419 212 1470 universales
226 1417 294 1482 quim
309 1417 439 1480 interiores,
457 1413 560 1478 sequitur
572 1413 633 1479 quod
649 1413 724 1485 augeli
743 1414 874 1478 superiores

69 1491 170 1542 habeant
183 1487 302 1540 scientiam
320 1485 391 1551 magis
406 1485 564 1552 imperfectam
577 1482 796 1548 polonienses:
813 1488 874 1551 quod

69 1565 108 1613 est
120 1559 294 1612 inconvenieus,

104 1637 127 1682 3.
143 1633 270 1695 Praeterea,
282 1629 343 1682 idern
354 1642 400 1681 non
410 1632 489 1694 'potest
501 1642 553 1680 esse
566 1628 658 1694 propria
671 1627 728 1679 ratio
740 1628 872 1682 multorum.

69 1705 116 1757 Sed
132 1703 153 1755 si
163 1703 262 1768 angelus
270 1702 374 1768 superior
388 1705 510 1766 cognoscat
524 1715 567 1766 per
582 1714 654 1751 unam
670 1700 766 1752 formam
782 1701 876 1751 univer-

69 1777 142 1828 salem
152 1775 252 1839 diversa,
267 1787 318 1840 que
331 1773 424 1825 inienor
440 1774 534 1837 augelus
550 1771 668 1837 cognoscit
681 1785 724 1838 per
739 1773 817 1837 piures
829 1773 876 1839 ior-

70 1861 119 1898 nras
130 1847 255 1911 speciales,
265 1846 367 1911 seqnitru
375 1845 434 1910 qn'od
444 1844 539 1908 augelus
550 1843 654 1908 superior
663 1843 736 1894 utitur
745 1843 792 1894 nul
804 1841 876 1894 sormi

68 1919 195 1970 nmoerseli
212 1919 240 1968 ad
256 1917 415 1982 cognoscenda
434 1917 532 1966 diuersa.
551 1915 610 1979 Ergo
624 1929 672 1966 non
688 1915 773 1980 poterit
792 1916 877 1966 habere

68 1991 185 2056 propriam
199 1989 351 2054 coguitionem
364 1989 391 2039 de
402 1992 498 2053 uimque
510 2003 517 2037 z
527 1987 588 2052 qnod
600 1987 691 2038 videtur
703 1986 875 2038 inconvenieus.

101 2062 147 2112 Sed
165 2063 246 2110 contra
260 2063 311 2120 est,
326 2061 385 2124 quod
403 2058 456 2109 dicit
468 2057 605 2123 Dionysius,
616 2057 668 2108 llll.
681 2069 732 2122 cap.
753 2055 878 2121 Anpelicoe

71 2133 141 2198 (sive
157 2131 280 2196 coekstis)
294 2129 434 2191 plecteret„
450 2129 510 2196 quod
523 2129 675 2195 «superiores
692 2128 766 2193 angeli
781 2128 877 2193 partin-

71 2209 128 2270 paut
146 2203 265 2254 alentiam
279 2203 353 2266 magis
365 2203 389 2254 in
404 2200 545 2264 universali,
558 2201 625 2266 quim
637 2199 799 2264 interiores3»
816 2204 840 2251 ct
852 2200 877 2252 in

71 2276 113 2326 liu.
128 2277 166 2328 De
178 2276 261 2324 consz's
274 2273 365 2336 dicitnr,
379 2273 491 2344 proposit.
506 2275 541 2337 ll,
552 2271 612 2338 quoo
624 2289 638 2320 u
651 2270 727 2336 angeli
746 2271 877 2337 superiores

72 2348 159 2398 habeut
171 2347 255 2397 lennes
269 2343 342 2409 magis
352 2345 503 2396 universales.
515 2360 529 2392 u

105 2419 271 2481 (conanum.
286 2445 317 2462 ι·
328 2416 408 2481 lngeli
421 2415 506 2480 quanto
524 2412 653 2482 superiores
667 2418 734 2478 suut,
751 2413 815 2466 unio
835 2425 877 2480 per

72 2491 164 2558 species
176 2489 352 2541 universaliores
366 2488 522 2553 intelligunt.)

105 2562 243 2626 llespondeo
254 2563 388 2624 dicendum,
400 2559 460 2626 quid
471 2561 555 2613 euhoe
566 2564 622 2612 sunt
633 2561 660 2611 iu
671 2559 740 2612 rebus
753 2559 829 2625 nique
839 2574 878 2611 su-

73 2635 181 2698 periora,
191 2631 250 2697 quid
265 2638 318 2684 sunt
326 2635 368 2684 uui
378 2633 452 2699 prium
466 2633 536 2698 (quod
550 2635 586 2682 e'st
597 2629 668 2697 liene)
679 2631 841 2698 propinquiora
854 2634 878 2684 et

108 2786 143 2852 (l)
156 2791 188 2836 De
208 2791 244 2836 luis
260 2791 330 2838 etiam
343 2792 368 2837 ln
387 2793 419 2851 11,
437 2792 519 2842 Senot„
531 2787 585 2836 (list.
600 2789 628 2850 3,
643 2801 684 2848 qu.
701 2788 729 2847 ³,
748 2793 793 2838 ert.
808 2787 839 2843 ἲς
853 2792 878 2834 et

77 2852 172 2899 Contra
187 2854 267 2913 θοή,
281 2855 323 2902 lib.
335 2857 370 2916 Π,
382 2867 435 2912 cop.
446 2853 489 2908 ao;
505 2859 530 2900 et
542 2865 583 2912 qn.
594 2852 625 2914 ⁸,
637 2853 666 2899 (le
678 2853 757 2912 verit,
772 2853 817 2898 art.
832 2849 875 2906 105

74 2922 101 2962 et
115 2915 204 2976 Opunte.
218 2917 268 2978 111,
281 2929 334 2976 nup.
346 2935 353 2973 ς
367 2917 398 2963 ’18
410 2921 435 2964 et
445 2917 470 2964 in
480 2918 523 2964 lib.
536 2917 572 2964 Do
587 2918 683 2969 min
694 2914 751 2963 loct.
763 2912 793 2978 ὃ,
805 2909 878 2963 sold

74 2984 100 3026 et
114 2977 143 3036 ὅς
159 2985 184 3028 ct
197 2979 312 3044 leet-1⁰,
324 2980 466 3029 eulaeus.
