1992 3342
338 229 370 265 ns
385 229 523 266 vecturum
538 231 587 266 nur.
816 221 860 268 319

59 311 131 358 essent
140 319 310 372 supervacue,
320 319 371 369 quae
378 317 459 355 causas
470 305 597 370 aliquorum
610 305 735 358 ellectunm
746 307 860 370 umignerc

58 379 157 429 nituntur
170 395 177 427 :
192 377 258 442 quen
268 376 545 440 uncturinconrcnicns3
562 381 596 428 cst
608 377 677 440 igitur
690 378 806 442 assignare
820 380 862 429 ali·

58 463 122 512 quum
133 463 233 500 cnnsnm
245 448 372 498 voluntatis
384 448 477 499 livine

89 524 110 568 t.
122 522 260 583 Praeterea,
276 520 337 583 qued
351 519 377 568 llt
387 519 401 567 i
412 521 512 583 volente,
526 533 573 570 non
586 525 678 584 propter
690 521 789 585 ellonem
808 535 861 572 oau-

59 605 114 655 sam,
121 593 241 656 dependet
249 605 279 642 ex
287 591 511 654 slmpIIcimluncnte
522 592 581 656 ejus.
592 593 616 643 Si
628 593 698 656 igitur
708 594 813 644 voluntas
820 593 861 644 Ilei

60 663 310 727 cosmoentnliquum
323 675 426 725 cansam,
442 662 544 727 sequitur
558 663 617 728 quod
630 665 706 714 omnin
722 679 771 728 que
787 665 844 714 liunt
852 703 860 729 ,

59 735 200 797 dependeant
210 749 242 786 ex
252 733 354 798 simplici
364 733 415 798 ejus
422 735 551 798 uoluente,
563 738 587 785 el
594 747 641 786 non
648 735 749 786 habeant
762 735 860 800 aliquam

59 821 146 858 eannm
156 809 247 859 sliam:
263 808 324 872 quod
340 811 376 858 est
390 807 566 859 inconveniens.

89 878 131 929 Sed
154 884 239 930 centn
257 882 295 930 est
312 881 373 942 quod
391 879 448 929 dicit
467 880 606 942 Augustinus
626 879 651 929 in
671 880 712 930 lib.
735 881 859 944 LXXXIII,

59 955 135 1011 quest
146 954 160 1000 l
172 952 209 1015 (l)
221 967 228 1000 ε
241 969 256 1000 «
265 951 424 1002 Omniecnusa
433 951 537 1002 efficiens
547 951 621 1016 major
634 955 669 1003 est
682 966 710 1003 eo
721 954 781 1016 quod
789 953 861 1003 effici-

59 1026 111 1084 tur3
124 1022 185 1072 nihil
205 1027 286 1073 nutem
306 1023 384 1088 nujus
399 1027 434 1073 est
449 1025 568 1074 uoluntate
583 1024 645 1074 Ilei:
661 1037 708 1074 non
725 1037 780 1088 ergo
793 1039 861 1076 muse

59 1093 110 1154 ejus
121 1095 246 1157 memnii
259 1096 303 1144 est.
319 1110 334 1140 »

89 1164 352 1226 (cormesio-clm
366 1166 426 1217 lleus
435 1167 505 1217 unico
518 1170 542 1217 et
554 1165 721 1229 slmplicissimo
738 1169 790 1216 ectu
806 1167 862 1216 rellt

58 1235 136 1285 omnio
147 1237 172 1287 in
186 1251 229 1287 sun
239 1236 358 1302 bonitate,
368 1238 419 1301 ejus
426 1238 551 1288 uoluntatis
560 1238 623 1286 nulla
629 1249 720 1300 prorsus
729 1249 797 1286 causa
807 1238 861 1300 est.)

87 1310 228 1373 Respondeo
246 1309 382 1372 dicendum,
400 1308 459 1374 queo
475 1309 620 1361 nullomodo
637 1306 742 1358 uoluntas
754 1307 796 1357 Ilei
809 1321 862 1358 carr-

58 1393 104 1429 sum
118 1381 199 1431 habet.
214 1381 249 1431 Ad
262 1383 329 1447 cujus
342 1380 481 1431 evidentiam
488 1379 677 1431 considerandum
687 1381 731 1441 est,
740 1378 800 1440 quod
810 1378 862 1428 elrm

57 1451 164 1502 voluntes
176 1455 332 1515 consequatur
345 1451 498 1516 Intellectum,
514 1452 594 1502 eodem
606 1451 673 1500 modo
689 1449 801 1511 contingii
812 1463 861 1500 esse

57 1536 149 1573 cauum
161 1522 263 1587 alicujus
274 1522 384 1586 uolentis,
397 1527 423 1572 ut
431 1523 500 1586 uelit,
512 1527 535 1572 et
551 1521 647 1586 alicujus
660 1519 821 1583 intelligentis,
836 1525 862 1570 ut

57 1592 180 1658 iutelligst.
196 1595 225 1644 In
239 1594 358 1644 Intellectu
370 1597 447 1644 autem
460 1593 493 1643 sic
506 1597 554 1656 est,
571 1591 632 1657 quid
647 1592 667 1642 si
680 1605 781 1642 seorsum
795 1590 863 1642 inlel-

56 1664 111 1727 ligat
124 1665 268 1730 melitium
280 1668 304 1714 ct
316 1678 418 1715 seorsum
431 1664 614 1726 conclusionem,
631 1662 782 1726 intelligentia
798 1662 861 1728 prin-

56 1735 110 1798 cipii
119 1741 157 1787 est
167 1749 239 1787 musa
247 1735 349 1786 scientie
358 1735 510 1786 concluslonis
525 1751 530 1784 z
544 1736 584 1786 secl
596 1735 615 1785 si
630 1734 761 1785 intellectus
773 1734 799 1784 in
811 1735 861 1799 ipso

55 1806 171 1871 principio
183 1807 311 1870 Inspiceret
323 1807 502 1869 conclusionem,
520 1821 566 1858 uno
584 1806 668 1856 intuitu
687 1808 862 1870 apprehendens

55 1880 189 1942 utrumque,
197 1879 226 1928 in
235 1891 264 1931 eo
272 1877 369 1928 scientia
382 1877 534 1929 conclusionis
548 1891 594 1928 non
608 1882 739 1928 causaretur
753 1879 781 1928 ab
795 1877 862 1928 Intel-

55 1950 116 1999 lectu
128 1948 301 2015 principiorum
313 1948 381 2014 (quin
394 1949 455 1999 idem
473 1963 519 2000 non
535 1953 569 2000 est
587 1962 654 2000 cause
673 1947 785 2013 suipsius)
799 1968 804 2004 ;
822 1951 862 1999 sed

55 2029 134 2072 temen
148 2019 294 2082 intelligeret
303 2020 416 2084 principia
428 2034 478 2072 esse
489 2032 567 2072 causas
581 2019 741 2071 conclusIonIs.
753 2017 862 2068 Similiter

53 2097 133 2144 estex
149 2097 220 2158 parte
237 2092 374 2155 voluntatIs,
392 2090 453 2142 circa
474 2105 542 2156 quam
556 2092 589 2143 sic
604 2106 628 2142 se
646 2092 716 2141 habet
729 2090 780 2140 llnis
793 2090 822 2140 ud
835 2103 862 2140 ea

55 2179 106 2227 *rue
117 2171 176 2216 snut
192 2164 225 2214 ad
242 2160 316 2212 finem
325 2200 334 2226 ,
350 2163 409 2213 sicut
426 2163 451 2212 in
467 2162 586 2215 intellectu
598 2163 711 2228 principia
731 2163 759 2212 ad
773 2163 863 2212 conclu-

88 2329 121 2389 (ί)
138 2333 186 2378 Vel
204 2330 241 2374 sic
257 2329 361 2389 plenius,
378 2341 419 2386 qn.
434 2329 465 2373 27
478 2347 484 2374 ι
498 2329 549 2386 Qui
564 2329 651 2387 queret
668 2341 742 2386 qnare
756 2328 863 2374 noluerit

53 2392 121 2437 Deru
133 2393 261 2438 mnodum
271 2392 368 2452 socero,
381 2405 479 2437 coucam
491 2393 580 2449 queret
595 2392 729 2437 voluntatis
744 2390 798 2438 Dei.
816 2391 862 2437 Sed

52 2457 136 2501 emto
150 2469 229 2501 ceusu
247 2455 351 2514 efficiens
366 2459 399 2500 eet
415 2473 423 2499 :
439 2459 597 2500 monentem
609 2453 816 2512 efficieoc‚mojuc
830 2459 863 2499 est

52 2519 130 2574 quan
145 2519 176 2563 id
194 2516 261 2576 quod
277 2517 390 2576 officitur.
411 2519 456 2564 Ubi
468 2530 517 2562 nou
530 2530 559 2562 eo
571 2529 639 2562 sensu
656 2517 758 2576 efficiens
773 2517 863 2562 videtur

52 2581 162 2637 usurpari
179 2593 228 2637 quo
248 2579 394 2637 distinguitur
410 2581 439 2625 ab
457 2580 508 2625 allis
525 2591 646 2624 consenum
661 2581 800 2638 generibus,
814 2579 862 2624 etl

50 2643 121 2688 clunii
135 2641 291 2700 nouriuntim,
305 2648 331 2687 nt
341 2655 371 2686 ex
381 2641 432 2699 ipso
449 2642 560 2700 loquendi
574 2642 643 2686 modo
662 2647 725 2698 putet
739 2652 861 2698 perquem

49 2718 129 2750 rausa
137 2705 214 2752 Iunlis
228 2704 345 2749 indicetur
357 2701 458 2765 (scilicet
472 2717 548 2762 quere
557 2701 690 2763 vulneret),
700 2703 741 2749 sed
752 2716 780 2748 eo
792 2713 861 2748 sensu

50 2780 105 2824 ‹ruo
120 2770 214 2814 cuilibet
227 2779 308 2812 cause
318 2778 373 2812 suus
387 2768 485 2812 ellectne
498 2767 671 2823 correspondet.
690 2767 726 2811 Sic
738 2767 798 2810 euim
810 2764 861 2808 llnis

48 2845 77 2875 ιη
95 2831 186 2876 uokute
197 2830 289 2886 aliquid
300 2828 356 2874 lacit
367 2841 409 2885 per
421 2830 545 2886 Impulsum
567 2829 627 2874 illlus
639 2829 667 2874 ed
679 2829 800 2874 volendum
816 2843 821 2870 r
837 2832 861 2870 et

49 2896 91 2937 sic
110 2895 213 2948 multer
226 2892 291 2949 quid
308 2892 328 2936 ei
343 2891 395 2936 linls
411 2898 447 2937 est
463 2898 527 2937 extre
548 2893 678 2950 Deumque
696 2892 724 2937 ed
739 2890 859 2936 colendum

48 2955 195 3015 impellitur,
208 2956 287 3012 majm
297 2960 334 3000 est
345 2956 393 2999 Ileo
402 2962 448 3000 cte.
