1992 3342
144 230 189 277 ιιι
322 234 383 274 rm
399 238 423 286 r,
440 236 534 281 eumer.
551 236 634 287 nvn,
651 238 709 274 eurr.
726 238 764 275 nr.

144 316 189 368 erit
199 314 277 380 obque
286 315 331 365 elio
342 313 458 379 processio
469 315 498 365 eb
511 313 551 365 ille
562 313 607 365 elin
619 314 775 380 processione,
789 320 812 366 el
821 312 854 365 sio
867 322 932 379 proce

144 391 237 441 deretur
256 388 282 437 in
301 387 431 451 inlinitum,
451 387 512 450 qnod
532 390 567 437 est
587 386 763 438 inconveniens.
787 388 893 438 sendum
907 377 934 433 esl

144 460 214 524 igilur
223 460 248 511 in
259 460 330 525 prime
338 498 347 524 ,
356 463 382 509 ul
394 460 425 511 sit
436 472 483 509 une
491 459 581 509 testim
596 457 710 523 processio
726 459 752 509 in
766 459 856 511 divinis.

175 538 200 583 Ξ.
214 535 343 593 Preteree,
357 533 381 581 in
396 532 459 583 omni
474 535 556 582 nature
569 530 686 581 inuenitur
698 531 790 582 butum
803 546 862 583 unus
871 528 935 580 modus

144 603 355 655 communicationis
368 603 430 653 illios
447 607 549 666 nelme3
567 607 591 653 et
604 604 648 653 boe
665 599 718 653 ideo
733 607 783 668 est,
799 602 853 669 quie
872 612 934 666 opere·

144 676 219 727 tiones
236 676 364 726 secundum
383 676 496 727 terminos
514 676 599 725 hebent
613 673 725 725 unitatem
742 679 767 725 et
786 674 934 727 diversitatem.

144 748 190 798 Sed
200 746 315 811 prboessio
328 748 354 797 in
367 747 451 799 (lisinis
461 750 554 798 nonest
566 746 611 798 rrisi
626 746 750 797 secundbm
761 746 937 800 communicatio·

145 830 199 868 nem
212 818 295 869 dimne
305 822 401 869 nature.
412 818 468 870 Cim
479 818 550 881 igitur
561 818 591 869 sit
602 832 649 868 nnn
661 817 753 869 tnnlirm
767 824 852 871 nature
863 819 936 874 dirim

146 894 172 940 ιιι
184 904 253 954 supra
263 890 471 957 ostensumestll),
480 890 619 955 relinquitur
629 890 689 956 qubcl
700 904 745 941 une
757 891 788 942 sit
800 893 893 944 lentim
901 902 939 957 pre

145 961 219 1011 cessio
231 962 255 1010 in
269 962 363 1013 diuinis.

179 1037 201 1083 ι.
214 1034 341 1094 Ριωιιιιοι,
357 1034 378 1084 si
392 1032 422 1085 sit
439 1034 464 1084 in
477 1034 562 1085 ‹limnis
577 1034 621 1085 elie
638 1034 751 1099 processio
769 1034 798 1085 eb
817 1030 940 1098 intelligibili
960 1024 961 1091 l

146 1105 291 1169 processione
305 1106 390 1169 Verbi,
400 1120 446 1157 noo
458 1106 503 1157 erit
514 1106 559 1156 uisi
572 1106 687 1171 processio
699 1106 792 1171 amoris
809 1122 863 1173 qnae
877 1112 942 1159 estse
961 1148 962 1195 1

147 1176 248 1227 cunrlim
264 1177 389 1229 uoluntatis
401 1178 567 1243 operationem.
590 1179 636 1230 Sed
652 1178 703 1229 lulis
720 1180 841 1243 processio
857 1194 901 1231 uon
915 1190 942 1241 pe
961 1196 962 1199 ¹

146 1251 192 1299 test
205 1262 255 1300 esse
272 1250 317 1299 elin
332 1249 346 1299 l
364 1250 508 1315 processione
526 1249 657 1301 intellectis
676 1246 836 1317 intelligibili,
850 1251 903 1317 quio
915 1260 943 1296 ro
962 1273 963 1305 ι

146 1321 224 1372 lentes
240 1322 265 1371 in
278 1323 324 1373 lleo
339 1325 431 1373 nonest
447 1321 509 1372 ebed
523 1324 552 1373 eb
570 1323 700 1385 intellectu,
712 1325 737 1372 ut
753 1324 827 1387 cupre
844 1330 945 1376 ostensm

151 1396 186 1444 est
197 1393 243 1460 (tl.
260 1395 319 1457 Ergo
331 1394 357 1444 in
369 1397 416 1445 lleo
429 1407 476 1445 non
489 1396 525 1445 est
542 1393 586 1447 elia
599 1393 713 1461 processio
733 1398 819 1459 preter
835 1393 945 1462 processio
963 1397 964 1429 l

149 1479 203 1516 nem
216 1465 293 1516 llerbi.
489 1492 492 1497 ·

178 1538 225 1587 Sed
241 1541 320 1587 contre
333 1540 381 1600 est,
401 1536 463 1603 qnbcl
476 1536 574 1603 Spiritus
588 1540 680 1588 sanctus
693 1536 799 1601 procedit
813 1537 829 1588 e
842 1541 918 1598 Petro,
930 1542 948 1582 ιι
964 1523 965 1543 ’

147 1608 229 1660 dieitur
239 1610 312 1657 loon.
324 1609 372 1659 xv.
384 1610 435 1673 lpse
446 1612 525 1659 euwm
536 1612 571 1659 est
584 1608 640 1659 nlius
653 1608 667 1658 l
678 1608 749 1672 Filio,
757 1609 890 1661 secuncblm
904 1606 948 1657 illul
965 1647 966 1665 ,

148 1682 221 1730 leon.
241 1680 291 1732 lllll
305 1696 310 1729 :
326 1698 341 1727 c
354 1682 448 1743 Repello
465 1682 557 1731 Patrem
571 1694 661 1743 meum,
678 1684 703 1731 et
720 1681 791 1731 elium
811 1683 951 1733 Paraclelun

148 1751 211 1832 debit
219 1751 323 1873 sobebor
336 1754 394 1815 Ergo
405 1753 430 1805 in
441 1753 525 1805 diuinis
539 1756 574 1804 est
582 1754 627 1805 elie
635 1754 753 1819 processio
761 1758 857 1819 *preter
868 1766 951 1821 proces*

149 1836 238 1874 monem
269 1836 296 1875 er
311 1838 328 1874 1.

182 1896 382 1962 (coenonema-
389 1897 476 1948 Preter
483 1897 552 1948 Verbi
559 1897 633 1949 diuini
642 1898 810 1962 processionem
823 1902 954 1965 sequentem

149 1968 318 2033 intelligibilem
334 1968 384 2032 ejus
398 1969 566 2035 operationem,
577 1970 621 2021 elin
633 1970 737 2034 quedem
747 1970 833 2023 amoris
843 1970 955 2037 processio

151 2046 293 2107 estsequens
301 2041 416 2093 sotionem
430 2042 581 2107 voluntatis.)

182 2116 317 2179 Respondco
334 2113 468 2177 dicendum,
484 2110 545 2178 publ
559 2114 583 2165 in
597 2112 681 2165 dionis
695 2114 746 2165 duee
758 2116 812 2165 sunt
830 2115 959 2180 processio

152 2200 195 2237 nes
201 2224 210 2251 ,
218 2188 306 2238 scilicet
313 2186 429 2251 processio
441 2186 510 2237 Verbi
524 2190 547 2237 et
557 2188 663 2251 quedem
676 2187 730 2237 alie.
741 2187 776 2238 bd
787 2186 856 2251 cujus
866 2188 959 2239 eviden-

152 2258 207 2309 tium
220 2259 409 2311 considerandum
420 2262 456 2309 esi
468 2258 530 2323 quod
542 2260 567 2309 in
579 2259 663 2310 divinis
675 2263 768 2310 nonest
782 2262 904 2325 processio
921 2260 960 2309 nisi

152 2331 277 2381 secundum
290 2331 404 2383 actionem
415 2345 465 2396 que
483 2345 531 2383 non
548 2332 624 2383 tendit
638 2332 663 2381 io
682 2332 770 2397 aliquid
787 2333 960 2393 emesenum,

152 2404 193 2453 sed
206 2408 283 2454 mouet
293 2402 318 2453 in
332 2404 382 2469 ipso
396 2406 487 2466 egente.
501 2404 634 2469 liujusmodi
648 2407 725 2455 eutem
736 2404 796 2455 ectio
810 2404 836 2455 in
854 2405 965 2457 intellec-

152 2474 209 2525 tuali
221 2480 302 2526 nature
317 2481 352 2526 est
366 2475 425 2527 ectio
436 2475 569 2527 intellectis
581 2480 605 2526 et
616 2475 674 2527 ectio
684 2476 819 2527 uoluntatis.
839 2478 965 2528 Processi·

153 2550 231 2597 entem
244 2547 313 2598 Verbi
323 2546 448 2599 attenditur
457 2546 585 2599 secundum
598 2548 712 2598 sotionem
725 2547 918 2612 intelligibilem
931 2562 965 2597 se-

186 2710 218 2774 ιι)
233 2714 325 2762 scilicet
337 2721 419 2771 quest.
432 2713 476 2774 ιι,
489 2720 534 2761 ert.
550 2714 577 2773 3,
590 2714 631 2761 nbi
643 2714 753 2771 queritur
765 2727 795 2760 ex
809 2714 924 2773 professo
940 2728 966 2758 oo

155 2789 215 2822 unus
230 2778 292 2822 Dens
305 2777 410 2832 ιιιιιιιιιιη
425 2784 450 2823 et
461 2778 575 2835 probetur
587 2777 648 2835 qued
660 2790 731 2837 unus,
744 2778 801 2835 quin
815 2782 850 2824 eet
860 2788 913 2823 sun
927 2790 966 2823 ne·

155 2846 220 2969 Ἢ
234 2845 410 2966 ἓζιιιιιιιιιιοτ
427 2911 518 2957 tentbm
535 2916 559 2957 et
577 2911 687 2971 implicite
701 2919 784 2969 west.
805 2911 850 2971 ιι,
867 2918 924 2956 ure.
943 2914 955 2957 ι

155 2972 185 3017 ιιι
192 2973 217 3033 2,
223 2973 264 3018 ubi
273 2973 357 3018 clicilm
364 2975 394 3019 eb
401 2975 504 3020 eumelio
512 2986 560 3021 non
567 2972 685 3037 distingui,
695 2976 756 3022 siout
762 2986 808 3023 nec
817 2973 966 3023 intellectus
