1992 3342
179 207 209 249 uu
222 203 385 244 emunctione
396 205 581 246 scammum
593 207 652 246 aaa
664 207 766 248 marn.
824 199 871 247 tm

329 367 617 444 ouuanrounn.
720 446 723 453 k
777 435 781 449 1

63 504 106 550 De
122 504 275 564 parrsuttoru
293 503 438 562 augelorum
454 505 488 549 isa·
502 516 553 550 esse
569 505 673 563 gratius,
684 509 707 552 st
727 505 828 565 glareis,
843 506 874 552 ἑκ

286 603 290 610 ·
311 589 394 626 nouam
407 578 526 626 articulos
539 578 629 625 disten

102 719 274 784 cousequenter
291 717 473 784 inuesdgaadum
483 721 520 770 est
536 719 648 784 momoria
662 719 740 784 argeti
753 720 810 771 iacti
820 725 874 772 suut

66 793 95 843 in
108 806 162 842 esse
174 791 257 855 gratie
265 792 302 842 rel
313 791 399 856 glorie.

102 865 133 914 Et
145 863 207 914 circa
218 865 263 914 hoc
273 866 405 928 quemntur
417 876 501 915 norem
515 879 522 913 :
535 867 563 914 te
573 860 654 916 Utrum
665 862 741 931 augeli
752 863 840 915 ruerint
848 865 873 916 in

69 949 114 987 sua
130 935 244 986 creatione
255 935 324 986 beati.
339 939 366 983 2⁰
382 935 462 986 tiniam
475 935 613 1000 indiguerint
628 933 702 998 madi
712 937 740 986 ad
754 937 799 986 troc
811 935 873 1002 quon

68 1009 99 1058 ad
119 1009 191 1058 Deum
207 1010 398 1058 converterentur.
415 1011 440 1056 ³⁰
457 1007 536 1058 Utrum
555 1007 641 1058 inerint
656 1007 726 1057 creati
745 1006 770 1056 in
790 1007 871 1072 gratia.

69 1083 99 1128 t⁰
112 1077 192 1132 Utrum
206 1088 269 1129 suam
281 1078 444 1130 beatitudinem
457 1077 588 1130 meruerint.
603 1084 630 1129 ΒΦ
640 1078 720 1130 Utrim
731 1080 809 1130 stadm
820 1083 873 1144 post

69 1151 178 1202 meritum
190 1151 354 1202 beatitudiuem
364 1151 441 1216 adepti
451 1150 545 1201 ineunt.
558 1153 585 1199 6⁶
594 1150 674 1202 Utrdm
684 1150 778 1214 gentiunt
791 1155 815 1202 et
823 1153 872 1215 gio-

68 1223 129 1276 riam
154 1221 279 1273 seeundim
296 1222 443 1288 capacitatem
465 1236 556 1273 suenum
576 1222 714 1272 naturalium
733 1223 869 1286 receperint.

70 1301 99 1346 7⁰
110 1293 189 1345 Uadm
200 1294 253 1360 post
265 1293 449 1345 mnsecutioneur
461 1294 540 1358 glorie
553 1295 689 1344 remanserit
698 1294 725 1343 iu
735 1293 770 1345 eis
777 1294 871 1345 ditectio

69 1371 95 1418 et
113 1365 212 1430 cognitio
225 1363 343 1417 uatmalis.
357 1368 384 1416 ⁸⁰
395 1363 474 1418 unum
487 1365 632 1430 postmodam
642 1364 758 1429 potuerint
766 1379 870 1429 pecare.

70 1444 98 1490 9⁰
110 1435 191 1489 tttrdm
198 1441 251 1501 post
259 1437 402 1504 adeptionem
410 1437 488 1500 gioria
501 1435 617 1502 potuerim
625 1434 746 1502 pretium.

374 1581 533 1634 sanctius
544 1581 564 1632 i.

187 1695 274 1745 utrum
279 1697 374 1754 suerint
384 1670 464 1757 angeli
473 1697 501 1742 tra
508 1709 554 1742 aun
562 1697 682 1744 creatione
692 1697 762 1747 oratt

105 1827 137 1878 td
151 1825 248 1890 primum
263 1826 298 1876 sic
311 1826 438 1892 proceditur
452 1826 497 1892 (nt
507 1816 605 1876 'Videtur
617 1825 678 1891 qudd
696 1825 779 1890 angeli,
788 1825 875 1876 iruerint

73 1899 143 1950 creati
155 1898 392 1952 aestimatorum
403 1901 428 1950 in
441 1898 482 1950 tila.
494 1899 533 1957 De
541 1898 633 1950 Eccles.
644 1899 731 1963 dogm.
744 1897 805 1964 (cap.
820 1897 872 1962 59),

73 1970 135 2038 quid
151 1988 165 2018 u
179 1971 254 2036 angeli
266 1970 306 2036 qui
321 1972 346 2022 iu
360 1973 399 2022 ilia
416 1971 441 2022 iu
457 1983 502 2036 qua
516 1970 586 2022 creati
599 1974 653 2022 sunt
667 1969 808 2022 heatitudine
821 1983 874 2033 per-

73 2041 194 2103 severant,
212 2057 258 2094 non
272 2043 353 2096 naturt
367 2045 486 2109 possident
499 2044 583 2095 honum
595 2044 656 2110 quod
671 2043 764 2096 habeut.
782 2059 796 2090 o
814 2041 873 2095 Sunt

73 2127 127 2180 ergo
143 2113 219 2180 augeli
231 2113 301 2166 creati
318 2117 341 2167 in
352 2115 504 2172 beatitudine.
824 2116 826 2123 '

106 2191 130 2237 Ξ.
145 2187 274 2252 Preterea,
288 2191 370 2238 natura
382 2184 483 2250 angelica
496 2190 532 2240 est
547 2187 643 2238 nobilior
656 2185 724 2252 quim
740 2186 872 2252 corporalis.

75 2260 119 2310 Sed
128 2263 230 2310 creatura
244 2261 367 2324 corporatis
379 2261 456 2312 statim
467 2260 491 2310 in
501 2258 614 2324 principio
629 2273 677 2312 sue
695 2257 816 2315 creationis
829 2259 874 2312 init

75 2336 157 2392 ereata,
170 2331 265 2383 formata
275 2336 298 2384 et
306 2331 422 2397 periecta3
435 2340 479 2382 uec
489 2331 617 2383 informitas
626 2332 743 2399 precessit
755 2330 780 2381 iu
789 2344 816 2381 ea
827 2331 875 2382 ior-

75 2404 197 2456 nnationem
207 2407 320 2468 tempore,
332 2405 371 2455 sed
383 2402 463 2455 natust
471 2402 577 2467 tantiam,
587 2407 613 2453 ut
627 2402 765 2468 Augustinus
775 2403 844 2467 dicit,
853 2403 871 2453 1.

75 2477 156 2538 Super
168 2475 227 2526 Gen,
238 2475 273 2525 oct
285 2475 327 2525 tit.
339 2476 398 2540 Ergo
408 2487 450 2526 nec
462 2469 568 2525 natamus·
578 2475 701 2539 angelicam
715 2473 801 2526 creavit
812 2476 874 2540 Deus

76 2547 195 2598 intormem
210 2551 233 2598 et
246 2547 412 2611 imperfectam.
427 2545 472 2598 Sed
489 2545 540 2611 ejus
558 2545 663 2597 formatio
677 2550 701 2596 et
715 2546 825 2610 perfectio
838 2549 875 2598 est

76 2631 117 2684 per
134 2618 309 2679 beatitudiuem,
332 2618 458 2679 secundini
475 2616 538 2684 quod
556 2617 640 2669 fruitur
659 2619 707 2670 lieo
729 2632 735 2668 :
759 2631 813 2682 ergo
831 2617 875 2668 tuit

77 2693 151 2742 creata
162 2689 238 2740 beata

108 2765 131 2812 3.
145 2761 276 2824 Praeterea,
290 2759 414 2814 meantium
427 2760 595 2826 domninum,
606 2761 689 2826 Super
702 2759 763 2813 Gen.
780 2760 816 2810 ud
828 2758 873 2810 lr't.

111 2877 310 2991 (ίὲῦεπῑῗοθοιίεω
319 2882 344 2929 ia
354 2883 386 2944 11,
395 2881 474 2933 sna,
481 2881 539 2928 dist.
551 2881 582 2944 t,
591 2886 635 2928 art.
646 2880 673 2945 ig
685 2880 821 2940 attinuit..
830 2881 874 2943 lx,

79 2957 118 3003 qu.
152 2977 159 3006 ‚
246 2977 254 2990 .
