1992 3342
290 248 323 287 na
336 249 422 289 monor
436 248 603 290 andrunnun.
803 240 848 289 tro

66 324 153 385 monde
168 340 174 375 :
190 324 253 376 uode
271 325 396 377 seeundbuu
406 327 500 380 medana
509 324 654 391 intelligendi
666 326 730 392 prins
743 326 850 391 quiddam

67 397 202 449 ebbudbdo
209 397 302 461 diona,
312 398 381 463 quim
389 404 455 451 aetas
462 400 621 451 voluntatioin
633 412 661 450 ea
671 399 848 465 requiescentis3

67 468 181 521 elboeoon
191 470 383 534 potesteesenisi
396 474 460 523 adue
479 472 623 537 intellectis3
638 472 700 524 unde
718 474 742 523 et
753 472 779 521 in
797 477 850 523 aeto

65 537 175 593 inbleetals
189 542 317 594 attenditur
327 543 454 595 beatitudo.

340 682 497 735 sanctius
512 684 553 735 lli.

181 798 270 845 Utrdm
278 796 342 845 Deus
351 798 383 844 tit
392 798 511 845 beatitudo
520 798 646 857 eujetottbet
656 800 724 847 beoto'.

87 904 117 955 ld
126 908 222 958 tertinru
235 907 269 959 sio
283 907 414 973 proceditur
426 907 470 974 (l).
484 907 579 960 Videtur
593 908 654 975 qobd
673 908 732 961 Deus
750 908 780 961 rit
795 908 851 959 bea-

63 974 123 1028 titolo
140 980 266 1045 eujuslibet
279 979 350 1030 beati.
368 982 430 1031 Deos
444 980 506 1031 eninr
522 985 557 1032 est
576 995 690 1033 summram
705 982 804 1045 bonurn,
825 985 851 1031 ut

61 1047 119 1111 sona
131 1057 251 1103 ostensum
269 1055 312 1102 est.
326 1051 468 1116 Impossibile
482 1056 517 1104 est
532 1056 609 1103 autem
620 1066 670 1105 esse
683 1054 748 1118 plura
763 1066 851 1104 somma

61 1116 124 1184 bona,
138 1128 163 1173 ut
178 1124 252 1174 etiarn
265 1136 295 1174 ex
306 1122 463 1187 superioribas
474 1126 548 1189 patet.
563 1126 618 1176 Cum
634 1124 703 1188 igitur
718 1125 746 1175 de
762 1124 851 1175 rationo

62 1187 196 1247 beatitudinis
213 1195 244 1246 sit
261 1194 322 1261 qobd
337 1195 368 1246 sit
379 1209 494 1247 monium
510 1196 604 1261 bonum,
617 1196 707 1247 videtur
720 1196 781 1262 qubd
797 1197 852 1249 beo-

58 1262 120 1317 titudo
127 1283 173 1320 oon
187 1268 220 1320 sit
234 1268 297 1319 abod
309 1265 378 1332 quim
391 1270 459 1321 Deus.

85 1341 105 1389 i.
121 1342 238 1393 neuter
243 1378 253 1405 ,
273 1340 393 1391 beatitudo
405 1345 440 1391 est
455 1340 509 1392 finis
521 1340 637 1393 rationalis
650 1342 736 1392 nature
749 1340 851 1393 ultimus.

58 1406 95 1459 Sed
107 1424 154 1464 esse
167 1413 277 1465 ultimum
288 1412 359 1463 finem
372 1413 489 1464 rationalis
502 1417 589 1464 natura
601 1411 644 1464 soli
660 1414 707 1464 ileo
722 1413 850 1464 convenit:

57 1492 102 1543 ereo
110 1485 232 1535 beatitudo
245 1483 370 1549 cujuslibet
382 1483 444 1534 beati
457 1488 492 1535 est
512 1486 572 1538 solos
583 1486 650 1535 boos.

82 1553 120 1605 Sed
131 1561 223 1607 eontra.
235 1555 359 1606 Beatitudo
372 1553 441 1607 ubios
459 1559 495 1606 est
507 1560 580 1619 major
592 1554 731 1608 beatitudine
745 1554 851 1620 alterius,

53 1627 169 1679 borodim
184 1628 269 1678 illudi
284 1626 400 1680 Corinth.
421 1628 481 1677 xv:
503 1644 517 1675 «
530 1626 600 1678 Stella
622 1627 699 1679 differt
716 1625 730 1679 t
749 1629 815 1679 stella
827 1629 853 1679 in

54 1696 154 1750 doute.
171 1717 187 1749 u
202 1699 251 1751 sed
267 1700 315 1769 beo
335 1697 393 1749 nihil
412 1702 447 1750 est
459 1700 535 1765 majus
548 1715 555 1750 :
567 1713 622 1765 ergo
632 1700 747 1753 beatitudo
758 1704 794 1753 est
811 1702 853 1753 ali-

55 1768 98 1828 quid
108 1771 171 1823 aliud
181 1770 255 1837 quium
261 1772 334 1822 Deus.

76 1841 242 1905 (brennone.
256 1870 288 1881 -
299 1845 361 1895 Deus
376 1845 412 1893 est
423 1840 472 1908 ipso
486 1840 589 1893 omnium
604 1842 722 1895 beabrour
739 1842 852 1909 obieotlva

51 1908 174 1981 beatitudo,
195 1929 246 1967 non
263 1914 368 1966 turmalis
385 1914 430 1965 nisi
443 1912 479 1965 sui
491 1914 594 1979 ipsios.)

73 1986 215 2053 despondeo
229 1986 368 2050 dicendum,
384 1986 445 2050 qobd
457 1986 573 2037 beatitudo
588 1985 747 2038 intellectualis
766 1990 852 2039 natura

48 2060 144 2111 consistit
162 2061 193 2111 in
212 2064 267 2111 acto
282 2058 422 2110 intellectis.
435 2059 462 2108 ln
477 2073 522 2123 quo
534 2060 579 2110 duo
591 2064 687 2125 possunt
700 2058 853 2124 considerari,

49 2129 126 2182 silicet
138 2132 265 2198 objectum
279 2131 359 2196 notris,
372 2130 434 2197 quod
442 2134 477 2182 est
491 2130 669 2197 intettiqibile;
684 2132 768 2197 etipse
781 2135 853 2197 actus,

45 2203 77 2262 oui
88 2209 124 2255 est
142 2204 304 2269 intelltqere.
319 2202 344 2253 Si
356 2202 427 2267 igitur
443 2202 560 2255 beatitudo
581 2203 734 2256 consideretur
748 2218 777 2255 ex
789 2206 855 2269 parte

46 2271 108 2333 indus
121 2275 231 2341 obiecti,
243 2273 277 2325 sie
290 2275 352 2325 solus
368 2276 429 2328 oens
438 2274 612 2339 estbeatitud03
630 2275 684 2339 quia
701 2289 730 2327 ex
743 2277 788 2327 hoe
807 2276 855 2327 solo

47 2349 75 2395 ost
82 2348 166 2414 abonis
175 2350 266 2400 heatus
274 2345 337 2410 qubd
347 2348 419 2397 ileum
430 2344 549 2409 intelligit,
561 2346 688 2397 secundum
701 2348 757 2397 illud
767 2350 855 2411 Augus

43 2419 130 2483 tini‚in
143 2423 165 2471 v
180 2420 229 2471 tib.
245 2419 371 2483 Coreseoe„
381 2432 433 2483 cap.
453 2421 466 2467 t
482 2433 488 2467 ε
503 2435 517 2467 u
530 2418 613 2471 Beatus
632 2422 667 2469 est
683 2418 722 2483 qui
737 2422 760 2470 te
777 2421 855 2485 novit,

44 2491 106 2543 ellan
121 2495 143 2545 si
163 2493 218 2545 alia
237 2490 330 2556 ignoret
342 2489 385 2557 (i).
404 2507 418 2539 n
434 2488 483 2542 Sed
495 2502 525 2541 ex
537 2495 601 2557 parte
618 2491 682 2543 actis
697 2491 855 2557 intelligendi,

68 2611 97 2673 (l)
112 2614 147 2662 lte
170 2613 216 2659 his
236 2611 308 2657 etiam
326 2607 357 2670 1,
373 2610 402 2669 b,
418 2622 458 2667 qo.
479 2605 509 2669 3,
525 2614 568 2656 art.
584 2608 610 2663 33
635 2615 698 2669 utet
711 2612 758 2671 lv,
777 2610 856 2663 seue..

41 2671 88 2719 dist.
99 2676 142 2737 lb,
159 2691 209 2735 qn.
227 2671 251 2732 1,
270 2674 315 2719 art.
326 2673 355 2733 23
370 2673 508 2731 quastione.
523 2671 554 2728 la
570 2678 593 2719 et
605 2672 674 2719 Ceret.
688 2674 768 2725 dent..
779 2674 821 2745 lib.
834 2677 855 2737 1,

39 2748 85 2795 rap.
100 2738 151 2787 loe
162 2746 194 2787 eo
204 2737 235 2783 3.

70 2810 97 2870 l²l
113 2814 165 2861 Vel
191 2811 235 2857 sio
257 2808 378 2869 :lefolie
398 2807 467 2853 bomo
487 2808 532 2865 qut
553 2806 600 2852 seit
619 2808 717 2857 omorio,
738 2810 759 2854 te
776 2810 856 2855 aetem
934 2860 941 2873 Α

38 2876 123 2929 uordtg
133 2876 234 2922 beatu
247 2876 329 2918 ouum
345 2870 390 2929 orat
405 2875 427 2917 to
442 2870 503 2920 seit,
519 2870 614 2915 ettooeet
630 2870 781 2916 ittouee'ea'ot
791 2886 801 2924 ‚r
811 2872 857 2928 qui

37 2939 88 2983 rerd
98 2944 121 2986 et
132 2945 158 2987 te
173 2943 202 2985 et
212 2935 267 2981 itta
276 2934 347 2981 ooott
359 2941 411 2980 nort
419 2937 524 2994 propter
531 2933 579 2979 illo
592 2930 694 2985 beatior,
704 2933 745 2979 sed
753 2938 859 2993 propter

37 3005 56 3044 te
69 3004 151 3049 roton
164 3002 264 3049 kaim
277 3002 320 3045 eut.
757 3011 759 3019 ¹

705 3078 749 3129 lb*
