1992 3342
130 245 176 294 titt
313 257 371 298 osas
387 257 407 309 t,
425 253 518 302 oussr.
535 257 598 308 usur,
614 257 671 297 nur.
688 258 743 298 nur.

129 332 322 398 imperfectionem
334 334 376 385 sibi
391 335 528 398 oppositam.
540 335 684 400 imperiectio
694 341 773 388 nutem
782 340 873 390 naturae
886 349 929 391 uon

129 407 251 470 opponitur
266 405 399 470 perlectioui
417 406 577 470 beatitudiuis,
590 407 631 457 sed
644 408 833 460 substerniturel
853 413 928 462 :sicu

128 475 270 539 inuperlectio
286 477 394 541 potentiae
409 477 562 529 substernitur
577 479 713 542 perfectioni
733 479 832 544 lormce,
849 487 874 532 et
887 494 930 532 nou

128 547 215 597 tollitur
230 548 330 611 potentin
341 561 382 612 per
393 549 502 612 sormam,
513 549 553 599 sed
563 549 650 599 tollitur
663 549 777 613 privatio,
792 565 846 614 quae
861 567 931 618 oppo

130 618 191 668 nitor
204 618 289 669 lormm.
305 620 333 668 lit
351 619 455 670 similiter
470 621 540 670 etiam
556 621 697 685 imperfectio
711 622 852 684 cognitionis
868 630 931 674 natu·

129 691 181 740 ralis
194 703 240 740 nou
252 689 374 754 opponitur
387 691 521 756 perfectioni
535 692 672 755 cognitionis
682 692 777 753 glorie:
796 695 859 743 nibil
869 695 929 744 euim

129 763 233 826 probibet
241 761 308 812 simul
319 763 405 826 attoniti
413 776 548 829 cognoscere
555 777 596 826 per
603 764 692 814 diversa
700 765 855 828 media,sicut
864 767 930 816 simul

129 837 202 897 potest
217 833 301 897 aliquid
319 835 423 898 cognosci
439 849 479 900 por
497 835 596 886 medinm
612 832 728 898 probabile
744 841 769 885 et
786 838 930 889 demonstra·

128 903 209 954 tivum.
225 907 252 954 Et
268 905 372 956 similiter
382 909 457 970 potest
471 906 565 970 augelus
577 906 645 955 simul
655 907 726 955 Deum
738 921 879 970 cognoscere
890 924 928 974 per

128 977 249 1026 essentiam
263 977 302 1028 liei
315 977 387 1040 (quod
398 978 498 1042 pertinet
516 978 542 1026 ad
559 976 712 1040 cognitionem
729 975 840 1042 gloriaet,
856 982 881 1030 et
890 995 929 1044 per
990 990 992 1035 t

127 1046 249 1096 essentiam
263 1051 384 1113 proprium,
400 1049 460 1112 quod
474 1050 574 1112 pertinet
586 1049 615 1098 ad
628 1047 782 1111 cognitionem
798 1055 896 1102 nature
990 1051 992 1089 ἲ

159 1117 192 1168 id
213 1119 336 1168 secundum
357 1117 491 1183 dicendum,
506 1119 566 1184 qudd
584 1131 677 1182 eaquae
693 1125 747 1169 suut
761 1121 927 1184 beatitudinis,

127 1201 168 1253 per
182 1202 207 1239 se
225 1189 349 1240 sullicinnt.
363 1191 406 1242 Sed
424 1191 451 1241 nd
471 1193 514 1242 boc
524 1190 584 1254 oudd
602 1190 821 1254 siut,·praeexigunt
835 1205 865 1242 ea
878 1203 927 1256 que

127 1262 180 1309 suut
195 1264 294 1324 nature,
304 1261 357 1325 quia
374 1261 437 1312 nulla
451 1262 564 1314 beatitudo
576 1267 613 1314 est
625 1274 668 1326 per
684 1274 709 1312 se
724 1261 870 1326 subsistens,
885 1264 929 1313 uisi

127 1331 244 1382 beatitudo
257 1333 365 1384 increata.

159 1404 192 1454 nt
207 1405 297 1454 tertium
318 1401 451 1469 dicendum,
466 1403 526 1469 qndd
546 1402 596 1455 duae
612 1403 756 1468 operationes
769 1418 817 1454 nou
834 1411 929 1469 possunt

127 1487 178 1525 esse
189 1476 256 1526 simul
266 1475 333 1525 unius
341 1476 458 1540 potentio,
468 1475 511 1526 uisi
519 1487 564 1525 una
573 1476 600 1524 ad
609 1475 677 1525 aliam
685 1475 812 1525 ordinetur.
822 1477 928 1540 Cognitio

127 1551 201 1595 autem
215 1551 237 1596 et
250 1546 340 1597 dilectio
351 1547 459 1596 naturalis
469 1545 602 1596 ordinantur
613 1547 641 1596 ad
654 1545 812 1609 coguitionem
824 1551 848 1596 et
857 1548 929 1597 dilec-

126 1615 211 1666 tionem
230 1617 323 1678 glorim:
341 1617 402 1667 unde
417 1618 474 1668 nibil
487 1617 593 1682 probibet
606 1618 631 1666 in
646 1617 727 1681 angelo
742 1631 794 1668 esse
810 1623 834 1667 et
847 1619 927 1681 cogui-

126 1687 211 1738 tionem
222 1691 246 1739 et
257 1689 400 1740 dilectionem
409 1690 545 1753 naturalem,
554 1692 578 1739 et
586 1689 737 1752 cognitionem
747 1691 771 1738 et
780 1688 927 1740 dilectionem

127 1759 211 1821 gloriae.

409 1829 565 1882 iuuentus
578 1829 639 1882 vttt.

290 1937 376 1984 Utritm
385 1939 484 1996 angelus
494 1939 575 1983 batus
582 1949 681 1994 peccem
687 1937 771 1994 poscit.

159 2045 191 2096 tt
204 2049 307 2098 octauum
319 2046 352 2097 sic
361 2043 490 2112 proceditur
500 2047 545 2110 (t).
557 2044 651 2095 Videtur
660 2043 719 2109 quod
734 2045 831 2109 angelus
845 2046 926 2096 beatos

127 2129 220 2182 peccare
237 2117 316 2184 possit.
329 2116 448 2168 beatitudo
462 2117 523 2167 euim
534 2129 580 2169 uon
594 2117 655 2166 tollit
664 2120 783 2179 naturam,
799 2120 825 2165 ot
842 2117 928 2166 dictum

129 2193 172 2239 est.
188 2189 233 2240 Sed
247 2190 275 2239 de
292 2187 379 2238 ratione
397 2191 483 2239 nature
501 2189 582 2239 create
598 2188 633 2237 est
649 2183 709 2252 qudd
726 2188 799 2251 possit
819 2180 926 2238 delicere.

128 2257 186 2321 Ergo
203 2261 296 2323 augelus
307 2260 387 2310 beatus
400 2263 474 2323 potest
486 2273 589 2324 pecuare.

159 2336 183 2379 n.
199 2334 326 2395 Praeterea,
343 2349 357 2379 «
367 2335 491 2395 potestates
502 2332 623 2382 rationales
633 2333 686 2381 snut
700 2331 728 2379 ad
740 2329 860 2392 opposita,
875 2346 889 2377 o
902 2333 929 2378 ut

129 2400 281 2466 Philosophus
299 2403 353 2452 dicit
371 2403 414 2468 (t).
432 2403 476 2454 Sed
490 2403 596 2454 uoluutus
612 2399 687 2464 augeli
700 2401 762 2450 beatu
780 2413 828 2450 uon
845 2401 930 2451 desiuit

128 2485 180 2522 csse
197 2473 319 2524 rationalis.
340 2475 399 2538 Ergo
413 2469 441 2524 se'
450 2475 520 2524 babet
534 2475 562 2525 ad
578 2474 662 2524 bouum
676 2474 700 2522 et
714 2472 808 2522 malum,

158 2580 194 2642 (1)
208 2586 241 2629 Ile
255 2585 371 2632 bisetium
384 2585 408 2630 lu
419 2587 450 2642 11,
460 2586 540 2635 sent„
548 2585 601 2631 dist.
614 2584 638 2642 t,
649 2596 691 2639 qu.
705 2581 734 2634 i.
746 2587 793 2627 art.
804 2554 817 2627 i
829 2588 854 2627 et
865 2583 890 2637 ὴ
903 2587 929 2627 ut

127 2646 218 2753 ggldigt.
232 2645 273 2706 23,
282 2659 321 2704 qu.
333 2647 360 2708 1,
375 2653 419 2692 unt.
430 2648 454 2708 1,
466 2648 496 2692 ud
507 2646 533 2702 1;
550 2654 574 2694 et
586 2653 630 2693 art.
642 2645 670 2704 2,
685 2645 714 2690 ad
727 2645 758 2699 ὴ
774 2651 799 2689 et
812 2644 870 2695 lob,
883 2647 926 2701 tv,

161 2773 191 2836 (il
203 2775 319 2835 colligitur
332 2792 361 2824 ex
375 2778 416 2824 lib.
429 2781 461 2826 lx
471 2776 586 2839 decept„
594 2785 652 2825 tent.
664 2781 688 2834 s,
699 2779 739 2824 ubi
754 2776 867 2824 dicuutur
877 2787 927 2824 esse

127 2839 291 2882 contrariorum
305 2837 373 2900 (quod
385 2843 445 2887 idern
457 2841 513 2904 est),
528 2842 581 2900 qula
595 2844 619 2886 iu
631 2840 746 2887 contraria
756 2839 813 2885 lerrl
827 2843 926 2897 possunt

126 2900 162 3000 :el
168 2900 285 3004 gcpommga
294 2901 392 2964 efficere,
402 2917 444 2961 per
454 2907 587 2963 oppositum
600 2905 628 2951 nti
637 2904 781 2950 irrationales
791 2916 845 2960 qum
854 2914 925 2947 uunnt

138 2969 165 3001 ou
192 2973 248 3018 uu,e
275 2993 281 3004 .
