<?xml version="1.0" encoding="UTF-8"?>
<!DOCTYPE html PUBLIC "-//W3C//DTD XHTML 1.0 Transitional//EN"
    "http://www.w3.org/TR/xhtml1/DTD/xhtml1-transitional.dtd">
<html xmlns="http://www.w3.org/1999/xhtml" xml:lang="en" lang="en">
 <head>
  <title>
</title>
<meta http-equiv="Content-Type" content="text/html;charset=utf-8" />
  <meta name='ocr-system' content='tesseract 3.04.00' />
  <meta name='ocr-capabilities' content='ocr_page ocr_carea ocr_par ocr_line ocrx_word'/>
</head>
<body>
  <div class='ocr_page' id='page_1' title='image "./summatheologica04nicogoog_0266.png"; bbox 0 0 1992 3342; ppageno 0'>
   <div class='ocr_carea' id='block_1_1' title="bbox 351 219 863 265">
    <p class='ocr_par' dir='ltr' id='par_1_1' title="bbox 351 16 986 265">
     <span class='ocr_line' id='line_1_1' title="bbox 351 219 863 265; baseline 0.006 -6"><span class='ocrx_word' id='word_1_1' title='bbox 351 226 383 260; x_wconf 81' lang='lat' dir='ltr'><strong>nn</strong></span> <span class='ocrx_word' id='word_1_2' title='bbox 399 226 508 265; x_wconf 76' lang='lat' dir='ltr'><strong>semona</strong></span> <span class='ocrx_word' id='word_1_3' title='bbox 524 228 573 263; x_wconf 76' lang='lat' dir='ltr'><strong>nni.</strong></span> <span class='ocrx_word' id='word_1_4' title='bbox 818 219 863 263; x_wconf 71' lang='lat'><strong>2⁵9</strong></span> 
     </span>
    </p>
   </div>
   <div class='ocr_carea' id='block_1_2' title="bbox 44 299 869 2425">
    <p class='ocr_par' dir='ltr' id='par_1_2' title="bbox 57 299 866 509">
     <span class='ocr_line' id='line_1_2' title="bbox 62 299 865 366; baseline 0.005 -18"><span class='ocrx_word' id='word_1_5' title='bbox 62 300 97 349; x_wconf 83' lang='lat' dir='ltr'><strong>vel</strong></span> <span class='ocrx_word' id='word_1_6' title='bbox 113 299 245 349; x_wconf 79' lang='lat' dir='ltr'><strong>secundnm</strong></span> <span class='ocrx_word' id='word_1_7' title='bbox 261 299 368 363; x_wconf 87' lang='lat' dir='ltr'><strong>modum,</strong></span> <span class='ocrx_word' id='word_1_8' title='bbox 383 302 421 351; x_wconf 87' lang='lat' dir='ltr'><strong>vel</strong></span> <span class='ocrx_word' id='word_1_9' title='bbox 437 303 561 353; x_wconf 73' lang='lat' dir='ltr'><strong>meandum</strong></span> <span class='ocrx_word' id='word_1_10' title='bbox 582 304 665 366; x_wconf 81' lang='lat' dir='ltr'><strong>linem,</strong></span> <span class='ocrx_word' id='word_1_11' title='bbox 685 307 720 353; x_wconf 84' lang='lat' dir='ltr'><strong>est</strong></span> <span class='ocrx_word' id='word_1_12' title='bbox 738 304 865 354; x_wconf 69' lang='lat' dir='ltr'><strong>meandum</strong></span> 
     </span>
     <span class='ocr_line' id='line_1_3' title="bbox 60 367 866 439; baseline 0.001 -18"><span class='ocrx_word' id='word_1_13' title='bbox 60 367 113 434; x_wconf 89' lang='lat' dir='ltr'><strong>qnid</strong></span> <span class='ocrx_word' id='word_1_14' title='bbox 124 369 272 434; x_wconf 79' lang='lat' dir='ltr'><strong>speculativa</strong></span> <span class='ocrx_word' id='word_1_15' title='bbox 285 373 309 420; x_wconf 87' lang='lat' dir='ltr'><strong>et</strong></span> <span class='ocrx_word' id='word_1_16' title='bbox 326 374 452 423; x_wconf 78' lang='lat' dir='ltr'><strong>secundum</strong></span> <span class='ocrx_word' id='word_1_17' title='bbox 469 374 524 437; x_wconf 86' lang='lat' dir='ltr'><strong>qnid</strong></span> <span class='ocrx_word' id='word_1_18' title='bbox 542 374 658 439; x_wconf 79' lang='lat' dir='ltr'><strong>practica3</strong></span> <span class='ocrx_word' id='word_1_19' title='bbox 673 374 725 425; x_wconf 86' lang='lat' dir='ltr'><strong>cdm</strong></span> <span class='ocrx_word' id='word_1_20' title='bbox 739 374 794 425; x_wconf 83' lang='lat' dir='ltr'><strong>verd</strong></span> <span class='ocrx_word' id='word_1_21' title='bbox 807 374 866 425; x_wconf 88' lang='lat' dir='ltr'><strong>crdi-</strong></span> 
     </span>
     <span class='ocr_line' id='line_1_4' title="bbox 57 440 748 509; baseline 0.004 -17"><span class='ocrx_word' id='word_1_22' title='bbox 57 446 123 492; x_wconf 85' lang='lat' dir='ltr'><strong>natnr</strong></span> <span class='ocrx_word' id='word_1_23' title='bbox 136 441 168 491; x_wconf 86' lang='lat' dir='ltr'><strong>ad</strong></span> <span class='ocrx_word' id='word_1_24' title='bbox 184 440 254 490; x_wconf 84' lang='lat' dir='ltr'><strong>linem</strong></span> <span class='ocrx_word' id='word_1_25' title='bbox 270 442 426 506; x_wconf 74' lang='lat' dir='ltr'><strong>operationis,</strong></span> <span class='ocrx_word' id='word_1_26' title='bbox 440 448 475 494; x_wconf 80' lang='lat' dir='ltr'><strong>est</strong></span> <span class='ocrx_word' id='word_1_27' title='bbox 490 444 626 508; x_wconf 84' lang='lat' dir='ltr'><strong>simpliciter</strong></span> <span class='ocrx_word' id='word_1_28' title='bbox 639 445 748 509; x_wconf 82' lang='lat' dir='ltr'><strong>practica.</strong></span> 
     </span>
    </p>

    <p class='ocr_par' dir='ltr' id='par_1_3' title="bbox 54 512 869 1503">
     <span class='ocr_line' id='line_1_5' title="bbox 87 512 868 581; baseline 0.004 -18"><span class='ocrx_word' id='word_1_29' title='bbox 87 512 222 563; x_wconf 76' lang='lat' dir='ltr'><strong>Semandnm</strong></span> <span class='ocrx_word' id='word_1_30' title='bbox 241 512 287 561; x_wconf 79' lang='lat' dir='ltr'><strong>boc</strong></span> <span class='ocrx_word' id='word_1_31' title='bbox 301 526 357 575; x_wconf 89' lang='lat' dir='ltr'><strong>ergo</strong></span> <span class='ocrx_word' id='word_1_32' title='bbox 377 514 501 565; x_wconf 85' lang='lat' dir='ltr'><strong>dicendam</strong></span> <span class='ocrx_word' id='word_1_33' title='bbox 520 520 556 565; x_wconf 84' lang='lat' dir='ltr'><strong>eat</strong></span> <span class='ocrx_word' id='word_1_34' title='bbox 564 553 573 579; x_wconf 89' lang='lat'><em>,</em></span> <span class='ocrx_word' id='word_1_35' title='bbox 591 515 652 579; x_wconf 81' lang='lat' dir='ltr'><strong>qnod</strong></span> <span class='ocrx_word' id='word_1_36' title='bbox 669 518 729 567; x_wconf 81' lang='lat' dir='ltr'><strong>Dens</strong></span> <span class='ocrx_word' id='word_1_37' title='bbox 746 517 775 567; x_wconf 85' lang='lat' dir='ltr'><strong>dc</strong></span> <span class='ocrx_word' id='word_1_38' title='bbox 792 516 868 581; x_wconf 81' lang='lat' dir='ltr'><strong>seipso</strong></span> 
     </span>
     <span class='ocr_line' id='line_1_6' title="bbox 57 582 869 652; baseline 0.004 -18"><span class='ocrx_word' id='word_1_39' title='bbox 57 584 126 634; x_wconf 83' lang='lat' dir='ltr'><strong>habet</strong></span> <span class='ocrx_word' id='word_1_40' title='bbox 145 582 271 634; x_wconf 82' lang='lat' dir='ltr'><strong>scientiam</strong></span> <span class='ocrx_word' id='word_1_41' title='bbox 290 585 453 648; x_wconf 80' lang='lat' dir='ltr'><strong>speculativam</strong></span> <span class='ocrx_word' id='word_1_42' title='bbox 472 590 577 651; x_wconf 70' lang='lat' dir='ltr'><strong>unium,</strong></span> <span class='ocrx_word' id='word_1_43' title='bbox 592 588 642 651; x_wconf 86' lang='lat' dir='ltr'><strong>ipse</strong></span> <span class='ocrx_word' id='word_1_44' title='bbox 662 588 723 637; x_wconf 87' lang='lat' dir='ltr'><strong>enim</strong></span> <span class='ocrx_word' id='word_1_45' title='bbox 746 588 869 652; x_wconf 84' lang='lat' dir='ltr'><strong>operabilis</strong></span> 
     </span>
     <span class='ocr_line' id='line_1_7' title="bbox 56 654 869 723; baseline 0.002 -18"><span class='ocrx_word' id='word_1_46' title='bbox 56 669 103 705; x_wconf 91' lang='lat' dir='ltr'><strong>non</strong></span> <span class='ocrx_word' id='word_1_47' title='bbox 116 658 162 706; x_wconf 78' lang='lat' dir='ltr'><strong>est.</strong></span> <span class='ocrx_word' id='word_1_48' title='bbox 179 656 213 703; x_wconf 80' lang='lat' dir='ltr'><strong>lle</strong></span> <span class='ocrx_word' id='word_1_49' title='bbox 226 654 334 705; x_wconf 84' lang='lat' dir='ltr'><strong>omnibus</strong></span> <span class='ocrx_word' id='word_1_50' title='bbox 346 656 402 707; x_wconf 86' lang='lat' dir='ltr'><strong>rerd</strong></span> <span class='ocrx_word' id='word_1_51' title='bbox 421 656 472 707; x_wconf 84' lang='lat' dir='ltr'><strong>aliia</strong></span> <span class='ocrx_word' id='word_1_52' title='bbox 488 658 559 708; x_wconf 83' lang='lat' dir='ltr'><strong>hahet</strong></span> <span class='ocrx_word' id='word_1_53' title='bbox 576 658 697 709; x_wconf 87' lang='lat' dir='ltr'><strong>scientiam</strong></span> <span class='ocrx_word' id='word_1_54' title='bbox 710 663 734 709; x_wconf 90' lang='lat' dir='ltr'><strong>et</strong></span> <span class='ocrx_word' id='word_1_55' title='bbox 746 658 869 723; x_wconf 83' lang='lat' dir='ltr'><strong>apemrlati-</strong></span> 
     </span>
     <span class='ocr_line' id='line_1_8' title="bbox 56 725 865 795; baseline 0.001 -17"><span class='ocrx_word' id='word_1_56' title='bbox 56 741 122 790; x_wconf 85' lang='lat' dir='ltr'><strong>vam,</strong></span> <span class='ocrx_word' id='word_1_57' title='bbox 134 731 161 777; x_wconf 89' lang='lat' dir='ltr'><strong>et</strong></span> <span class='ocrx_word' id='word_1_58' title='bbox 168 725 297 790; x_wconf 78' lang='lat' dir='ltr'><strong>practicam</strong></span> <span class='ocrx_word' id='word_1_59' title='bbox 308 743 314 775; x_wconf 75' lang='grc' dir='ltr'>ε</span> <span class='ocrx_word' id='word_1_60' title='bbox 325 728 489 791; x_wconf 76' lang='lat' dir='ltr'><strong>speculativam</strong></span> <span class='ocrx_word' id='word_1_61' title='bbox 498 730 590 793; x_wconf 86' lang='lat' dir='ltr'><strong>quidem</strong></span> <span class='ocrx_word' id='word_1_62' title='bbox 602 736 713 795; x_wconf 88' lang='lat' dir='ltr'><strong>quantum</strong></span> <span class='ocrx_word' id='word_1_63' title='bbox 724 732 753 781; x_wconf 87' lang='lat' dir='ltr'><strong>ad</strong></span> <span class='ocrx_word' id='word_1_64' title='bbox 764 731 865 791; x_wconf 88' lang='lat' dir='ltr'><strong>modum;</strong></span> 
     </span>
     <span class='ocr_line' id='line_1_9' title="bbox 55 796 869 865; baseline 0.006 -19"><span class='ocrx_word' id='word_1_65' title='bbox 55 798 168 862; x_wconf 83' lang='lat' dir='ltr'><strong>quicquid</strong></span> <span class='ocrx_word' id='word_1_66' title='bbox 189 796 253 847; x_wconf 89' lang='lat' dir='ltr'><strong>enim</strong></span> <span class='ocrx_word' id='word_1_67' title='bbox 268 797 293 847; x_wconf 91' lang='lat' dir='ltr'><strong>in</strong></span> <span class='ocrx_word' id='word_1_68' title='bbox 312 798 381 849; x_wconf 84' lang='lat' dir='ltr'><strong>rebus</strong></span> <span class='ocrx_word' id='word_1_69' title='bbox 398 813 444 849; x_wconf 89' lang='lat' dir='ltr'><strong>non</strong></span> <span class='ocrx_word' id='word_1_70' title='bbox 463 800 603 864; x_wconf 80' lang='lat' dir='ltr'><strong>speculative</strong></span> <span class='ocrx_word' id='word_1_71' title='bbox 630 801 788 865; x_wconf 77' lang='lat' dir='ltr'><strong>cognoscimus</strong></span> <span class='ocrx_word' id='word_1_72' title='bbox 808 800 869 851; x_wconf 85' lang='lat' dir='ltr'><strong>dilli-</strong></span> 
     </span>
     <span class='ocr_line' id='line_1_10' title="bbox 56 868 868 937; baseline 0.004 -20"><span class='ocrx_word' id='word_1_73' title='bbox 56 868 142 919; x_wconf 88' lang='lat' dir='ltr'><strong>niendo</strong></span> <span class='ocrx_word' id='word_1_74' title='bbox 158 872 185 919; x_wconf 89' lang='lat' dir='ltr'><strong>et</strong></span> <span class='ocrx_word' id='word_1_75' title='bbox 197 868 338 932; x_wconf 82' lang='lat' dir='ltr'><strong>dividendo,</strong></span> <span class='ocrx_word' id='word_1_76' title='bbox 352 870 396 920; x_wconf 87' lang='lat' dir='ltr'><strong>troc</strong></span> <span class='ocrx_word' id='word_1_77' title='bbox 406 873 482 921; x_wconf 73' lang='lat' dir='ltr'><strong>&#39;mlum</strong></span> <span class='ocrx_word' id='word_1_78' title='bbox 495 873 556 923; x_wconf 86' lang='lat' dir='ltr'><strong>Deus</strong></span> <span class='ocrx_word' id='word_1_79' title='bbox 573 872 644 923; x_wconf 88' lang='lat' dir='ltr'><strong>multd</strong></span> <span class='ocrx_word' id='word_1_80' title='bbox 655 872 781 937; x_wconf 82' lang='lat' dir='ltr'><strong>perfectius</strong></span> <span class='ocrx_word' id='word_1_81' title='bbox 794 871 868 921; x_wconf 83' lang='lat' dir='ltr'><strong>novit.</strong></span> 
     </span>
     <span class='ocr_line' id='line_1_11' title="bbox 55 939 868 1005; baseline 0.001 -16"><span class='ocrx_word' id='word_1_82' title='bbox 55 939 98 989; x_wconf 82' lang='lat' dir='ltr'><strong>Sed</strong></span> <span class='ocrx_word' id='word_1_83' title='bbox 111 940 141 989; x_wconf 87' lang='lat' dir='ltr'><strong>de</strong></span> <span class='ocrx_word' id='word_1_84' title='bbox 151 939 207 1001; x_wconf 86' lang='lat' dir='ltr'><strong>iris,</strong></span> <span class='ocrx_word' id='word_1_85' title='bbox 220 952 274 1002; x_wconf 81' lang='lat' dir='ltr'><strong>quae</strong></span> <span class='ocrx_word' id='word_1_86' title='bbox 289 943 366 1002; x_wconf 85' lang='lat' dir='ltr'><strong>potest</strong></span> <span class='ocrx_word' id='word_1_87' title='bbox 378 942 471 1003; x_wconf 82' lang='lat' dir='ltr'><strong>quidem</strong></span> <span class='ocrx_word' id='word_1_88' title='bbox 484 942 574 1005; x_wconf 84' lang='lat' dir='ltr'><strong>iacere,</strong></span> <span class='ocrx_word' id='word_1_89' title='bbox 589 944 629 993; x_wconf 88' lang='lat' dir='ltr'><strong>sed</strong></span> <span class='ocrx_word' id='word_1_90' title='bbox 640 944 765 993; x_wconf 78' lang='lat' dir='ltr'><strong>seeundum</strong></span> <span class='ocrx_word' id='word_1_91' title='bbox 781 942 868 991; x_wconf 82' lang='lat' dir='ltr'><strong>nudum</strong></span> 
     </span>
     <span class='ocr_line' id='line_1_12' title="bbox 57 1010 869 1077; baseline 0.004 -18"><span class='ocrx_word' id='word_1_92' title='bbox 57 1013 147 1073; x_wconf 63' lang='lat' dir='ltr'><strong>empus</strong></span> <span class='ocrx_word' id='word_1_93' title='bbox 157 1010 231 1071; x_wconf 83' lang='lat' dir='ltr'><strong>lacit,</strong></span> <span class='ocrx_word' id='word_1_94' title='bbox 245 1023 295 1059; x_wconf 91' lang='lat' dir='ltr'><strong>non</strong></span> <span class='ocrx_word' id='word_1_95' title='bbox 309 1011 381 1061; x_wconf 86' lang='lat' dir='ltr'><strong>habet</strong></span> <span class='ocrx_word' id='word_1_96' title='bbox 391 1013 514 1075; x_wconf 76' lang='lat' dir='ltr'><strong>practicam</strong></span> <span class='ocrx_word' id='word_1_97' title='bbox 524 1012 657 1075; x_wconf 85' lang='lat' dir='ltr'><strong>scientiam,</strong></span> <span class='ocrx_word' id='word_1_98' title='bbox 672 1013 798 1063; x_wconf 84' lang='lat' dir='ltr'><strong>secundnm</strong></span> <span class='ocrx_word' id='word_1_99' title='bbox 808 1011 869 1077; x_wconf 79' lang='lat' dir='ltr'><strong>quod</strong></span> 
     </span>
     <span class='ocr_line' id='line_1_13' title="bbox 59 1080 868 1147; baseline 0.005 -20"><span class='ocrx_word' id='word_1_100' title='bbox 59 1082 172 1140; x_wconf 81' lang='lat' dir='ltr'><strong>practica</strong></span> <span class='ocrx_word' id='word_1_101' title='bbox 187 1082 302 1129; x_wconf 80' lang='lat' dir='ltr'><strong>retentio</strong></span> <span class='ocrx_word' id='word_1_102' title='bbox 318 1080 401 1131; x_wconf 88' lang='lat' dir='ltr'><strong>dicitur</strong></span> <span class='ocrx_word' id='word_1_103' title='bbox 413 1082 427 1132; x_wconf 78' lang='lat' dir='ltr'><strong>l</strong></span> <span class='ocrx_word' id='word_1_104' title='bbox 440 1084 503 1147; x_wconf 86' lang='lat' dir='ltr'><strong>tine,</strong></span> <span class='ocrx_word' id='word_1_105' title='bbox 520 1084 553 1135; x_wconf 80' lang='lat' dir='ltr'><strong>rio</strong></span> <span class='ocrx_word' id='word_1_106' title='bbox 566 1088 642 1134; x_wconf 89' lang='lat' dir='ltr'><strong>autem</strong></span> <span class='ocrx_word' id='word_1_107' title='bbox 661 1085 731 1135; x_wconf 87' lang='lat' dir='ltr'><strong>habet</strong></span> <span class='ocrx_word' id='word_1_108' title='bbox 744 1083 868 1147; x_wconf 88' lang='lat' dir='ltr'><strong>practicam</strong></span> 
     </span>
     <span class='ocr_line' id='line_1_14' title="bbox 58 1148 869 1218; baseline 0.007 -21"><span class='ocrx_word' id='word_1_109' title='bbox 58 1148 176 1200; x_wconf 81' lang='lat' dir='ltr'><strong>scientiam</strong></span> <span class='ocrx_word' id='word_1_110' title='bbox 193 1152 224 1201; x_wconf 89' lang='lat' dir='ltr'><strong>de</strong></span> <span class='ocrx_word' id='word_1_111' title='bbox 246 1150 362 1214; x_wconf 83' lang='lat' dir='ltr'><strong>tria,.qaae</strong></span> <span class='ocrx_word' id='word_1_112' title='bbox 375 1155 501 1204; x_wconf 71' lang='lat' dir='ltr'><strong>secundm</strong></span> <span class='ocrx_word' id='word_1_113' title='bbox 517 1154 608 1218; x_wconf 81' lang='lat' dir='ltr'><strong>aliquod</strong></span> <span class='ocrx_word' id='word_1_114' title='bbox 623 1158 715 1217; x_wconf 87' lang='lat' dir='ltr'><strong>tempus</strong></span> <span class='ocrx_word' id='word_1_115' title='bbox 728 1154 790 1203; x_wconf 87' lang='lat' dir='ltr'><strong>lacit.</strong></span> <span class='ocrx_word' id='word_1_116' title='bbox 811 1154 869 1203; x_wconf 84' lang='lat' dir='ltr'><strong>itala</strong></span> 
     </span>
     <span class='ocr_line' id='line_1_15' title="bbox 58 1218 869 1289; baseline 0.011 -24"><span class='ocrx_word' id='word_1_117' title='bbox 58 1218 115 1270; x_wconf 76' lang='lat' dir='ltr'><strong>vero</strong></span> <span class='ocrx_word' id='word_1_118' title='bbox 122 1220 173 1271; x_wconf 86' lang='lat' dir='ltr'><strong>licet</strong></span> <span class='ocrx_word' id='word_1_119' title='bbox 184 1224 215 1271; x_wconf 85' lang='lat' dir='ltr'><strong>alr</strong></span> <span class='ocrx_word' id='word_1_120' title='bbox 224 1236 255 1273; x_wconf 82' lang='lat' dir='ltr'><strong>eo</strong></span> <span class='ocrx_word' id='word_1_121' title='bbox 264 1234 312 1272; x_wconf 90' lang='lat' dir='ltr'><strong>non</strong></span> <span class='ocrx_word' id='word_1_122' title='bbox 322 1223 369 1272; x_wconf 80' lang='lat' dir='ltr'><strong>sint</strong></span> <span class='ocrx_word' id='word_1_123' title='bbox 382 1225 516 1288; x_wconf 86' lang='lat' dir='ltr'><strong>operabilia,</strong></span> <span class='ocrx_word' id='word_1_124' title='bbox 525 1229 603 1275; x_wconf 86' lang='lat' dir='ltr'><strong>tamen</strong></span> <span class='ocrx_word' id='word_1_125' title='bbox 612 1226 654 1276; x_wconf 84' lang='lat' dir='ltr'><strong>suh</strong></span> <span class='ocrx_word' id='word_1_126' title='bbox 664 1226 792 1288; x_wconf 80' lang='lat' dir='ltr'><strong>cognitione</strong></span> <span class='ocrx_word' id='word_1_127' title='bbox 802 1238 869 1289; x_wconf 88' lang='lat' dir='ltr'><strong>prac-</strong></span> 
     </span>
     <span class='ocr_line' id='line_1_16' title="bbox 58 1289 867 1360; baseline 0.005 -19"><span class='ocrx_word' id='word_1_128' title='bbox 58 1289 101 1341; x_wconf 78' lang='lat' dir='ltr'><strong>tice</strong></span> <span class='ocrx_word' id='word_1_129' title='bbox 117 1292 190 1357; x_wconf 80' lang='lat' dir='ltr'><strong>ipaina</strong></span> <span class='ocrx_word' id='word_1_130' title='bbox 202 1294 307 1356; x_wconf 84' lang='lat' dir='ltr'><strong>cadunt,</strong></span> <span class='ocrx_word' id='word_1_131' title='bbox 322 1293 382 1344; x_wconf 79' lang='lat' dir='ltr'><strong>sicut</strong></span> <span class='ocrx_word' id='word_1_132' title='bbox 394 1298 418 1345; x_wconf 91' lang='lat' dir='ltr'><strong>et</strong></span> <span class='ocrx_word' id='word_1_133' title='bbox 429 1296 505 1359; x_wconf 86' lang='lat' dir='ltr'><strong>bona,</strong></span> <span class='ocrx_word' id='word_1_134' title='bbox 518 1294 544 1345; x_wconf 91' lang='lat' dir='ltr'><strong>in</strong></span> <span class='ocrx_word' id='word_1_135' title='bbox 557 1300 668 1360; x_wconf 85' lang='lat' dir='ltr'><strong>qnantum</strong></span> <span class='ocrx_word' id='word_1_136' title='bbox 685 1296 809 1360; x_wconf 87' lang='lat' dir='ltr'><strong>permittit,</strong></span> <span class='ocrx_word' id='word_1_137' title='bbox 823 1296 867 1345; x_wconf 90' lang='lat' dir='ltr'><strong>im-</strong></span> 
     </span>
     <span class='ocr_line' id='line_1_17' title="bbox 54 1362 868 1431; baseline 0.002 -18"><span class='ocrx_word' id='word_1_138' title='bbox 54 1362 130 1426; x_wconf 88' lang='lat' dir='ltr'><strong>pedit,</strong></span> <span class='ocrx_word' id='word_1_139' title='bbox 151 1366 191 1415; x_wconf 85' lang='lat' dir='ltr'><strong>vel</strong></span> <span class='ocrx_word' id='word_1_140' title='bbox 208 1364 303 1415; x_wconf 87' lang='lat' dir='ltr'><strong>ordinat</strong></span> <span class='ocrx_word' id='word_1_141' title='bbox 322 1378 351 1414; x_wconf 83' lang='lat' dir='ltr'><strong>ea</strong></span> <span class='ocrx_word' id='word_1_142' title='bbox 367 1364 415 1431; x_wconf 83' lang='lat' dir='ltr'><strong>(l),</strong></span> <span class='ocrx_word' id='word_1_143' title='bbox 431 1366 489 1417; x_wconf 79' lang='lat' dir='ltr'><strong>sicut</strong></span> <span class='ocrx_word' id='word_1_144' title='bbox 510 1371 533 1417; x_wconf 86' lang='lat' dir='ltr'><strong>et</strong></span> <span class='ocrx_word' id='word_1_145' title='bbox 551 1367 700 1430; x_wconf 70' lang='lat' dir='ltr'><strong>egritudines</strong></span> <span class='ocrx_word' id='word_1_146' title='bbox 722 1366 806 1415; x_wconf 86' lang='lat' dir='ltr'><strong>cadunt</strong></span> <span class='ocrx_word' id='word_1_147' title='bbox 825 1366 868 1415; x_wconf 83' lang='lat' dir='ltr'><strong>aul)</strong></span> 
     </span>
     <span class='ocr_line' id='line_1_18' title="bbox 55 1434 866 1503; baseline 0.001 -19"><span class='ocrx_word' id='word_1_148' title='bbox 55 1435 153 1495; x_wconf 82' lang='lat' dir='ltr'><strong>practica</strong></span> <span class='ocrx_word' id='word_1_149' title='bbox 162 1434 267 1485; x_wconf 76' lang='lat' dir='ltr'><strong>scientia</strong></span> <span class='ocrx_word' id='word_1_150' title='bbox 276 1435 369 1498; x_wconf 88' lang='lat' dir='ltr'><strong>medici,</strong></span> <span class='ocrx_word' id='word_1_151' title='bbox 378 1434 403 1485; x_wconf 89' lang='lat' dir='ltr'><strong>in</strong></span> <span class='ocrx_word' id='word_1_152' title='bbox 411 1442 524 1500; x_wconf 89' lang='lat' dir='ltr'><strong>qnantum</strong></span> <span class='ocrx_word' id='word_1_153' title='bbox 534 1451 575 1503; x_wconf 84' lang='lat' dir='ltr'><strong>per</strong></span> <span class='ocrx_word' id='word_1_154' title='bbox 587 1440 660 1488; x_wconf 85' lang='lat' dir='ltr'><strong>artem</strong></span> <span class='ocrx_word' id='word_1_155' title='bbox 669 1449 733 1487; x_wconf 86' lang='lat' dir='ltr'><strong>suam</strong></span> <span class='ocrx_word' id='word_1_156' title='bbox 743 1438 809 1485; x_wconf 87' lang='lat' dir='ltr'><strong>curat</strong></span> <span class='ocrx_word' id='word_1_157' title='bbox 819 1448 866 1485; x_wconf 81' lang='lat' dir='ltr'><strong>eas.</strong></span> 
     </span>
    </p>

    <p class='ocr_par' dir='ltr' id='par_1_4' title="bbox 51 1506 866 1853">
     <span class='ocr_line' id='line_1_19' title="bbox 84 1506 866 1573; baseline 0 -17"><span class='ocrx_word' id='word_1_158' title='bbox 84 1506 117 1556; x_wconf 79' lang='lat' dir='ltr'><strong>Ad</strong></span> <span class='ocrx_word' id='word_1_159' title='bbox 131 1507 238 1571; x_wconf 87' lang='lat' dir='ltr'><strong>primum</strong></span> <span class='ocrx_word' id='word_1_160' title='bbox 255 1520 312 1569; x_wconf 87' lang='lat' dir='ltr'><strong>crgo</strong></span> <span class='ocrx_word' id='word_1_161' title='bbox 330 1506 465 1571; x_wconf 90' lang='lat' dir='ltr'><strong>dicendum,</strong></span> <span class='ocrx_word' id='word_1_162' title='bbox 481 1509 545 1573; x_wconf 87' lang='lat' dir='ltr'><strong>qudd</strong></span> <span class='ocrx_word' id='word_1_163' title='bbox 565 1509 659 1561; x_wconf 85' lang='lat' dir='ltr'><strong>scientia</strong></span> <span class='ocrx_word' id='word_1_164' title='bbox 677 1508 719 1559; x_wconf 82' lang='lat' dir='ltr'><strong>Dei</strong></span> <span class='ocrx_word' id='word_1_165' title='bbox 737 1510 772 1557; x_wconf 85' lang='lat' dir='ltr'><strong>ost</strong></span> <span class='ocrx_word' id='word_1_166' title='bbox 787 1520 866 1569; x_wconf 84' lang='lat' dir='ltr'><strong>causa,</strong></span> 
     </span>
     <span class='ocr_line' id='line_1_20' title="bbox 53 1577 865 1645; baseline 0.002 -20"><span class='ocrx_word' id='word_1_167' title='bbox 53 1590 99 1627; x_wconf 92' lang='lat' dir='ltr'><strong>non</strong></span> <span class='ocrx_word' id='word_1_168' title='bbox 111 1578 210 1642; x_wconf 75' lang='lat' dir='ltr'><strong>quidem</strong></span> <span class='ocrx_word' id='word_1_169' title='bbox 223 1577 353 1641; x_wconf 81' lang='lat' dir='ltr'><strong>suiipsius,</strong></span> <span class='ocrx_word' id='word_1_170' title='bbox 365 1579 526 1631; x_wconf 83' lang='lat' dir='ltr'><strong>aedaiiomm:</strong></span> <span class='ocrx_word' id='word_1_171' title='bbox 537 1581 687 1645; x_wconf 85' lang='lat' dir='ltr'><strong>quorumdam</strong></span> <span class='ocrx_word' id='word_1_172' title='bbox 700 1579 793 1645; x_wconf 85' lang='lat' dir='ltr'><strong>quidem</strong></span> <span class='ocrx_word' id='word_1_173' title='bbox 804 1581 865 1640; x_wconf 69' lang='lat' dir='ltr'><strong>aad,</strong></span> 
     </span>
     <span class='ocr_line' id='line_1_21' title="bbox 53 1649 865 1715; baseline -0.001 -16"><span class='ocrx_word' id='word_1_174' title='bbox 53 1649 139 1699; x_wconf 80' lang='lat' dir='ltr'><strong>scilicet</strong></span> <span class='ocrx_word' id='word_1_175' title='bbox 148 1664 244 1711; x_wconf 85' lang='lat' dir='ltr'><strong>eorum,</strong></span> <span class='ocrx_word' id='word_1_176' title='bbox 259 1662 313 1712; x_wconf 86' lang='lat' dir='ltr'><strong>qnae</strong></span> <span class='ocrx_word' id='word_1_177' title='bbox 324 1652 452 1701; x_wconf 81' lang='lat' dir='ltr'><strong>secundum</strong></span> <span class='ocrx_word' id='word_1_178' title='bbox 463 1652 554 1715; x_wconf 83' lang='lat' dir='ltr'><strong>aliquod</strong></span> <span class='ocrx_word' id='word_1_179' title='bbox 564 1656 655 1715; x_wconf 85' lang='lat' dir='ltr'><strong>tempus</strong></span> <span class='ocrx_word' id='word_1_180' title='bbox 668 1652 741 1713; x_wconf 86' lang='lat' dir='ltr'><strong>liunt;</strong></span> <span class='ocrx_word' id='word_1_181' title='bbox 755 1662 865 1714; x_wconf 89' lang='lat' dir='ltr'><strong>quomm-</strong></span> 
     </span>
     <span class='ocr_line' id='line_1_22' title="bbox 52 1720 865 1787; baseline 0 -18"><span class='ocrx_word' id='word_1_182' title='bbox 52 1720 104 1769; x_wconf 85' lang='lat' dir='ltr'><strong>dam</strong></span> <span class='ocrx_word' id='word_1_183' title='bbox 114 1720 173 1771; x_wconf 81' lang='lat' dir='ltr'><strong>rerd</strong></span> <span class='ocrx_word' id='word_1_184' title='bbox 183 1721 275 1771; x_wconf 76' lang='lat' dir='ltr'><strong>virtute</strong></span> <span class='ocrx_word' id='word_1_185' title='bbox 283 1756 292 1783; x_wconf 89' lang='lat'>,</span> <span class='ocrx_word' id='word_1_186' title='bbox 301 1720 392 1774; x_wconf 79' lang='lat' dir='ltr'><strong>scilicet</strong></span> <span class='ocrx_word' id='word_1_187' title='bbox 400 1734 494 1785; x_wconf 89' lang='lat' dir='ltr'><strong>eorum,</strong></span> <span class='ocrx_word' id='word_1_188' title='bbox 506 1736 558 1787; x_wconf 74' lang='lat' dir='ltr'><strong>quo</strong></span> <span class='ocrx_word' id='word_1_189' title='bbox 569 1726 644 1786; x_wconf 81' lang='lat' dir='ltr'><strong>potest</strong></span> <span class='ocrx_word' id='word_1_190' title='bbox 654 1724 744 1785; x_wconf 85' lang='lat' dir='ltr'><strong>lacere,</strong></span> <span class='ocrx_word' id='word_1_191' title='bbox 753 1724 865 1771; x_wconf 85' lang='lat' dir='ltr'><strong>ettamen</strong></span> 
     </span>
     <span class='ocr_line' id='line_1_23' title="bbox 51 1792 256 1853; baseline 0.015 -16"><span class='ocrx_word' id='word_1_192' title='bbox 51 1803 171 1853; x_wconf 84' lang='lat' dir='ltr'><strong>nunqnam</strong></span> <span class='ocrx_word' id='word_1_193' title='bbox 184 1792 256 1841; x_wconf 84' lang='lat' dir='ltr'><strong>liunt.</strong></span> 
     </span>
    </p>

    <p class='ocr_par' dir='ltr' id='par_1_5' title="bbox 45 1860 862 2069">
     <span class='ocr_line' id='line_1_24' title="bbox 82 1860 862 1927; baseline -0.004 -15"><span class='ocrx_word' id='word_1_194' title='bbox 82 1862 117 1912; x_wconf 73' lang='lat' dir='ltr'><strong>Ari</strong></span> <span class='ocrx_word' id='word_1_195' title='bbox 124 1864 258 1915; x_wconf 66' lang='lat' dir='ltr'><strong>mundam</strong></span> <span class='ocrx_word' id='word_1_196' title='bbox 267 1863 400 1925; x_wconf 87' lang='lat' dir='ltr'><strong>dicendam,</strong></span> <span class='ocrx_word' id='word_1_197' title='bbox 410 1863 472 1927; x_wconf 81' lang='lat' dir='ltr'><strong>quid</strong></span> <span class='ocrx_word' id='word_1_198' title='bbox 481 1864 602 1915; x_wconf 86' lang='lat' dir='ltr'><strong>scientiam</strong></span> <span class='ocrx_word' id='word_1_199' title='bbox 611 1878 662 1915; x_wconf 80' lang='lat' dir='ltr'><strong>esse</strong></span> <span class='ocrx_word' id='word_1_200' title='bbox 675 1866 792 1927; x_wconf 81' lang='lat' dir='ltr'><strong>acceptum</strong></span> <span class='ocrx_word' id='word_1_201' title='bbox 803 1860 862 1920; x_wconf 76' lang='lat' dir='ltr'><strong>ire-</strong></span> 
     </span>
     <span class='ocr_line' id='line_1_25' title="bbox 48 1933 861 1999; baseline -0.002 -17"><span class='ocrx_word' id='word_1_202' title='bbox 48 1933 91 1983; x_wconf 84' lang='lat' dir='ltr'><strong>bns</strong></span> <span class='ocrx_word' id='word_1_203' title='bbox 103 1934 182 1997; x_wconf 74' lang='lat' dir='ltr'><strong>mitia,</strong></span> <span class='ocrx_word' id='word_1_204' title='bbox 198 1947 249 1984; x_wconf 89' lang='lat' dir='ltr'><strong>non</strong></span> <span class='ocrx_word' id='word_1_205' title='bbox 260 1947 303 1997; x_wconf 90' lang='lat' dir='ltr'><strong>per</strong></span> <span class='ocrx_word' id='word_1_206' title='bbox 319 1946 345 1983; x_wconf 84' lang='lat' dir='ltr'><strong>se</strong></span> <span class='ocrx_word' id='word_1_207' title='bbox 356 1935 465 1984; x_wconf 83' lang='lat' dir='ltr'><strong>corrrenit</strong></span> <span class='ocrx_word' id='word_1_208' title='bbox 477 1935 580 1987; x_wconf 80' lang='lat' dir='ltr'><strong>scientiae</strong></span> <span class='ocrx_word' id='word_1_209' title='bbox 590 1934 754 1999; x_wconf 75' lang='lat' dir='ltr'><strong>speculativa,</strong></span> <span class='ocrx_word' id='word_1_210' title='bbox 767 1933 808 1982; x_wconf 85' lang='lat' dir='ltr'><strong>sed</strong></span> <span class='ocrx_word' id='word_1_211' title='bbox 819 1944 861 1995; x_wconf 82' lang='lat' dir='ltr'><strong>per</strong></span> 
     </span>
     <span class='ocr_line' id='line_1_26' title="bbox 45 2004 790 2069; baseline 0.008 -17"><span class='ocrx_word' id='word_1_212' title='bbox 45 2005 168 2069; x_wconf 75' lang='lat' dir='ltr'><strong>accidens,</strong></span> <span class='ocrx_word' id='word_1_213' title='bbox 183 2006 210 2054; x_wconf 89' lang='lat' dir='ltr'><strong>in</strong></span> <span class='ocrx_word' id='word_1_214' title='bbox 225 2009 340 2068; x_wconf 87' lang='lat' dir='ltr'><strong>qnantum</strong></span> <span class='ocrx_word' id='word_1_215' title='bbox 357 2008 392 2055; x_wconf 84' lang='lat' dir='ltr'><strong>est</strong></span> <span class='ocrx_word' id='word_1_216' title='bbox 403 2007 514 2056; x_wconf 87' lang='lat' dir='ltr'><strong>humana.</strong></span> <span class='ocrx_word' id='word_1_217' title='bbox 788 2004 790 2008; x_wconf 77' lang='grc'><strong>’</strong></span> 
     </span>
    </p>

    <p class='ocr_par' dir='ltr' id='par_1_6' title="bbox 44 2072 858 2425">
     <span class='ocr_line' id='line_1_27' title="bbox 76 2072 857 2141; baseline -0.004 -15"><span class='ocrx_word' id='word_1_218' title='bbox 76 2077 112 2126; x_wconf 78' lang='lat' dir='ltr'><strong>Ad</strong></span> <span class='ocrx_word' id='word_1_219' title='bbox 121 2077 146 2127; x_wconf 89' lang='lat' dir='ltr'><strong>id</strong></span> <span class='ocrx_word' id='word_1_220' title='bbox 154 2075 224 2139; x_wconf 79' lang='lat' dir='ltr'><strong>vero,</strong></span> <span class='ocrx_word' id='word_1_221' title='bbox 233 2076 299 2140; x_wconf 86' lang='lat' dir='ltr'><strong>qnod</strong></span> <span class='ocrx_word' id='word_1_222' title='bbox 307 2075 333 2125; x_wconf 96' lang='lat' dir='ltr'><strong>in</strong></span> <span class='ocrx_word' id='word_1_223' title='bbox 344 2077 483 2126; x_wconf 84' lang='lat' dir='ltr'><strong>contrarium</strong></span> <span class='ocrx_word' id='word_1_224' title='bbox 491 2077 607 2141; x_wconf 81' lang='lat' dir='ltr'><strong>objicitur,</strong></span> <span class='ocrx_word' id='word_1_225' title='bbox 618 2077 750 2137; x_wconf 87' lang='lat' dir='ltr'><strong>dicendum,</strong></span> <span class='ocrx_word' id='word_1_226' title='bbox 760 2072 857 2137; x_wconf 77' lang='lat' dir='ltr'><strong>quidde</strong></span> 
     </span>
     <span class='ocr_line' id='line_1_28' title="bbox 45 2146 858 2213; baseline -0.001 -15"><span class='ocrx_word' id='word_1_227' title='bbox 45 2148 205 2208; x_wconf 69' lang='lat' dir='ltr'><strong>coactitium</strong></span> <span class='ocrx_word' id='word_1_228' title='bbox 212 2146 418 2211; x_wconf 81' lang='lat' dir='ltr'><strong>periectancientia</strong></span> <span class='ocrx_word' id='word_1_229' title='bbox 425 2150 585 2213; x_wconf 71' lang='lat' dir='ltr'><strong>donnapetra,</strong></span> <span class='ocrx_word' id='word_1_230' title='bbox 592 2150 637 2199; x_wconf 85' lang='lat' dir='ltr'><strong>nisi</strong></span> <span class='ocrx_word' id='word_1_231' title='bbox 644 2150 745 2199; x_wconf 84' lang='lat' dir='ltr'><strong>sciantur</strong></span> <span class='ocrx_word' id='word_1_232' title='bbox 754 2146 858 2210; x_wconf 78' lang='lat' dir='ltr'><strong>inquan-</strong></span> 
     </span>
     <span class='ocr_line' id='line_1_29' title="bbox 45 2218 858 2282; baseline 0.006 -18"><span class='ocrx_word' id='word_1_233' title='bbox 45 2222 92 2267; x_wconf 85' lang='lat' dir='ltr'><strong>tum</strong></span> <span class='ocrx_word' id='word_1_234' title='bbox 101 2218 232 2282; x_wconf 81' lang='lat' dir='ltr'><strong>operabilia</strong></span> <span class='ocrx_word' id='word_1_235' title='bbox 241 2220 306 2267; x_wconf 85' lang='lat' dir='ltr'><strong>sunt.</strong></span> <span class='ocrx_word' id='word_1_236' title='bbox 314 2218 411 2280; x_wconf 84' lang='lat' dir='ltr'><strong>Etided,</strong></span> <span class='ocrx_word' id='word_1_237' title='bbox 421 2232 473 2268; x_wconf 88' lang='lat' dir='ltr'><strong>cum</strong></span> <span class='ocrx_word' id='word_1_238' title='bbox 483 2219 579 2269; x_wconf 79' lang='lat' dir='ltr'><strong>scicntia</strong></span> <span class='ocrx_word' id='word_1_239' title='bbox 587 2220 628 2270; x_wconf 85' lang='lat' dir='ltr'><strong>Dei</strong></span> <span class='ocrx_word' id='word_1_240' title='bbox 636 2220 666 2271; x_wconf 85' lang='lat' dir='ltr'><strong>ait</strong></span> <span class='ocrx_word' id='word_1_241' title='bbox 672 2219 777 2271; x_wconf 83' lang='lat' dir='ltr'><strong>omuibus</strong></span> <span class='ocrx_word' id='word_1_242' title='bbox 785 2218 858 2269; x_wconf 85' lang='lat' dir='ltr'><strong>modis</strong></span> 
     </span>
     <span class='ocr_line' id='line_1_30' title="bbox 45 2288 858 2355; baseline 0 -16"><span class='ocrx_word' id='word_1_243' title='bbox 45 2288 431 2354; x_wconf 82' lang='lat' dir='ltr'><strong>perlecta‚oportetquddsoiatea</strong></span> <span class='ocrx_word' id='word_1_244' title='bbox 441 2304 493 2353; x_wconf 78' lang='lat' dir='ltr'><strong>qna</strong></span> <span class='ocrx_word' id='word_1_245' title='bbox 502 2294 557 2341; x_wconf 84' lang='lat' dir='ltr'><strong>sunt</strong></span> <span class='ocrx_word' id='word_1_246' title='bbox 566 2290 580 2341; x_wconf 83' lang='lat' dir='ltr'><strong>i</strong></span> <span class='ocrx_word' id='word_1_247' title='bbox 589 2290 746 2355; x_wconf 75' lang='lat' dir='ltr'><strong>scoperaltiiia</strong></span> <span class='ocrx_word' id='word_1_248' title='bbox 756 2290 858 2353; x_wconf 87' lang='lat' dir='ltr'><strong>inquan-</strong></span> 
     </span>
     <span class='ocr_line' id='line_1_31' title="bbox 44 2358 856 2425; baseline 0.002 -18"><span class='ocrx_word' id='word_1_249' title='bbox 44 2360 254 2424; x_wconf 82' lang='lat' dir='ltr'><strong>tunrlrujnsmodi,</strong></span> <span class='ocrx_word' id='word_1_250' title='bbox 265 2363 290 2411; x_wconf 90' lang='lat' dir='ltr'><strong>et</strong></span> <span class='ocrx_word' id='word_1_251' title='bbox 300 2374 348 2410; x_wconf 87' lang='lat' dir='ltr'><strong>non</strong></span> <span class='ocrx_word' id='word_1_252' title='bbox 357 2360 431 2411; x_wconf 88' lang='lat' dir='ltr'><strong>solum</strong></span> <span class='ocrx_word' id='word_1_253' title='bbox 438 2360 693 2425; x_wconf 81' lang='lat' dir='ltr'><strong>secundumquddsunt</strong></span> <span class='ocrx_word' id='word_1_254' title='bbox 702 2358 856 2425; x_wconf 77' lang='lat' dir='ltr'><strong>speculandia.</strong></span> 
     </span>
    </p>
   </div>
   <div class='ocr_carea' id='block_1_3' title="bbox 41 2495 856 2986">
    <p class='ocr_par' dir='ltr' id='par_1_7' title="bbox 42 2495 856 2740">
     <span class='ocr_line' id='line_1_32' title="bbox 43 2495 856 2556; baseline 0.009 -20"><span class='ocrx_word' id='word_1_255' title='bbox 43 2495 84 2539; x_wconf 81' lang='lat' dir='ltr'><strong>nia</strong></span> <span class='ocrx_word' id='word_1_256' title='bbox 98 2502 165 2543; x_wconf 83' lang='lat' dir='ltr'><strong>extra</strong></span> <span class='ocrx_word' id='word_1_257' title='bbox 179 2509 208 2543; x_wconf 78' lang='lat' dir='ltr'><strong>se</strong></span> <span class='ocrx_word' id='word_1_258' title='bbox 229 2503 349 2554; x_wconf 84' lang='lat' dir='ltr'><strong>operatur,</strong></span> <span class='ocrx_word' id='word_1_259' title='bbox 362 2496 548 2553; x_wconf 85' lang='lat' dir='ltr'><strong>quandocunque</strong></span> <span class='ocrx_word' id='word_1_260' title='bbox 566 2503 620 2542; x_wconf 86' lang='lat' dir='ltr'><strong>sunt</strong></span> <span class='ocrx_word' id='word_1_261' title='bbox 634 2504 699 2556; x_wconf 78' lang='lat' dir='ltr'><strong>actu,</strong></span> <span class='ocrx_word' id='word_1_262' title='bbox 715 2497 751 2542; x_wconf 88' lang='lat' dir='ltr'><strong>vel</strong></span> <span class='ocrx_word' id='word_1_263' title='bbox 765 2495 856 2553; x_wconf 85' lang='lat' dir='ltr'><strong>operari</strong></span> 
     </span>
     <span class='ocr_line' id='line_1_33' title="bbox 43 2558 856 2614; baseline -0.002 -10"><span class='ocrx_word' id='word_1_264' title='bbox 43 2563 137 2614; x_wconf 69' lang='lat' dir='ltr'><strong>potest,</strong></span> <span class='ocrx_word' id='word_1_265' title='bbox 151 2561 172 2604; x_wconf 79' lang='lat' dir='ltr'><strong>ei</strong></span> <span class='ocrx_word' id='word_1_266' title='bbox 186 2569 237 2603; x_wconf 85' lang='lat' dir='ltr'><strong>non</strong></span> <span class='ocrx_word' id='word_1_267' title='bbox 248 2565 304 2604; x_wconf 81' lang='lat' dir='ltr'><strong>runt</strong></span> <span class='ocrx_word' id='word_1_268' title='bbox 316 2564 371 2603; x_wconf 88' lang='lat' dir='ltr'><strong>actu</strong></span> <span class='ocrx_word' id='word_1_269' title='bbox 384 2559 492 2604; x_wconf 82' lang='lat' dir='ltr'><strong>extitura.</strong></span> <span class='ocrx_word' id='word_1_270' title='bbox 502 2560 568 2605; x_wconf 83' lang='lat' dir='ltr'><strong>Unde</strong></span> <span class='ocrx_word' id='word_1_271' title='bbox 579 2565 690 2614; x_wconf 83' lang='lat' dir='ltr'><strong>quantum</strong></span> <span class='ocrx_word' id='word_1_272' title='bbox 704 2558 732 2602; x_wconf 85' lang='lat' dir='ltr'><strong>ad</strong></span> <span class='ocrx_word' id='word_1_273' title='bbox 744 2559 856 2604; x_wconf 85' lang='lat' dir='ltr'><strong>rationem</strong></span> 
     </span>
     <span class='ocr_line' id='line_1_34' title="bbox 42 2620 855 2679; baseline 0 -16"><span class='ocrx_word' id='word_1_274' title='bbox 42 2621 79 2662; x_wconf 88' lang='lat' dir='ltr'><strong>rei</strong></span> <span class='ocrx_word' id='word_1_275' title='bbox 95 2621 163 2665; x_wconf 71' lang='lat' dir='ltr'><strong>reita</strong></span> <span class='ocrx_word' id='word_1_276' title='bbox 179 2621 312 2678; x_wconf 80' lang='lat' dir='ltr'><strong>practicam</strong></span> <span class='ocrx_word' id='word_1_277' title='bbox 334 2621 408 2665; x_wconf 83' lang='lat' dir='ltr'><strong>habet</strong></span> <span class='ocrx_word' id='word_1_278' title='bbox 425 2621 454 2664; x_wconf 85' lang='lat' dir='ltr'><strong>de</strong></span> <span class='ocrx_word' id='word_1_279' title='bbox 467 2622 574 2667; x_wconf 84' lang='lat' dir='ltr'><strong>omnibus</strong></span> <span class='ocrx_word' id='word_1_280' title='bbox 588 2620 665 2665; x_wconf 74' lang='lat' dir='ltr'><strong>aliisi</strong></span> <span class='ocrx_word' id='word_1_281' title='bbox 684 2633 723 2679; x_wconf 83' lang='lat' dir='ltr'><strong>se,</strong></span> <span class='ocrx_word' id='word_1_282' title='bbox 738 2620 793 2665; x_wconf 78' lang='lat' dir='ltr'><strong>ticet</strong></span> <span class='ocrx_word' id='word_1_283' title='bbox 810 2632 855 2665; x_wconf 83' lang='lat' dir='ltr'><strong>noir</strong></span> 
     </span>
     <span class='ocr_line' id='line_1_35' title="bbox 43 2680 512 2740; baseline -0.002 -12"><span class='ocrx_word' id='word_1_284' title='bbox 43 2682 122 2735; x_wconf 71' lang='lat' dir='ltr'><strong>quoad</strong></span> <span class='ocrx_word' id='word_1_285' title='bbox 131 2682 215 2737; x_wconf 80' lang='lat' dir='ltr'><strong>finem,</strong></span> <span class='ocrx_word' id='word_1_286' title='bbox 225 2690 252 2727; x_wconf 90' lang='lat' dir='ltr'><strong>nt</strong></span> <span class='ocrx_word' id='word_1_287' title='bbox 266 2683 376 2740; x_wconf 57' lang='lat' dir='ltr'><strong>maneta</strong></span> <span class='ocrx_word' id='word_1_288' title='bbox 388 2680 512 2739; x_wconf 80' lang='lat' dir='ltr'><strong>explicant,</strong></span> 
     </span>
    </p>

    <p class='ocr_par' dir='ltr' id='par_1_8' title="bbox 41 2748 856 2936">
     <span class='ocr_line' id='line_1_36' title="bbox 81 2748 856 2810; baseline -0.008 -11"><span class='ocrx_word' id='word_1_289' title='bbox 81 2748 112 2809; x_wconf 69' lang='grc' dir='ltr'><strong>(ί)</strong></span> <span class='ocrx_word' id='word_1_290' title='bbox 125 2754 224 2799; x_wconf 78' lang='lat' dir='ltr'><strong>Scilicet</strong></span> <span class='ocrx_word' id='word_1_291' title='bbox 235 2754 297 2798; x_wconf 81' lang='lat' dir='ltr'><strong>maia</strong></span> <span class='ocrx_word' id='word_1_292' title='bbox 306 2754 382 2810; x_wconf 76' lang='lat' dir='ltr'><strong>culpe</strong></span> <span class='ocrx_word' id='word_1_293' title='bbox 393 2764 446 2809; x_wconf 80' lang='lat' dir='ltr'><strong>qnae</strong></span> <span class='ocrx_word' id='word_1_294' title='bbox 454 2756 516 2799; x_wconf 79' lang='lat' dir='ltr'><strong>Deus</strong></span> <span class='ocrx_word' id='word_1_295' title='bbox 527 2752 632 2798; x_wconf 88' lang='lat' dir='ltr'><strong>ordinare</strong></span> <span class='ocrx_word' id='word_1_296' title='bbox 644 2752 727 2797; x_wconf 87' lang='lat' dir='ltr'><strong>dicitur</strong></span> <span class='ocrx_word' id='word_1_297' title='bbox 737 2752 761 2795; x_wconf 87' lang='lat' dir='ltr'><strong>in</strong></span> <span class='ocrx_word' id='word_1_298' title='bbox 773 2764 856 2808; x_wconf 81' lang='lat' dir='ltr'><strong>genero</strong></span> 
     </span>
     <span class='ocr_line' id='line_1_37' title="bbox 41 2812 856 2873; baseline -0.007 -14"><span class='ocrx_word' id='word_1_299' title='bbox 41 2823 123 2858; x_wconf 69' lang='lat' dir='ltr'><strong>canu</strong></span> <span class='ocrx_word' id='word_1_300' title='bbox 135 2814 213 2862; x_wconf 77' lang='lat' dir='ltr'><strong>tinaiie</strong></span> <span class='ocrx_word' id='word_1_301' title='bbox 234 2827 278 2872; x_wconf 84' lang='lat' dir='ltr'><strong>por</strong></span> <span class='ocrx_word' id='word_1_302' title='bbox 291 2816 415 2873; x_wconf 82' lang='lat' dir='ltr'><strong>accidens,</strong></span> <span class='ocrx_word' id='word_1_303' title='bbox 434 2814 470 2859; x_wconf 82' lang='lat' dir='ltr'><strong>vel</strong></span> <span class='ocrx_word' id='word_1_304' title='bbox 486 2820 580 2872; x_wconf 88' lang='lat' dir='ltr'><strong>propter</strong></span> <span class='ocrx_word' id='word_1_305' title='bbox 593 2816 680 2859; x_wconf 85' lang='lat' dir='ltr'><strong>bonum</strong></span> <span class='ocrx_word' id='word_1_306' title='bbox 695 2813 755 2869; x_wconf 87' lang='lat' dir='ltr'><strong>quod</strong></span> <span class='ocrx_word' id='word_1_307' title='bbox 772 2824 800 2856; x_wconf 86' lang='lat' dir='ltr'><strong>ex</strong></span> <span class='ocrx_word' id='word_1_308' title='bbox 812 2812 856 2857; x_wconf 80' lang='lat' dir='ltr'><strong>illia</strong></span> 
     </span>
     <span class='ocr_line' id='line_1_38' title="bbox 41 2873 853 2936; baseline -0.006 -15"><span class='ocrx_word' id='word_1_309' title='bbox 41 2873 124 2931; x_wconf 69' lang='lat' dir='ltr'><strong>elicit,</strong></span> <span class='ocrx_word' id='word_1_310' title='bbox 136 2880 172 2923; x_wconf 81' lang='lat' dir='ltr'><strong>vel</strong></span> <span class='ocrx_word' id='word_1_311' title='bbox 191 2884 291 2936; x_wconf 88' lang='lat' dir='ltr'><strong>propter</strong></span> <span class='ocrx_word' id='word_1_312' title='bbox 305 2890 399 2935; x_wconf 76' lang='lat' dir='ltr'><strong>paenam</strong></span> <span class='ocrx_word' id='word_1_313' title='bbox 413 2890 482 2932; x_wconf 87' lang='lat' dir='ltr'><strong>quarn</strong></span> <span class='ocrx_word' id='word_1_314' title='bbox 497 2878 589 2935; x_wconf 84' lang='lat' dir='ltr'><strong>indigit;</strong></span> <span class='ocrx_word' id='word_1_315' title='bbox 608 2888 654 2921; x_wconf 91' lang='lat' dir='ltr'><strong>non</strong></span> <span class='ocrx_word' id='word_1_316' title='bbox 667 2882 744 2921; x_wconf 84' lang='lat' dir='ltr'><strong>autom</strong></span> <span class='ocrx_word' id='word_1_317' title='bbox 761 2885 802 2929; x_wconf 86' lang='lat' dir='ltr'><strong>per</strong></span> <span class='ocrx_word' id='word_1_318' title='bbox 816 2886 853 2928; x_wconf 68' lang='lat' dir='ltr'><strong>sc,</strong></span> 
     </span>
    </p>

    <p class='ocr_par' dir='ltr' id='par_1_9' title="bbox 62 2937 498 2986">
     <span class='ocr_line' id='line_1_39' title="bbox 62 2937 498 2986; baseline 0.011 -8"><span class='ocrx_word' id='word_1_319' title='bbox 62 2937 116 2981; x_wconf 80' lang='lat' dir='ltr'><strong>ruri</strong></span> <span class='ocrx_word' id='word_1_320' title='bbox 127 2952 208 2986; x_wconf 78' lang='lat' dir='ltr'><strong>eornm</strong></span> <span class='ocrx_word' id='word_1_321' title='bbox 224 2940 310 2985; x_wconf 82' lang='lat' dir='ltr'><strong>author</strong></span> <span class='ocrx_word' id='word_1_322' title='bbox 323 2942 360 2986; x_wconf 83' lang='lat' dir='ltr'><strong>voi</strong></span> <span class='ocrx_word' id='word_1_323' title='bbox 375 2950 446 2985; x_wconf 71' lang='lat' dir='ltr'><strong>cauta</strong></span> <span class='ocrx_word' id='word_1_324' title='bbox 462 2939 498 2984; x_wconf 80' lang='lat' dir='ltr'><strong>tit.</strong></span> 
     </span>
    </p>
   </div>
   <div class='ocr_carea' id='block_1_4' title="bbox 0 0 1000 3342">
    <p class='ocr_par' dir='ltr' id='par_1_10' title="bbox 0 0 1000 3342">
     <span class='ocr_line' id='line_1_40' title="bbox 0 0 1000 3342; baseline 0 2"><span class='ocrx_word' id='word_1_325' title='bbox 0 0 1000 3342; x_wconf 95' lang='lat' dir='ltr'><strong> </strong></span> 
     </span>
    </p>
   </div>
  </div>
 </body>
</html>
