1992 3342
341 205 372 241 nn
390 206 499 244 sorenrro
515 210 564 245 nor.
807 203 870 249 itt*

74 282 137 332 Unde
148 280 276 331 meandum
290 283 342 342 est,
356 280 418 343 qnod
428 284 567 335 antecedens
580 288 615 338 est
625 286 779 336 decedendum
789 288 855 339 alnoo·

44 354 93 402 lnld.
108 355 160 404 Nee
175 356 259 401 nmen
272 350 378 415 sequitur
389 352 425 416 (ιιι
435 353 529 416 qnidam
543 354 631 419 dieunt)
642 354 703 419 qnod
713 370 855 421 consequent

43 426 69 473 sil
83 423 247 475 necessarium
252 422 367 486 anselme,
377 424 432 487 qnia
442 427 579 477 antecedens
586 431 621 477 est
629 440 698 477 cansa
705 433 793 479 remota
800 443 855 480 oon-

43 495 174 558 sequentie,
195 494 260 557 qnod
279 497 375 557 propter
392 507 487 545 oausam
506 498 633 559 proximam
650 498 786 562 contingens
809 506 852 552 eet.

43 602 56 615 i
71 569 82 617 l
99 568 145 617 hoe
159 566 224 617 nihil
239 569 285 616 est.
301 567 368 615 Esset
381 567 445 617 enim
458 569 778 635 conditionalislalsa,ou1'ns
789 576 854 624 ante·

44 640 122 689 redens
137 641 205 688 esset
222 650 294 688 eausa
305 640 393 687 remota
410 643 552 703 necessaria,
564 645 588 691 et
599 654 740 704 consequens
757 643 854 695 effeetus

44 710 196 772 contingens,
208 712 236 757 nt
248 711 316 771 puta,
335 707 356 757 si
367 708 466 759 dicerem
477 727 483 758 z
496 728 510 758 ιι
521 712 547 760 si
560 713 593 761 sol
607 712 700 774 oriatur,
715 714 786 763 herba
804 729 856 777 ger·

45 782 142 831 minabit.
161 799 177 828 »
194 782 225 830 Et
238 779 293 830 ideo
309 780 377 831 aliter
390 781 512 833 dicendum
526 787 560 833 est
576 782 637 847 quod
649 786 739 848 quondo
750 786 775 835 in
790 792 855 836 ante-

46 854 135 903 redente
153 851 255 916 ponitur
271 852 359 914 aliquid
377 852 496 914 pertinens
519 855 548 903 ad
568 858 643 905 actum
657 856 755 918 animae,
775 870 855 907 eonse-

46 937 112 983 qnene
128 928 165 974 est
189 922 356 986 accipiendum
377 937 424 973 non
444 926 571 975 seonndum
588 925 648 989 qudd
668 926 693 975 in
708 941 733 977 se
750 932 799 989 est,
815 932 854 979 sed

47 995 165 1043 seeundum
176 994 244 1058 quod
255 998 292 1043 est
302 994 329 1043 io
339 994 417 1044 anima
425 1011 433 1057 ς
441 995 503 1045 aliud
514 996 576 1047 enim
586 1000 620 1047 est
630 1010 679 1047 esse
690 998 724 1047 rei
733 998 758 1047 in
769 1000 854 1062 seipsa,

49 1067 73 1110 et
85 1077 130 1114 esee
140 1066 175 1115 rei
188 1065 216 1114 in
226 1064 318 1115 anona.
334 1066 364 1115 Ut
378 1065 432 1128 pult
441 1066 480 1128 ,si
493 1067 585 1117 deam:
600 1085 614 1114 ε
625 1067 649 1117 Si
661 1068 738 1118 anima
748 1068 856 1134 intelligit

50 1135 145 1198 aliquid,
157 1136 213 1187 illud
225 1141 264 1187 est
283 1137 449 1200 immateriale,
461 1155 475 1184 »
488 1138 664 1201 intelligendum
679 1144 714 1190 est
725 1140 786 1203 qodd
798 1142 855 1193 illod

51 1210 87 1253 εει
96 1206 242 1259 immateriale
255 1208 387 1258 seeundum
402 1207 464 1272 quod
476 1213 511 1260 est
525 1210 549 1259 in
565 1210 700 1272 intellectu,
714 1225 761 1261 non
776 1226 856 1263 εεειιιι-

49 1276 101 1325 dnm
112 1277 170 1342 qood
183 1284 221 1330 est
230 1279 256 1328 in
263 1279 354 1342 seipso.
367 1280 395 1328 Et
403 1280 508 1330 similiter
520 1281 540 1331 si
554 1282 630 1330 dinam
642 1296 647 1329 :
662 1280 706 1330 «Si
720 1284 779 1331 lteris
790 1283 856 1334 scirit

47 1348 138 1412 aliquid,
150 1350 275 1413 illuderit,
288 1366 302 1395 o
316 1363 461 1413 consequens
469 1351 643 1413 intelligendum
655 1355 690 1400 est
698 1355 765 1414 prout
777 1354 856 1403 subeat

46 1419 126 1469 divina
135 1421 263 1484 seientia,
277 1421 369 1471 scilieet
385 1426 452 1484 prout
462 1426 497 1472 εει
510 1422 535 1471 in
552 1436 593 1472 sua
609 1422 855 1487 presentielltnte(l):

44 1490 111 1540 etsie
124 1492 288 1543 neceesarium
299 1496 349 1554 est,
361 1491 419 1542 sicut
436 1496 459 1541 et
477 1494 630 1556 antecedens,
646 1492 700 1557 quia
714 1506 782 1543 omne
797 1494 857 1556 quod

43 1565 93 1623 est,
105 1576 201 1614 neeesse
214 1568 334 1626 estesse,
349 1566 376 1612 ut
389 1562 472 1613 dieitur
485 1563 510 1612 in
524 1565 544 1627 1,
559 1566 697 1614 Periderm.

72 1634 107 1683 dd
117 1636 215 1686 tertium
236 1635 379 1696 dicendum,
393 1632 453 1696 ondd
467 1648 494 1684 ea
507 1648 558 1698 qum
573 1634 728 1699 temporaliter
743 1634 855 1685 inactum

45 1706 216 1769 reduenntrn‚t
229 1706 300 1757 nobis
308 1705 440 1756 eoeoessirt
450 1711 616 1768 eognosonntur
628 1708 653 1757 in
666 1712 779 1771 tempore,
791 1706 831 1757 sed
843 1706 856 1757 d

44 1776 88 1824 lieo
103 1776 128 1825 in
142 1778 295 1840 aeternitate,
309 1790 362 1839 quae
376 1779 410 1826 est
425 1790 495 1839 snpra
507 1780 607 1840 tempus.
628 1780 692 1829 Unde
711 1777 791 1842 nobis,
802 1778 856 1841 qnia

43 1848 200 1907 cognoscimus
211 1848 294 1897 lutura
305 1847 475 1910 contingentia,
486 1847 512 1897 in
525 1853 636 1911 qnantum
650 1849 706 1899 talia
718 1854 780 1910 sunt,
793 1852 855 1899 oerta

42 1931 90 1968 eme
101 1933 149 1970 non
159 1922 276 1984 poesim,
285 1919 329 1969 sed
339 1918 383 1969 soli
395 1920 457 1982 lieo,
467 1919 534 1983 enjus
548 1921 691 1983 intelligere
704 1924 742 1969 est
753 1920 778 1967 in
791 1922 857 1969 aeter-

43 1989 113 2041 ritate
128 2004 203 2056 snpra
216 1994 313 2053 tempus
327 1989 371 2055 (ι).
387 1990 451 2041 Siout
460 1990 516 2054 ille,
535 1990 575 2055 qui
586 1990 650 2040 vadit
663 2002 704 2054 per
717 1989 780 2038 riam
788 2024 796 2050 ,
810 2000 856 2037 non

43 2061 103 2111 ridet
118 2062 173 2112 illoe
184 2061 227 2125 qui
240 2064 296 2125 pest
308 2074 362 2111 eom
374 2062 486 2113 veniunt:
502 2064 542 2113 sod
552 2062 590 2112 ille
605 2061 644 2125 qni
657 2059 770 2122 abaliquo
781 2057 858 2107 altito-

43 2131 93 2181 dine
103 2136 182 2183 totam
194 2132 261 2181 viam
274 2132 390 2195 intuetur,
403 2132 472 2183 eimnl
484 2134 547 2185 ridet
560 2145 640 2183 omnes
653 2132 796 2180 transeunter
808 2141 857 2191 per

43 2202 109 2252 riam.
133 2206 162 2253 ιιι
181 2203 252 2265 ideo,
264 2203 326 2252 illud
337 2203 399 2266 qood
413 2205 481 2254 scitur
494 2204 508 2253 t
521 2205 596 2265 nobie,
611 2206 701 2266 oportet
712 2214 761 2251 esse
776 2212 856 2250 neces·

73 2339 105 2399 tl)
121 2338 289 2385 confluendo
306 2345 333 2383 ιιι
346 2339 423 2395 pride,
440 2348 464 2385 et
476 2352 524 2385 non
536 2341 564 2385 od
579 2339 789 2396 presentiolltotem
800 2339 855 2392 Del,

43 2403 81 2446 sed
94 2402 189 2459 objecti
204 2402 271 2457 qnod
281 2401 408 2446 mondum
419 2414 446 2447 ee
456 2405 506 2447 Deo
519 2414 621 2458 prendens
632 2408 679 2456 eet,
692 2399 823 2444 referendo.

74 2472 105 2533 (ἲ)
115 2475 175 2521 Tale
187 2472 382 2529 aliquidllottine
395 2470 495 2532 (tametsi
504 2485 550 2518 non
562 2474 644 2518 eodeni
658 2472 764 2527 exemplo
778 2466 853 2527 otenel

44 2537 164 2592 eleganter·
182 2535 296 2591 disserit,
309 2534 352 2578 lib.
370 2536 401 2592 V,
417 2536 450 2579 De
467 2535 587 2580 Coorolot.
609 2533 773 2591 Philosophiae
786 2534 857 2580 orosa

47 2599 83 2655 Vl,
96 2600 139 2643 ulii
153 2596 263 2654 explieat
277 2607 307 2639 ex
320 2596 424 2650 professo
436 2610 481 2652 qna
493 2598 584 2643 ratione
598 2596 742 2652 providentia
753 2593 794 2638 liei
808 2604 857 2663 orn-¹

46 2672 98 2702 m
115 2658 241 2718 temporie
259 2668 417 2714 supergresso
428 2660 572 2709 motionem,
586 2662 608 2703 et
620 2658 722 2716 inperito
733 2654 856 2713 proterite

45 2732 71 2761 oe
87 2723 175 2779 sutem
195 2720 286 2777 morin
298 2720 467 2776 complectens,
480 2723 564 2765 omnio
576 2721 646 2777 qeoae'
656 2720 710 2777 iem
726 2718 858 2774 pernotare,

47 2782 72 2821 lo
83 2795 129 2827 earo
139 2781 262 2841 simplici
277 2780 415 2826 conditione
428 2782 572 2827 condiderat.
585 2780 613 2827 Et
622 2782 690 2837 paulo
699 2780 760 2824 intra
773 2794 778 2820 ι
792 2775 856 2844 Unde¹

45 2855 96 2886 Μ
102 2844 281 2902 praevidentia
291 2841 330 2885 red
337 2844 494 2899 providentio
501 2845 584 2902 potilio
593 2843 699 2891 diriter,
709 2838 772 2897 qood
779 2846 858 2893 porro

48 2904 83 2947 lid
99 2915 134 2951 εει
150 2904 240 2965 procul
258 2916 372 2957 exterrere
385 2903 477 2975 πόρρω)
492 2907 521 2950 od
536 2904 712 2963 inpenderetur
728 2898 857 2944 constituto
