1992 3342
131 193 177 242 css
322 202 384 241 nans
400 202 424 250 ι,
441 201 534 247 onnsr.
551 200 634 251 xxvn,
651 201 708 239 ur.
726 203 746 241 r.

130 281 160 334 nd
169 278 255 344 aliquid
264 281 338 341 utro,
348 277 409 327 uode
421 280 503 328 neuter
515 276 591 342 posuit
600 276 805 341 processionemin
816 278 863 345 ipso
874 276 923 327 lleo.

163 352 209 401 Sed
226 346 279 399 clim
290 347 364 398 omnis
373 348 489 412 processio
504 348 534 399 sit
550 348 675 401 secundim
692 349 797 414 aliquem
812 350 925 408 amionem,

130 423 189 475 sicin
204 420 329 473 secumdlrm
339 421 453 473 actionem
464 436 517 485 que
530 421 605 473 tendit
618 421 643 472 in
655 424 795 473 exteriorem
808 422 925 480 materiam

130 498 167 547 est
181 493 256 558 alipra
271 492 388 558 processio
401 494 430 544 ad
451 497 534 557 extra,
556 494 589 545 ita
607 494 735 545 secundnm
754 494 870 547 actionem
888 504 927 557 que

132 570 212 620 manet
223 566 248 615 iu
261 564 311 630 ipso
322 570 422 629 agente,
437 566 565 616 attenditur
576 567 690 631 processio
702 568 809 631 quedam
819 569 850 618 ad
861 566 927 617 inm:

132 642 156 689 et
169 639 214 689 lrcc
227 637 326 689 maxime
339 641 403 703 patet
414 638 439 689 in
449 637 578 702 intellectu,
590 639 656 703 cuijus
665 638 735 701 actio,
747 634 928 690 scilicete'ntetli-

131 725 203 771 pem,
217 715 296 761 manet
309 710 335 762 in
347 710 500 775 intelligente.
521 712 665 777 Quicumque-
678 715 757 765 autem
775 711 900 775 intelligit,
910 723 930 758 er

134 784 180 835 ltoc
190 781 241 846 ipso
252 781 312 847 qudd
324 782 447 846 intelligit,
456 784 560 849 protudit
573 782 658 849 aliquid
671 783 733 835 irrisa
742 784 820 848 ipsum
834 782 895 849 quod
906 784 931 830 ιιι

134 852 254 917 conceptio
273 854 308 905 rei
322 852 446 907 intertectn
463 868 493 905 ex
507 855 532 905 ri
545 855 687 907 intellectiva
703 854 858 921 proveniens,
873 858 897 905 et
910 865 932 902 er

134 926 185 990 ejus
198 926 280 977 notitia
290 928 417 991 procedens
428 943 434 977 :
447 941 517 993 quam
528 927 621 991 quidem
632 927 808 993 conceptionem
816 942 864 979 vor
873 925 932 989 sinni-

136 1000 202 1063 dmt,
217 1003 241 1049 et
251 999 332 1050 dicitur
343 1000 444 1051 verbum
456 1000 544 1051 cordis
553 998 709 1065 significatum
718 1000 788 1053 uerlro
796 1000 872 1051 eoois
887 998 932 1050 Cin

135 1075 213 1121 numm
222 1072 282 1123 Dens
291 1070 322 1123 sit
331 1085 400 1136 super
410 1071 497 1134 omnia,
509 1085 537 1123 ea
547 1086 599 1135 quun
608 1072 633 1121 in
642 1073 689 1123 lleo
701 1071 819 1135 dicuntur,
831 1084 880 1123 nou
891 1072 934 1122 sunt

134 1141 283 1207 intelligenda
300 1142 427 1195 secunddm
445 1144 539 1194 moduni
555 1142 685 1195 infimarum
703 1148 934 1211 creaturarumque

136 1218 190 1265 sunt
200 1228 309 1280 corpom
324 1215 365 1266 sed
382 1215 509 1267 secundnm
519 1214 691 1267 similitudinem
702 1228 863 1279 supremarum
881 1227 934 1265 crea·

137 1291 257 1352 tumrum,
270 1301 321 1353 que
334 1290 388 1338 sunt
398 1286 568 1339 intellectuales
581 1286 730 1351 substantie,
745 1286 760 1337 d
774 1286 860 1351 quibus
876 1288 935 1339 etiarn

137 1358 262 1411 similitudo
282 1363 378 1423 accepta
397 1358 476 1410 delicit
488 1358 503 1409 t
515 1359 717 1424 representatione
737 1358 879 1411 divinorum.
893 1361 934 1409 Nor

138 1430 193 1495 ergd
210 1430 342 1496 accipienda
360 1434 396 1483 est
412 1430 530 1497 processio
547 1430 672 1483 secundnm
688 1428 750 1495 quod
766 1433 801 1481 est
817 1429 844 1481 in
864 1443 936 1494 corpe

138 1503 223 1554 relilrus
231 1504 270 1553 sel
277 1516 319 1567 per
329 1507 416 1553 motum
424 1502 530 1567 localem,
539 1503 577 1555 sel
583 1516 625 1568 per
635 1502 748 1553 actionem
757 1499 858 1566 alicujus
869 1516 937 1553 muse

138 1573 164 1625 in
172 1574 310 1626 exteriorem
322 1574 445 1638 ellectum,
456 1578 483 1625 ut
493 1574 556 1626 calor
569 1574 583 1625 d
596 1574 746 1627 calefaciente
756 1572 782 1623 ln
790 1574 936 1626 calefactum

139 1646 180 1697 sed
191 1645 319 1697 secundnm
329 1646 499 1699 emanationem
509 1645 693 1710 intelligibilem,
709 1649 788 1726 utpote
797 1647 864 1697 uerlri
875 1645 940 1697 intel·

139 1717 233 1780 lipihilis
249 1718 386 1782 edicente,
400 1720 461 1783 quod
474 1719 571 1773 monet·
565 1734 589 1771 ιιι
605 1719 664 1784 ipso.
677 1717 734 1767 m
716 1730 750 1769 sio
760 1716 818 1769 fides
831 1719 940 1771 catholico

140 1789 204 1853 ponit
216 1790 385 1871 processionem
398 1791 423 1841 in
439 1791 531 1843 divinis

170 1861 317 1925 ltprimum
330 1875 383 1925 ergo
396 1862 536 1927 denudum,
552 1862 614 1927 qudd
627 1862 728 1927 objectio
746 1862 786 1913 illa
799 1812 905 1926 procedit
917 1862 942 1909 de

139 1934 284 2001 precessione
297 1948 349 1999 qun
365 1939 400 1985 est
413 1939 488 1986 motus
501 1936 587 1999 localis,
600 1935 638 1987 vel
653 1949 705 1999 que
719 1938 754 1985 est
765 1934 892 1985 secumdlm
908 1948 942 1983 ar-

141 2010 227 2059 tionem
239 2008 373 2059 tendentem
383 2006 409 2057 iu
421 2007 558 2059 exteriorem
568 2005 704 2069 materiam,
715 2006 753 2056 vel
766 2005 791 2055 in
804 2006 944 2057 exteriorem

141 2080 257 2131 ellectum.
265 2078 412 2131 lulisuutem
420 2079 536 2143 processio
543 2092 589 2131 non
597 2077 765 2141 estindiulnis,
773 2077 892 2129 utdictum
901 2084 943 2128 est.

171 2154 207 2204 ld
219 2152 345 2205 secundum
358 2151 495 2214 dicendum,
510 2150 571 2215 qn'od
584 2149 608 2201 id
623 2150 684 2214 quod
697 2150 803 2213 procedit
818 2152 943 2203 secundum

142 2224 311 2287 processionem
323 2237 374 2289 que
383 2223 457 2273 estad
468 2226 543 2285 ertum
552 2225 643 2286 oportet
658 2234 708 2273 esse
722 2222 837 2274 diuersum
849 2222 878 2273 ab
893 2221 946 2271 eoi

142 2309 189 2358 quo
203 2296 306 2359 procedit
321 2312 327 2347 ι
340 2296 380 2347 sed
390 2294 415 2345 id
429 2295 489 2359 quod
503 2292 605 2359 procedit
618 2294 646 2344 ud
660 2293 721 2343 intra
736 2308 843 2360 processu
857 2292 945 2343 intelli-

142 2366 216 2431 gibili,
228 2382 274 2419 non
285 2371 392 2433 opportet
399 2380 449 2418 esse
460 2366 592 2429 diversum
604 2364 651 2419 imo
661 2364 747 2430 manto
758 2365 881 2431 perfectius
891 2378 944 2429 pro

143 2437 218 2501 cedit,
233 2440 296 2490 tanti
307 2440 382 2503 magis
392 2444 428 2490 cst
438 2452 508 2489 unum
518 2452 571 2489 cum
585 2437 638 2489 eod
651 2451 698 2504 quo
711 2439 823 2503 procedit.
838 2438 948 2491 llanilos-

143 2513 192 2558 tum
208 2514 243 2560 est
259 2512 321 2562 enim
339 2510 399 2577 qudd
413 2509 498 2574 quontd
519 2510 603 2575 aliquid
619 2510 692 2573 magn
710 2510 861 2575 intelligitur,
880 2509 948 2557 tant'·

143 2581 263 2645 conceptio
275 2582 435 2633 intellectualis
448 2585 483 2632 est
496 2582 570 2645 magis
579 2582 661 2632 intima
675 2582 828 2647 intelligenti,
840 2586 862 2634 et
871 2582 953 2643 magis

144 2666 223 2703 unum.
243 2656 300 2706 Nam
318 2655 447 2706 intellectus
469 2652 592 2705 secrrndirm
607 2653 653 2705 lroc
673 2648 734 2719 qudd
754 2660 807 2705 actu
822 2654 953 2715 iutelligit.

145 2724 268 2777 secundinm
282 2729 325 2778 hoc
339 2728 364 2777 ιιι
376 2727 451 2790 magis
462 2740 532 2787 rrnrrm
547 2736 600 2777 cum
613 2726 740 2791 intellecto.
751 2728 817 2779 Unde
828 2726 878 2779 clim
888 2725 953 2774 diur-

145 2811 200 2850 num
212 2798 355 2863 intelligere
365 2800 395 2850 sit
408 2800 433 2849 in
448 2798 493 2849 line
506 2798 664 2863 perfectionis,
681 2802 706 2849 ut
717 2800 787 2863 sopri
801 2800 934 2851 dictumest
953 2838 957 2845 .

145 2884 238 2921 necesse
251 2875 286 2920 est
299 2870 359 2933 quid
371 2873 472 2924 ¹uerlrnm
484 2870 588 2921 divinum
602 2870 631 2921 sit
640 2870 744 2935 perlecti
753 2886 826 2925 uuum
833 2884 887 2923 cum
895 2882 928 2918 ιιι
943 2900 948 2912 ·

146 2954 191 3005 quo
201 2941 312 3006 procedit,
321 2943 405 3006 absque
414 2944 478 2995 omni
487 2942 628 2994 diuersitate.
