1992 3342
17 14 18 37 l

214 212 246 249 na
261 211 372 249 usstass
385 212 520 249 urrunnun
534 212 699 251 rmmvmun.
805 202 850 249 tlt

61 286 187 339 soenndinr
202 286 263 351 quoa
274 287 350 351 alona
360 288 469 352 rnpstmm
480 289 515 338 eis
530 288 658 339 revelantur
669 289 699 338 be
712 300 780 350 novo,
791 289 850 350 quod

60 360 215 422 erumnose
226 358 385 423 diemjurlieii;
397 360 457 423 qnod
469 359 559 423 quidem
572 364 715 422 augmentum
726 358 851 409 attenditur

61 429 186 481 meandum
206 430 362 481 extensionem
379 430 456 493 gratim
476 432 505 481 ed
523 428 586 493 plura
606 442 630 481 ee
649 430 852 481 ursulentium

61 502 177 553 Christum
187 506 265 552 autem
278 503 321 553 fuit
332 504 393 553 iacta
405 502 528 552 invmibilis
544 501 622 552 missio
635 502 659 551 in
675 500 787 565 principie
803 514 851 550 sue

60 574 224 637 conceptionis,
238 586 284 624 non
294 579 371 626 autem
382 578 470 638 postea,
484 574 536 623 ebra
547 573 560 623 l
570 573 681 638 principio
693 587 740 624 sum
753 584 852 635 concep-

62 644 131 695 tionis
143 644 212 694 lnerit
222 646 302 708 plenus
314 645 377 696 omui
389 644 502 710 sapientil
514 649 538 695 et
550 645 628 709 pratil.

93 717 127 767 Ab
138 716 382 780 quauumuioentum,
391 717 451 781 qubd
465 718 536 781 prtia
550 720 586 767 est
595 716 619 765 in
630 716 777 767 sacrementis
787 728 853 765 novae

62 787 120 851 legis
128 788 341 850 instrumentaliter,
351 789 409 839 sicut
417 790 488 840 torma
497 788 609 839 artificiali
618 788 685 838 estin
699 786 854 838 instrumentis

62 858 131 922 artis,
146 859 269 911 secundini
282 862 400 924 quemdam
410 861 529 911 leensnm
539 860 626 923 agentis
637 859 660 908 in
669 859 766 923 patiens.
777 858 854 909 illusio

62 933 138 980 anem
151 944 199 981 non
210 930 291 981 dieitur
301 931 351 981 fieri
363 930 410 981 nisi
421 935 526 995 respectu
538 931 630 982 termini
640 946 646 980 ε
661 930 722 980 unde
732 929 810 979 missio
820 930 856 979 di·

61 1000 123 1052 vium
138 1016 241 1066 persone
254 1016 300 1053 nou
314 1003 339 1053 ur
351 1004 379 1053 ad
394 1007 548 1065 esturmenta,
560 1004 600 1053 sed
610 1003 640 1053 ad
657 1014 697 1052 eos
713 1000 751 1064 qni
764 1013 805 1065 per
816 1012 853 1051 se·

60 1076 177 1124 ammenta
188 1074 283 1137 patiam
295 1074 433 1139 suscipiunt.

352 1226 510 1278 eumenius
523 1226 572 1276 vtl.

129 1320 216 1387 Uirium
231 1340 332 1397 Spiritui
347 1346 428 1387 coemto
444 1341 567 1387 conversim
582 1342 708 1386 visibiliter
718 1340 790 1385 milti.

91 1459 127 1510 lul
136 1456 257 1522 septimum
267 1458 301 1508 sic
307 1458 435 1522 proceditur
447 1458 488 1522 (t).
498 1458 592 1509 Videtur
600 1456 660 1521 qubrl
671 1458 766 1522 Spiritui
779 1461 857 1508 sancio

60 1544 108 1581 non
126 1530 249 1580 mureniet
266 1528 385 1580 visibiliter
398 1530 466 1580 mitti.
484 1530 556 1580 Filius
573 1530 634 1580 enirn
656 1529 780 1580 secundum
797 1528 858 1593 qubd

63 1601 185 1653 visibiliter
192 1600 274 1651 missus
284 1605 319 1651 est
325 1601 350 1651 in
359 1600 481 1666 munuum,
489 1602 571 1652 dicitur
580 1614 629 1652 esse
639 1601 713 1651 minor
722 1602 798 1651 Patre.
812 1600 857 1650 Sed

62 1687 180 1739 nunquam
193 1673 276 1735 legitur
286 1673 383 1737 Spiritus
398 1677 489 1726 sanctus
498 1674 573 1723 minor
583 1674 649 1723 Patre
662 1672 696 1739 (i)
715 1688 720 1722 :
736 1686 789 1736 ergo
803 1672 858 1737 Spi-

60 1746 115 1795 ritui
127 1748 208 1795 sancto
221 1757 268 1794 nou
281 1744 388 1794 convenit
399 1744 520 1795 visibiliter
530 1744 599 1795 mitti.

92 1821 116 1866 S.
136 1818 261 1878 Praeterea,
275 1814 353 1865 missio
365 1816 461 1867 visibilis
474 1816 598 1866 attenditur
615 1814 739 1866 secundum
759 1813 858 1879 aliquam

59 1891 188 1938 creaturam
200 1886 313 1937 visibilem
327 1890 478 1951 assumptam,
492 1887 550 1937 sient
570 1886 646 1937 missio
664 1886 715 1939 Filii
733 1886 858 1937 secundum

60 1973 162 2010 curnem.
175 1958 221 2008 Sed
230 1958 327 2023 Spiritus
338 1964 427 2009 sancitu
436 1972 482 2009 non
493 1959 613 2023 assumpsit
624 1958 721 2022 aliquam
731 1962 857 2007 creaturam

60 2030 176 2081 visibilem
191 2045 198 2078 ε
212 2031 273 2080 unde
293 2042 340 2079 nou
356 2033 431 2094 potest
448 2029 493 2079 diei
509 2028 568 2095 qubd
580 2028 605 2078 in
619 2029 729 2091 aliquibus
749 2027 859 2078 creaturis

61 2101 190 2152 visibilibus
199 2101 229 2151 sit
238 2102 284 2151 alio
292 2104 359 2153 morlo
372 2101 439 2165 quim
448 2102 474 2151 in
485 2101 549 2163 aliis,
561 2101 604 2150 nisi
613 2099 671 2150 iortb
683 2100 740 2150 sicut
749 2098 774 2149 in
783 2098 856 2162 signo,

61 2173 119 2223 sicut
132 2176 168 2223 est
180 2173 250 2223 etiam
259 2173 283 2222 in
295 2173 449 2225 sacramentis
459 2177 483 2223 et
493 2174 518 2222 iu
532 2173 636 2224 omnibns
647 2170 723 2235 figuris
737 2171 855 2233 legalibus.

63 2246 113 2295 Non
127 2258 183 2307 ergo
196 2243 295 2307 Spiritus
309 2249 399 2295 saumas
408 2244 529 2295 visibiliter
542 2243 651 2303 mittitur,
670 2241 707 2291 vel
720 2244 808 2305 oportet
820 2242 859 2292 di-

66 2330 118 2367 cere
134 2315 196 2380 qubd
215 2316 339 2367 seeundum
356 2318 431 2368 omnia
450 2316 580 2380 hujusmodi
599 2316 649 2380 ejus
669 2313 746 2364 missio
763 2313 858 2363 visibilis

11 2405 12 2414 ¹
67 2388 200 2439 attenditur.

96 2465 119 2511 lt.
131 2462 263 2523 Praeterea,
271 2460 377 2530 quaelibet
386 2465 488 2511 creatura
496 2459 594 2509 visibilis
604 2463 638 2509 est
648 2458 743 2509 effectus
753 2456 857 2508 demons-

11 2543 12 2548 ’
65 2535 126 2582 trans
137 2535 210 2581 totam
222 2531 364 2582 Trinitatem.
377 2533 428 2583 Non
441 2546 495 2595 ergo
509 2545 549 2595 per
566 2532 617 2581 illas
630 2528 744 2580 creaturas
756 2529 857 2581 visibiles

67 2602 139 2667 magis
150 2602 249 2652 mittitur
259 2602 358 2666 Spiritus
372 2608 462 2653 sanctus
474 2602 542 2668 quim
552 2602 596 2652 alia
609 2614 715 2665 persona.

98 2678 121 2725 t.
133 2677 263 2737 meuses,
274 2673 346 2724 Filius
357 2674 476 2731 visibiliter
489 2678 525 2725 est
536 2674 617 2725 missus
629 2670 753 2723 secundum
770 2672 861 2735 dignis-

101 2800 132 2910 (ἷ)
146 2805 180 2849 lle
193 2802 230 2849 his
241 2802 310 2848 etiarn
324 2803 363 2849 ubi
378 2815 429 2859 sup.
443 2801 531 2847 scilieet
544 2802 601 2849 locis
614 2814 666 2859 quse
678 2809 721 2851 art.
737 2804 765 2862 6,
780 2806 859 2847 notata

70 2878 110 2911 sun
124 2898 130 2910 .

100 2934 130 2997 (2)
146 2938 177 2983 Ut
191 2936 335 2993 Augustinus
344 2936 400 2981 elicit
413 2936 454 2981 lib.
469 2937 504 2994 11,
517 2935 546 2980 de
563 2935 667 2987 Tristi„
678 2948 729 2993 nep,
743 2934 768 2980 b.
