1992 3342
121 195 168 244 tta
314 203 376 240 raus
393 204 415 252 r,
428 202 521 248 oum.
536 203 596 241 auru
601 224 611 252 ,
625 190 680 239 abr.
695 202 723 238 rr.

120 280 222 333 meeum
232 278 341 329 dicuutur
351 278 531 335 sabinieniia,
546 278 604 329 sieut
617 278 631 329 b
643 277 768 333 subsanio
780 276 933 327 substantia

121 352 159 402 vel
175 351 326 416 hypostasis.
343 349 400 401 Cium
412 350 483 412 igitur
493 362 544 400 esse
558 350 693 414 hypostases
704 350 741 399 vel
754 362 866 413 personas
876 348 930 400 nou

120 422 242 473 conveniat
256 420 379 485 generibus
398 423 437 471 nel
450 420 587 488 speciebus,
606 422 744 485 hypostases
762 420 800 470 uel
820 434 932 484 personae

121 507 169 543 non
180 497 235 544 suut
246 492 308 544 idem
320 492 381 557 pubal
393 491 554 545 subsistentiae.

152 571 175 616 s.
193 568 322 629 Praeterea,
338 566 430 617 Boetius
449 566 504 616 dicit
522 566 547 615 in
562 567 632 615 Cena.
651 566 931 629 praedicamentorum,
990 566 991 605 ἐ

122 636 184 700 qnbrl
196 637 344 705 «hypostasis
356 638 437 688 dicitur
447 636 557 701 maath,
565 636 648 689 usiosis
661 640 739 687 autem
749 636 787 703 (id
797 641 834 687 cst
847 638 934 689 subsa-

123 707 213 772 tentia)
224 706 307 759 dicitur
318 710 400 760 forma.
413 726 429 755 u
442 710 488 760 Sci
501 722 576 777 neque
595 710 669 760 lorma
685 722 761 773 neque
775 709 876 760 materh
887 722 934 773 po-

121 782 167 831 test
179 779 225 830 dici
237 793 335 845 persona
348 796 355 831 z
370 794 426 843 ergo
437 794 536 845 persona
548 780 624 831 aliiert
637 780 652 831 b
664 780 787 844 predictis.

154 851 311 916 (Ocncnusro.
329 878 361 889 -
375 854 477 903 Persona
490 852 516 903 in
532 865 616 914 genere
629 851 778 904 rationalium
789 851 935 903 substantia·

121 937 172 973 mm
184 923 209 973 iu
226 923 355 988 significat,
370 924 429 987 quod
447 924 474 973 iu
489 926 539 975 toto
553 936 637 985 genere
650 924 829 975 substantiarum
846 924 935 977 subsis-

122 994 208 1058 tentia,
219 1008 257 1046 res
270 1000 367 1059 natura,
380 995 510 1048 substantia
524 1008 565 1046 seu
578 993 732 1065 hypostasis.)

154 1067 290 1131 Respondes
306 1066 443 1130 hiandum,
460 1066 521 1131 quod
541 1067 667 1117 secundhm
681 1066 845 1130 Philosophum
857 1066 887 1117 in
905 1068 934 1129 V,

122 1141 181 1187 liet.
192 1138 259 1204 (text.
272 1142 322 1200 lt),
334 1137 571 1189 substantiadiaitar
586 1137 716 1202 eaproter.
731 1140 781 1189 lino
796 1138 937 1189 namurci

123 1213 160 1259 tur
176 1204 332 1273 sententie,
353 1210 466 1274 auiditas
484 1210 519 1261 rei
534 1222 603 1274 quam
622 1208 734 1271 significat
755 1208 881 1273 diffinitio,
903 1222 941 1261 se-

98 1283 102 1332 t
123 1280 224 1331 cundum
243 1281 304 1346 qubd
320 1281 416 1332 dicimus
429 1280 490 1346 quin
504 1300 518 1331 a
530 1282 636 1333 diffinitio
653 1281 766 1345 significat
779 1282 937 1333 substantiam

97 1353 100 1370 ²
124 1351 170 1416 rei;
185 1369 199 1400 n
216 1366 284 1417 quam
295 1352 387 1417 quidem
399 1354 550 1405 substantiam
567 1354 639 1404 Graeci
652 1355 738 1403 asiam
759 1358 842 1405 vocant
849 1392 858 1417 ‚
873 1355 941 1419 quod
990 1380 991 1383 ¹

123 1436 167 1475 nos
177 1426 311 1475 essentiam
323 1423 398 1475 dicere
410 1438 539 1488 possumus.
552 1425 602 1477 llio
613 1426 679 1477 modo
689 1424 778 1479 dicitur
786 1425 939 1476 substantia

123 1496 255 1559 subjectum
267 1496 305 1545 vel
318 1496 460 1559 suppositum
469 1498 530 1561 quod
541 1496 642 1549 subsistit
653 1496 677 1547 in
688 1510 771 1559 genere
786 1496 936 1563 substantia.

73 1627 75 1631 ,
125 1567 153 1616 Et
172 1569 215 1617 hoc
231 1566 496 1631 quidem,oom1nuuiter
509 1566 655 1631 accipiendo,
669 1566 784 1619 nominari
802 1572 881 1632 potest
895 1582 938 1619 uo-
990 1568 991 1611 l

124 1638 187 1688 mine
205 1638 348 1702 significante
360 1638 523 1702 intentionem,
534 1643 557 1691 et
568 1638 602 1689 sie
612 1639 693 1689 dicitur
704 1643 868 1705 suppositam
874 1657 884 1709 ,-
894 1655 938 1692 no-
990 1676 991 1685 η

124 1710 224 1759 minatur
238 1710 307 1760 etiam
320 1709 394 1760 tribus
406 1711 537 1763 nominibus
549 1710 729 1778 significantibus
738 1725 801 1776 uern;
816 1726 869 1779 qun
883 1714 938 1777 qui-
990 1708 991 1771 ξ

125 1780 177 1831 dem
187 1784 289 1831 sunteas
302 1782 415 1842 natura,
426 1782 590 1831 subsistentia
601 1785 624 1851 et
635 1782 792 1847 Impostasim
808 1784 938 1835 seanndbm
990 1778 991 1845 i

125 1851 239 1916 triplicem
249 1850 937 1905 musiderationernsubstantiaesicdicta.Secundhmenim
990 1870 991 1887 l

127 1923 188 1989 aubi
197 1938 239 1989 per
251 1937 275 1975 se
290 1923 367 1974 existit
382 1929 407 1976 et
424 1924 506 1975 nonin
521 1924 579 1988 alio,
590 1928 684 1975 vocatur
693 1926 859 1975 subsistentia
874 1943 883 1975 :
896 1925 937 1977 illa
990 1946 991 1983 3

125 1997 189 2046 enlm
202 1994 324 2050 subsistere
333 1996 446 2059 dicimus,
461 2009 512 2060 quae
525 2010 570 2046 non
584 1994 610 2045 in
623 1994 669 2046 alio
684 1996 760 2047 sedin
778 2010 803 2047 se
818 1998 934 2049 existunt.
990 2000 991 2063 f

124 2067 253 2118 &cundum
266 2066 321 2119 verb
335 2066 395 2131 pubal
408 2067 543 2131 supponitur
561 2066 629 2117 ahcui
644 2070 730 2119 nabun
753 2068 889 2131 comminui,
904 2066 938 2119 sia
990 2090 991 2139 y

126 2139 208 2189 dicitur
219 2154 259 2188 res
271 2142 386 2203 natura,
398 2138 457 2189 sicut
468 2139 508 2188 bic
526 2138 598 2189 hamo
612 2142 647 2189 est
660 2152 697 2189 res
706 2142 794 2189 natiuae
808 2140 935 2203 humanam

126 2210 251 2261 seeundhm
263 2210 320 2261 verb
338 2210 397 2274 qubd
414 2210 549 2275 supponitur
568 2210 735 2274 accidentibus,
749 2208 832 2261 ‹licituur
846 2210 939 2279 hypos-

129 2282 193 2330 tasis
204 2282 241 2331 vel
251 2282 400 2331 substantia.
413 2282 478 2341 Quoi
492 2284 568 2332 antem
579 2282 628 2331 hec
641 2281 685 2331 tria
695 2280 787 2332 uomina
801 2280 936 2345 significant
990 2322 991 2327 ,

126 2352 278 2402 communiter
287 2352 313 2402 in
321 2355 370 2403 tcto
381 2365 464 2415 genere
475 2352 663 2415 substantiarum,
672 2352 718 2402 hoc
730 2365 816 2402 nomen
823 2367 935 2417 peremta

126 2421 240 2485 significat
259 2424 382 2487 ingenere
399 2422 543 2473 rationalium
556 2422 741 2473 substantiarum.
990 2472 991 2495 ἦ

159 2494 306 2559 ltprimum
323 2509 377 2559 ergo
392 2495 527 2558 dicendum,
537 2493 596 2557 qubd
613 2492 755 2559 hypostasis
768 2494 830 2558 apud
844 2496 935 2547 bracus

128 2577 158 2614 eu
170 2566 263 2630 propria
275 2566 439 2629 significatione
457 2565 556 2616 nominis
569 2566 639 2615 habet
657 2564 718 2629 qubd
738 2564 853 2627 significet
864 2565 937 2629 quod·

128 2649 218 2699 cunque
228 2636 369 2687 individuum
378 2637 523 2701 substantin3
535 2638 574 2687 sed
585 2650 613 2687 eu
623 2651 665 2687 usu
673 2636 783 2700 loquendi
791 2636 865 2686 hahet
875 2634 936 2699 qubtl
990 2620 991 2709 l

128 2711 230 2760 sumatur
245 2721 287 2772 pro
300 2706 417 2761 individuo
435 2708 552 2759 rahonalis
572 2711 677 2772 naturae,
694 2707 781 2759 ratione
794 2720 843 2759 sun
860 2705 936 2759 arael-

128 2778 215 2829 lentiae.

161 2850 196 2900 ld
207 2851 332 2902 secundum
345 2852 480 2915 dicendum,
491 2850 553 2917 qubd
566 2851 625 2911 sieut
638 2866 679 2903 nos
694 2850 790 2903 dicimus
801 2850 826 2901 in
847 2849 932 2901 diuinis
990 2844 991 2847 ’

129 2920 247 2983 pluraliter
256 2926 308 2972 ires
315 2937 434 2986 persiana
443 2928 467 2974 et
478 2926 530 2973 ires
536 2924 719 2981 subsistentias,
728 2922 761 2975 ita
767 2922 843 2973 ¹(irasci
854 2922 933 2974 haunt
990 2966 991 2991 y
