1992 3342
135 187 167 234 68
348 197 409 236 rana
424 198 448 247 r,
465 197 557 242 ouen.
573 197 604 248 v,
622 196 676 236 aar.
693 198 721 235 u.

136 276 163 322 ut
179 275 243 337 patet
258 272 284 322 iu
297 273 317 322 V
331 285 384 337 cap.
398 272 431 322 de
445 274 495 323 dia.
509 273 585 324 Nom.
597 273 657 338 Ergo
672 271 706 340 (1)
717 273 804 325 bonurn
816 275 941 327 aeonium

136 343 250 394 rationem
267 347 303 394 est
321 344 384 408 priira
397 343 466 408 quint
482 359 533 394 ens.

167 420 192 464 2.
213 417 338 479 Praeterea,
351 414 407 466 illud
427 419 461 466 est
478 416 543 480 prius
555 415 679 466 secundum
696 413 825 479 rationem,
841 415 903 479 quod
914 416 942 467 ati

135 486 202 549 plura
212 499 236 536 εε
250 487 360 538 extendit.
374 488 418 538 Sed
427 487 515 538 bonum
529 488 558 539 ad
570 487 637 552 plura
651 499 677 536 εε
687 487 791 537 extendit
802 485 870 552 qutun
886 499 942 552 ens3

133 557 189 619 quia
197 561 224 607 ut
232 555 289 607 aicit
298 558 364 608 ilion.
373 560 392 607 V
401 559 434 608 de
443 557 496 608 dio.
508 559 594 614 Nom„
604 558 721 608 mnrrmso
732 558 835 609 extendit
844 558 874 608 ari
883 558 944 608 enis-

134 627 209 678 tentia
221 631 245 678 et
259 642 305 679 non
321 629 453 693 existentia,
465 641 507 680 ens
516 627 572 679 verb
586 629 615 679 atel
627 628 749 679 existentia
763 631 854 679 tantuna
867 643 873 677 :
888 641 945 692 ergo

135 695 222 748 bonum
232 702 268 749 est
278 699 341 764 priira
351 701 475 751 secundum
485 699 599 750 rationem
609 698 677 763 quim
687 713 738 750 ena.

170 775 193 820 3.
207 772 330 834 Praeterea,
342 772 402 836 quod
417 773 452 822 est
464 770 629 833 universalius,
643 773 679 833 cst
692 768 756 834 prius
769 769 894 819 secundum
908 783 946 820 ra-

137 842 231 893 tionem.
246 844 292 894 Sed
304 843 388 896 bouum
399 843 488 893 uidetur
505 855 554 893 εεεε
568 841 719 892 universalius
733 838 802 906 quim
814 853 856 891 ens
869 856 875 890 :
891 842 946 904 quia

137 914 223 965 bouum
234 916 303 966 babet
313 916 425 965 rationem
433 912 576 978 appetibilio3
588 913 722 977 quibrrarlam
732 915 810 962 autern
818 912 946 976 appetibile

137 989 173 1036 est
184 985 259 1050 ipsum
270 999 386 1050 nonense,
398 985 479 1036 dicitu
492 983 553 1034 enim
563 983 653 1034 rectit.
665 983 736 1034 xxvi
747 983 774 1034 de
785 983 842 1034 luda
855 999 861 1032 :
875 1001 891 1032 ε
901 985 947 1034 Βε-

137 1069 193 1107 num
204 1061 253 1107 erat
266 1058 301 1120 ei,
312 1057 332 1107 ai
345 1060 412 1107 natus
423 1069 470 1106 non
480 1053 563 1115 bisnei
564 1091 573 1118 ‚
584 1056 629 1104 etc.
642 1069 656 1101 o
669 1055 729 1118 Ergo
739 1054 825 1105 bonum
835 1057 871 1105 est
881 1055 948 1120 pribs

138 1125 206 1190 quam
220 1141 261 1178 ens
274 1129 399 1179 seeundum
413 1127 533 1177 rationem.

171 1202 194 1248 t.
209 1200 335 1264 Praeterea,
350 1211 397 1250 non
412 1199 483 1248 solum
496 1211 548 1247 εεεε
561 1199 596 1247 eat
610 1195 748 1261 appetibile,
762 1197 803 1246 sod
816 1199 840 1246 el
853 1195 905 1246 uita
921 1203 946 1249 et

137 1267 251 1333 sapientia
265 1275 289 1322 et
308 1271 379 1321 multa
397 1268 543 1334 hujusmodi3
558 1271 582 1318 et
600 1267 633 1317 sic
651 1267 742 1317 ridetur
760 1267 821 1330 quod
842 1279 893 1317 εεεε
914 1268 947 1320 sit

138 1341 252 1404 quoddam
275 1342 410 1406 particulare
432 1339 575 1405 appetibile,
593 1342 616 1388 ct
629 1340 716 1389 bonum
732 1336 861 1406 uniuersale
877 1337 914 1404 (a)
938 1355 944 1389 :

138 1409 223 1461 bonum
243 1423 296 1478 ergo
312 1411 443 1475 simpliciter
463 1413 498 1462 est
519 1409 582 1474 priua
598 1409 723 1460 meandum
741 1409 853 1460 rationem
874 1409 947 1474 quiam

140 1491 190 1533 ann.
847 1499 852 1506 ·

170 1552 215 1601 sea
228 1555 307 1602 antu
322 1555 369 1616 est,
382 1550 535 1616 putabatur
549 1551 574 1600 aa
588 1551 630 1602 nn.
647 1549 677 1600 oe
688 1552 785 1606 caari,
796 1539 947 1615 quaa‘pnma
987 1584 989 1643 i

138 1633 216 1672 rarum
227 1624 352 1672 creatarum
363 1627 398 1673 est
408 1635 467 1672 εεεε.
987 1656 989 1661 -

170 1691 415 1756 (conanae-lina
421 1730 431 1756 ,
448 1692 501 1742 cbrn
513 1692 577 1757 prius
591 1692 657 1743 cadat
671 1690 697 1742 in
710 1690 859 1756 conceptione
875 1692 948 1745 intel-

138 1763 212 1814 lectus
222 1762 290 1826 quim
300 1764 398 1828 bonum,
412 1765 463 1828 ipso
473 1764 544 1816 etiarn
556 1763 620 1827 prius
628 1767 665 1814 eat
674 1764 798 1814 seeundum
810 1762 947 1830 rationem.)
987 1772 989 1787 ¹

170 1834 304 1898 Respondeo
316 1834 449 1898 dicendum,
461 1834 522 1900 qubd
531 1849 572 1886 ens
580 1835 705 1886 secundum
713 1833 825 1885 rationem
835 1837 871 1884 est
879 1836 949 1898 prius
987 1880 989 1883 .

131 1903 201 1968 quim
213 1905 307 1955 bonum.
322 1905 389 1956 ilatio
407 1905 469 1956 enirn
483 1905 609 1968 significata
624 1920 666 1970 per
680 1918 777 1969 nomen,
794 1907 830 1955 est
842 1904 867 1955 id
883 1908 948 1971 quot

78 1981 105 2014 J
136 1975 236 2040 concipit
248 1976 465 2042 intellectualem,
481 1980 508 2028 et
521 1977 633 2040 significat
646 1977 703 2028 illud
716 1990 758 2041 per
771 1990 853 2027 vocem
866 1992 873 2026 ε
887 1978 948 2031 illuri

136 2059 191 2110 ergo
208 2050 243 2097 est
256 2047 321 2111 prins
336 2049 460 2100 secundum
472 2047 599 2111 rabonem,
613 2049 674 2113 quod
688 2049 752 2113 priua
767 2048 828 2099 eadit
842 2047 869 2099 in
891 2065 948 2102 ron·

172 2215 202 2280 (i)
218 2218 263 2264 Ubi
277 2227 360 2275 nempe
372 2217 488 2280 divinam
496 2232 584 2274 aoruca
592 2219 665 2270 iaoi,
677 2221 754 2270 entia,
763 2220 835 2270 aito,
844 2223 948 2280 eapien-
987 2214 989 2217 ’

137 2280 177 2325 tica
188 2281 221 2326 sio
231 2280 329 2325 ordinat.
345 2284 374 2326 Et
382 2279 479 2326 inieritis
491 2298 498 2325 c
513 2282 569 2327 liae
579 2284 610 2328 ia
623 2282 711 2328 divina
723 2283 825 2328 aomina
839 2280 945 2347 (inquit)

135 2353 213 2387 termo
228 2346 309 2388 poster
322 2343 425 2388 laudare
438 2343 507 2401 cupit
524 2355 578 2401 praa
587 2345 770 2402 prouidentiam
784 2348 924 2393 manticae
939 2367 947 2392 .-
987 2348 989 2371 ¹

136 2405 217 2462 Nepae
231 2407 296 2450 caim
306 2405 386 2462 ipram
396 2405 537 2451 divinitatio
548 2406 691 2456 bonitatem,
701 2407 843 2456 aemam,
855 2411 947 2462 vitam

135 2467 295 2524 sapientiam,
310 2478 362 2524 aaa
379 2468 409 2512 ia
426 2466 535 2512 absim
551 2470 632 2526 potita
648 2472 695 2519 eat,
708 2483 732 2516 eo
747 2469 884 2526 pollicetar
902 2486 947 2522 aa·
987 2471 989 2497 ¹

132 2540 293 2588 praecantare,
303 2529 344 2574 aed
357 2541 409 2574 cam
421 2539 474 2586 poa
484 2533 518 2576 aa
531 2534 554 2576 et
567 2531 680 2578 teotonis
692 2535 714 2578 et
727 2533 835 2578 utilitatis
851 2537 874 2580 et
886 2537 947 2581 oita
987 2542 989 2573 Ι

137 2604 166 2636 aa
178 2592 252 2638 atium
265 2592 392 2650 sapientie
401 2603 487 2651 caasa,
497 2598 544 2638 ete.

170 2649 202 2714 (ii
219 2654 303 2711 Supplc
314 2651 342 2698 ad
356 2653 483 2710 planiorem
497 2655 702 2714 constructionem,
712 2658 735 2700 et
746 2654 836 2700 bom
845 2659 882 2703 eii
895 2659 946 2704 aii·

136 2716 198 2773 puori
211 2714 342 2774 appetibile
352 2715 498 2761 anivereoie.
510 2717 573 2770 Quod
586 2724 663 2763 autern
676 2723 703 2762 ut
716 2730 746 2762 ex
757 2717 800 2762 lib.
813 2717 843 2763 aa
854 2719 947 2767 Carteia
987 2746 989 2775 :

136 2790 190 2822 nrox
199 2779 296 2836 additur,
304 2778 403 2822 babetur
411 2777 546 2835 intoropera
557 2780 762 2836 Pbiioeopbijuxta
770 2782 947 2830 vetustissimas
987 2826 989 2837 ,

135 2839 250 2886 editiones
258 2845 320 2896 post.
331 2838 361 2884 1a
370 2840 442 2886 libros
452 2839 568 2904 nimpi,
579 2841 772 2901 licetnliuropur
781 2845 885 2908 nonsit,
894 2847 947 2905 janu
987 2875 989 2892 .

136 2909 331 2959 notatumsupra.
987 2935 989 2967 Ι
