1992 3342
389 239 422 278 ur
438 242 494 280 urs
511 241 560 279 uu.
831 235 876 280 aar
968 291 969 294 Ἴ

78 314 159 363 menta.
184 312 232 362 Sed
252 312 287 363 eis
306 314 437 366 attribuitur
455 317 519 380 rita,
532 317 638 368 dieuntm
651 317 713 368 enim
727 319 877 380 aquaviva.

77 383 132 448 Ergo
145 383 223 434 multo
234 385 309 448 magis
321 386 366 436 aliu
377 401 472 453 corpora
483 390 596 440 naturalia
610 389 680 440 utum
694 389 789 440 habam.

106 458 356 522 Sodoontraest,quod
365 460 419 510 dicit
426 461 547 526 Dionysius
554 465 674 526 sonmoap.
687 463 721 510 De
728 461 782 510 div.
793 463 879 521 Nom.⁴

77 528 132 591 quod
151 547 167 578 u
185 531 289 594 plantae,
312 531 437 582 seeundum
458 534 564 584 ultimam
586 533 743 584 resonantiam
758 532 792 598 (l)
809 533 879 596 vito,

76 601 159 650 babent
168 601 251 651 urere
265 617 270 651 :
285 619 299 648 u
311 617 341 652 ex
353 617 399 666 quo
412 608 488 667 potest
503 605 579 668 aaoipi
590 603 650 668 quod
663 605 770 654 ultimum
783 606 879 667 madum

75 672 124 722 vitu
137 673 248 722 obtinent
259 675 354 738 plantae.
366 676 412 726 Sed
425 690 519 741 corpora
536 676 660 726 inanimata
674 679 729 726 sunt
738 676 799 726 intra
812 677 881 740 plan-

76 746 123 792 tas:
134 757 192 806 ergo
201 758 284 794 eorum
294 759 341 797 non
352 749 387 796 est
397 746 485 798 uiuere.

104 814 259 878 (Coumusro.
269 843 301 853 —
309 817 366 867 Cum
375 822 438 867 motu
448 819 551 868 urentia
563 817 576 868 b
587 831 633 870 non
643 819 776 869 uiuentibus
784 831 880 881 ooffuos·

79 887 387 950 mntur,eapropriduirere
395 888 502 940 dicuutur
507 889 772 955 quasaipsasuuunuuur
780 889 879 953 aliquam

79 957 176 1018 spedus
189 958 267 1008 motrts
277 958 398 1022 movent.)

108 1029 246 1092 lleapondeo
259 1029 383 1080 dicendum
400 1029 460 1094 quod
478 1044 508 1080 ex
523 1031 560 1081 his
575 1045 626 1094 quo
645 1031 765 1082 manifesto
785 1031 880 1092 uiuunt,

81 1098 177 1161 amipere
190 1113 329 1163 possumus,
343 1115 441 1164 quorum
457 1101 488 1151 sit
508 1102 603 1165 uiuere,
623 1105 647 1152 et
666 1116 763 1165 quorum
786 1116 832 1153 nou
851 1101 881 1152 sit

81 1167 161 1219 urere
171 1172 259 1222 Vivere
269 1176 349 1222 autem
357 1165 480 1222 manifrestd
492 1174 630 1224 animalibus
650 1173 758 1223 conuenit
771 1190 778 1234 ·‚
798 1173 880 1222 dicitur

80 1238 136 1289 onim
148 1241 173 1290 in
187 1243 250 1294 libro
259 1244 288 1305 1,
305 1243 339 1291 de
352 1243 535 1307 oeqetabilr'bas
552 1244 599 1306 (bl,
617 1243 676 1307 quod
689 1245 737 1294 uita
755 1244 781 1292 in
795 1244 882 1294 anima-

78 1309 132 1361 libus
144 1313 274 1363 maniiesta
287 1317 331 1362 est.
347 1315 412 1364 Unde
430 1315 555 1365 seeundum
569 1315 625 1364 illud
638 1317 728 1378 oportet
743 1313 882 1376 distinguere

78 1379 175 1433 viventia
195 1382 209 1432 'a
226 1383 434 1447 munientibus,
449 1385 576 1435 seeundum
586 1384 646 1448 quod
655 1383 763 1434 animalia
776 1383 884 1432 dicuntur

77 1453 161 1504 vivere.
176 1457 228 1506 Hoc
243 1459 323 1505 autem
337 1460 374 1506 est
388 1455 414 1505 in
427 1469 471 1519 quo
488 1456 562 1520 primo
574 1454 805 1516 manifestaturum,
822 1457 845 1504 et
859 1454 883 1503 in

76 1538 115 1584 uuo
133 1526 219 1576 ultimo
239 1530 357 1576 remanet.
379 1527 457 1577 Primo
475 1531 553 1578 autem
571 1527 669 1576 dicimus
685 1525 771 1575 animal
788 1523 881 1594 uiuere,

77 1597 326 1661 quandoinoipitexse
338 1601 425 1647 motum
433 1599 533 1661 habere;
546 1602 569 1648 et
578 1598 665 1648 tamdiu
672 1596 788 1661 judicatur
796 1595 881 1646 animal

75 1665 162 1731 duero,
176 1667 291 1732 quamdiu
303 1668 356 1718 talis
369 1671 445 1719 motus
454 1669 480 1718 iu
491 1683 519 1718 eo
532 1673 639 1732 apparet3
656 1669 746 1732 quando
759 1665 814 1716 verb
829 1665 879 1729 jam

76 1749 103 1785 er
112 1752 137 1789 se
148 1754 198 1790 non
210 1740 283 1788 babet
293 1739 395 1802 aliquem
406 1744 502 1802 motum,
512 1742 552 1791 sed
563 1744 666 1790 mouetur
680 1739 769 1790 tantum
783 1739 812 1788 ab
826 1738 880 1800 ulio,

77 1810 125 1859 tune
142 1810 232 1861 dieitur
248 1811 337 1860 animal
357 1815 488 1860 mortuum
506 1825 547 1875 per
566 1811 680 1860 delectum
699 1810 763 1862 rita.
782 1811 816 1858 Ex
837 1823 882 1872 qno

78 1883 134 1938 patet
149 1881 215 1945 quod
226 1881 268 1930 illa
280 1881 374 1944 proprio
391 1885 447 1932 sunt
464 1881 581 1945 uirentia,
596 1896 646 1946 quae
663 1882 738 1946 seipsa
757 1879 882 1930 seeundum

76 1951 172 2014 aliquam
190 1953 296 2017 speeiem
311 1953 388 2002 motos
406 1957 517 2015 mouent3
535 1953 583 2004 sive
598 1953 720 2017 accipiatur
738 1955 814 2002 motus
827 1963 881 2014 pro·

75 2022 134 2086 uno,
148 2025 212 2074 siout
224 2027 303 2074 motus
314 2023 401 2074 dieitur
414 2029 487 2075 octus
504 2026 649 2089 imperfecti
666 2023 702 2088 (id
716 2027 751 2071 est
763 2020 883 2072 existentis

75 2091 247 2157 inpotentia),
262 2095 311 2144 siue
322 2100 397 2145 motus
408 2096 535 2160 arripiatur
547 2095 716 2156 communiter,
726 2095 794 2156 prout
805 2094 881 2142 motus

76 2162 155 2214 dieitur
173 2164 250 2214 etiam
272 2168 345 2214 octus
366 2168 491 2229 perlecti,
514 2170 580 2230 prout
600 2166 730 2227 intelligere
754 2167 777 2213 et
798 2162 883 2213 sentire

74 2233 155 2284 dictur
171 2236 265 2286 moueri
273 2273 282 2298 ,
301 2239 327 2285 ut
343 2236 428 2286 dieitur
440 2239 465 2286 in
478 2239 525 2301 ΠΙ,
538 2239 570 2286 de
588 2241 679 2288 Anima
692 2238 765 2300 (tout.
783 2239 828 2297 28,
844 2240 882 2284 vel

105 2358 136 2420 (l)
149 2365 188 2408 Ex
199 2374 277 2422 grauso
286 2359 340 2404 κατ’
354 2355 452 2419 ἔσχατον
462 2355 590 2425 durumne,
603 2365 664 2422 qnod
676 2364 797 2410 cordatius
816 2361 885 2406 uertit

75 2424 193 2468 altimum
208 2425 319 2486 prodam
336 2427 406 2479 uita‚·
425 2427 466 2472 sod
484 2429 607 2473 modernus
622 2428 680 2472 alins
701 2425 777 2470 minus
798 2436 884 2468 conue-

75 2486 175 2546 nienter,
185 2487 214 2530 ab
225 2492 335 2532 extremo
345 2491 438 2548 spiritu
446 2491 503 2534 oitoe
511 2493 587 2534 uitam
595 2490 697 2534 ducunt.
706 2489 794 2533 Dicitur
804 2491 883 2530 autern

74 2558 113 2601 per
126 2550 294 2606 metaphoram
306 2553 336 2594 ab
351 2550 453 2596 extremi
465 2550 599 2598 resonantia
609 2557 691 2596 cautus
700 2552 737 2595 vel
749 2550 822 2607 vocis,
834 2555 880 2592 eto.

104 2617 136 2678 β)
163 2620 219 2666 Siue
244 2620 274 2665 aa
287 2621 401 2677 plautio,
417 2627 443 2667 ut
460 2623 593 2669 inscribitur
611 2623 680 2666 modo
693 2634 721 2666 ex
742 2631 816 2678 gruem
831 2607 884 2677 περὶ

76 2689 164 2749 euriae,
179 2693 238 2750 ubi,
254 2704 308 2748 aup.
327 2691 356 2749 1,
370 2694 446 2738 statim
458 2695 489 2738 ab
507 2695 586 2746 initio,
604 2694 637 2738 sie
653 2692 805 2748 Philosophus
826 2691 857 2734 ait
877 2705 881 2729 :

81 2750 129 2797 t'r'a
142 2759 167 2800 et
180 2757 212 2799 iss
227 2755 380 2799 animalibus
394 2749 453 2801 etia
459 2758 554 2815 plantis
565 2757 715 2813 deprebensa
725 2759 774 2802 est,
786 2755 814 2798 t'o
828 2753 884 2796 auri-

80 2817 181 2862 ntitas
187 2815 292 2874 quidem
299 2823 385 2874 patum
396 2822 417 2864 et
426 2820 565 2877 manifesta,
578 2819 708 2876 implumis
719 2817 776 2861 uero
786 2815 884 2858 abscou-

80 2882 127 2927 dtta
145 2892 169 2931 ιι
188 2898 243 2930 nou
263 2899 386 2944 apparens
409 2883 570 2949 (κεκρημμενη
593 2897 633 2931 και
650 2879 692 2928 u'ut
713 2877 843 2946 ἐμφανὴς),
858 2889 883 2926 ut

79 2946 151 2993 tulere
167 2949 207 2993 est
219 2955 278 2992 tom.
293 2951 321 3006 ἢ,
335 2957 386 3006 post
397 2954 568 3007 problematum
584 2953 664 2996 libros.
