1992 3342
109 130 155 176 too
308 141 367 176 rans
384 141 409 185 r,
427 139 519 183 onnon,
538 140 586 185 xv,
605 140 659 176 nna.
678 140 714 175 in.

108 228 185 265 rerum
199 215 241 280 (l).
257 230 271 261 n
286 216 345 277 drgo
354 229 399 264 non
410 213 511 264 omnium
525 227 576 277 que
588 214 601 264 a
614 216 661 265 ileo
671 218 848 279 cognoscuntur,
862 221 915 267 sunl

109 286 168 337 idea
181 286 277 349 inipso.

142 363 164 406 a.
179 359 306 416 Praeterea,
324 355 384 404 neus
396 356 513 418 cognoscit
528 357 646 406 materiam
659 356 775 419 primam,
797 372 849 421 qna
870 372 917 408 non

110 433 185 493 potest
207 429 291 478 habere
310 427 403 490 ideam,
425 427 584 478 cumunilam
605 428 690 479 habeat
712 428 810 479 formam
831 446 837 479 ε
861 444 918 493 ergo

109 499 171 549 idem
179 500 240 563 qnod
251 497 322 563 prins.

142 574 164 619 l.
184 572 314 631 Praeterea,
333 573 422 618 constat
440 567 503 632 qndd
520 570 579 619 [leus
599 569 642 620 scit
665 584 711 620 non
724 570 798 621 solnm
812 571 918 635 species,

109 640 230 689 sedetiam
243 653 327 703 genera
342 643 365 689 et
380 639 503 703 singularia
517 643 541 691 et
555 641 683 691 accidentia
698 656 704 689 ι
719 642 760 692 sed
774 642 919 691 horumnon

108 716 162 761 snut
175 712 248 774 ideo,
261 711 387 762 secundnm
408 712 545 774 positionem
565 711 665 763 Platonis
687 712 727 775 qni
745 711 834 776 primus
852 712 921 764 ideas

109 781 252 845 introduxit,
268 785 295 831 nt
308 781 364 831 dicit
380 782 518 845 Augustinus
532 782 576 847 (a).
596 785 646 833 Non
657 796 711 846 ergo
725 782 826 833 omniurn
838 784 921 847 cogni-

110 856 186 903 torum
199 852 213 902 'a
227 855 274 904 lieo
289 857 343 903 sunt
355 854 413 904 ideae
430 854 455 902 in
471 854 530 917 ipso.

142 923 188 973 sed
198 927 276 974 contra
291 940 296 972 :
315 925 377 975 ldeae
387 928 441 975 sunt
449 925 550 975 rationes
558 924 583 974 in
593 927 671 976 mente
682 922 760 973 divini
773 923 917 990 existentes,

111 999 138 1045 nt
151 1008 193 1058 per
208 996 359 1059 lumiminum
376 1000 455 1060 patet3
474 997 515 1048 sed
530 996 631 1046 omnium
648 1008 698 1059 quae
711 995 826 1057 cognoscit
838 996 920 1060 Dens,

111 1066 181 1116 habet
197 1068 300 1130 proprias
315 1067 415 1119 rationes
427 1084 442 1117 :1
449 1081 505 1130 ergo
521 1068 623 1119 omnium
640 1081 690 1131 quaa
703 1066 834 1129 cognoscit,
848 1068 922 1119 halet

112 1138 197 1189 ideam.

144 1209 296 1272 (Concedam.
305 1211 453 1261 —Omnium
464 1224 544 1260 eorum
555 1222 606 1273 qnae
618 1206 744 1259 secundum
756 1208 921 1273 quodcumque

111 1284 204 1344 tempus
217 1280 289 1343 finnt,
304 1285 358 1331 sunt
377 1282 434 1332 ideae
447 1281 471 1330 in
485 1283 541 1343 lieo,
555 1292 642 1343 exque
656 1277 797 1341 exemplaria
808 1283 881 1343 sunt;
895 1285 922 1329 nt

111 1350 168 1402 vert
189 1352 289 1406 rationes
308 1352 459 1415 cognoscendi
478 1351 580 1401 omnium
599 1350 628 1399 ab
651 1349 701 1413 ipso
720 1348 876 1414 fentininam,
896 1352 922 1401 in

112 1424 162 1487 ipso
170 1424 228 1475 idea
238 1428 345 1475 sunttam
353 1424 507 1488 speculativa,
519 1436 586 1487 qnam
596 1422 712 1485 practice.

144 1497 280 1559 llespondeo
293 1496 430 1558 dicendum,
440 1494 502 1559 quod
512 1494 565 1544 edm
574 1493 631 1543 ideae
642 1492 656 1542 l
669 1493 763 1542 Platone
776 1498 923 1555 ponerentur

113 1567 225 1630 principia
252 1566 389 1629 cognitionis
413 1581 490 1617 rerum
517 1570 540 1615 et
565 1563 718 1627 generationis
744 1562 846 1627 ipsarum
859 1602 869 1627 ‚
892 1566 922 1616 ad

113 1641 232 1700 armumque
246 1651 270 1687 se
283 1638 353 1687 habet
365 1638 430 1701 iden,
449 1640 517 1701 prout
535 1636 560 1685 in
575 1638 651 1685 mente
670 1633 749 1683 divina
763 1634 859 1699 ponitur
875 1652 882 1685 :
899 1642 923 1686 et

112 1706 238 1755 secundnm
250 1707 312 1769 qnod
326 1712 361 1757 est
374 1708 511 1771 principium
522 1705 627 1756 factionis
636 1718 722 1767 rerum,
731 1704 866 1769 exemplar
874 1705 923 1756 dici

112 1780 188 1839 potest
200 1781 224 1827 et
236 1778 266 1827 ad
278 1778 403 1840 practicam
415 1778 568 1841 cognitionem
581 1776 696 1841 pertinet;
706 1774 832 1826 secundum
840 1782 923 1828 autern

113 1847 175 1911 quod
189 1848 329 1912 principium
340 1850 519 1912 cognoscitiunm
539 1852 587 1911 est,
598 1846 688 1911 proprie
708 1846 790 1897 dicitur
807 1849 881 1899 ratio
901 1855 924 1901 ct

114 1924 189 1983 potest
202 1921 271 1971 etiarn
288 1921 318 1971 ad
337 1921 457 1972 scientiam
468 1920 632 1986 speculativam
643 1917 768 1983 pertinere.
787 1919 924 1971 secundm

114 2006 169 2056 ergo
187 1992 249 2057 qnod
268 1994 401 2058 exemplar
418 1997 466 2056 est,
484 1992 609 2043 meandum
624 1993 701 2041 locse
716 1990 785 2039 habet
799 1991 924 2043 adomnia

115 2078 165 2126 que
182 2063 255 2115 alteo
269 2065 327 2115 finnt
348 2064 472 2115 secundnm
487 2065 578 2129 aliquod
600 2066 708 2126 tempns3
723 2062 854 2111 secundnm
867 2063 924 2115 vero

114 2131 174 2198 quta
189 2136 326 2200 principium
340 2135 519 2198 cognoscitinnrn
539 2140 590 2199 est,
611 2148 635 2185 sc
648 2134 717 2183 habet
736 2134 765 2183 ad
777 2135 858 2185 omnia
871 2150 924 2201 qnae

149 2276 179 2337 (1)
188 2276 252 2325 Siout
258 2287 324 2325 retus
332 2282 445 2337 interpres
452 2282 521 2327 vertit
533 2270 659 2341 ἀφοριςικὰ
668 2266 708 2319 καὶ
720 2268 845 2337 ποιητικὰ,
855 2282 880 2325 id
889 2287 925 2326 est

114 2354 167 2397 quaa
176 2352 214 2385 reo
225 2341 391 2389 determinandi
399 2351 423 2388 et
432 2343 533 2389 faciendi
545 2345 591 2389 viru
601 2344 697 2401 habent,
713 2348 759 2387 etc.

148 2410 177 2471 (2)
192 2413 309 2469 Colligitur
321 2428 350 2460 ex
359 2416 402 2460 lib.
418 2414 457 2473 83,
470 2421 552 2471 qnaest.
564 2414 604 2473 dd,
617 2420 642 2459 ut
653 2415 702 2470 inm
717 2425 787 2468 snpra
800 2428 806 2454 ε
824 2426 874 2459 non
892 2413 925 2457 sic

115 2480 193 2519 tamen
206 2481 232 2519 ut
245 2488 287 2521 ens
299 2478 363 2522 Plato
379 2478 466 2534 primns
477 2478 614 2534 excogitauit
623 2476 699 2533 quoad
711 2487 761 2520 rern
770 2475 866 2536 ipsam,
885 2476 925 2521 sed

115 2537 178 2592 qnod
194 2538 281 2594 primus
296 2538 365 2584 idone
387 2540 512 2596 appellavit
527 2553 578 2596 qna
596 2540 658 2597 prins
677 2540 706 2583 ab
721 2537 772 2582 aliis
785 2537 834 2583 alio
854 2544 925 2595 atque

116 2600 162 2644 alio
173 2600 266 2645 nomine
276 2603 430 2655 accubantum
441 2603 554 2657 quianon
568 2608 604 2648 est
615 2602 738 2647 verisimile
750 2600 789 2643 vel
801 2600 927 2657 sapientes

116 2662 192 2707 nullos
209 2668 262 2707 ante
279 2664 398 2709 Platonem
409 2665 526 2720 extitisse,
542 2666 578 2710 rel
592 2665 655 2709 idens
669 2676 715 2708 non
729 2662 856 2719 agnouisse
875 2664 926 2709 sina

116 2724 200 2778 quibus
211 2737 262 2769 esse
279 2726 371 2781 sapiens
383 2739 450 2771 nemo
463 2732 552 2784 potest,
569 2733 593 2771 nt
605 2726 691 2773 ibidem
706 2725 800 2769 disserit
811 2726 927 2784 Angusti-

116 2798 168 2829 nus.
192 2790 222 2831 Et
235 2800 263 2830 ex
274 2787 356 2832 eodem
368 2789 422 2833 item
434 2790 486 2833 loco
498 2802 598 2845 manens
613 2788 725 2847 appendix
737 2786 926 2844 desumptum,

116 2848 204 2894 scilieet
221 2850 284 2905 qno'd
298 2850 359 2895 idern
369 2852 420 2895 aiot
430 2854 537 2897 rationes
551 2852 579 2896 in
591 2856 668 2897 moute
680 2851 768 2896 divino
782 2851 927 2897 mittentes.
