1992 3342
421 123 429 138 ·
475 41 670 162 {leven

137 243 166 288 ΒΞ
348 250 407 287 ross
437 249 550 299 ,onnon
565 249 599 298 n,
613 247 668 286 aar.
684 249 718 285 ιιι.

135 327 160 378 in
170 327 255 378 mundo
267 329 361 389 possunt
374 338 401 376 oo
441 325 483 374 ieri
501 337 544 390 por
555 324 600 374 ntia
610 323 735 389 principia,
748 326 867 390 supposito
876 327 942 392 qnod
990 318 991 323 ’

136 400 196 450 Deus
206 410 252 450 non
262 397 292 448 sit
304 414 310 448 ;
322 397 375 463 quia
427 410 477 460 quae
488 400 545 449 suni
553 397 678 460 nuturalia,
688 398 827 463 reducuntur
837 397 943 470 iunxim-

135 470 156 520 oi
172 470 219 520 ium
261 471 304 521 uod
315 473 350 520 est
363 483 391 519 na
419 484 429 518 r
450 485 456 531 ;
472 482 498 519 ea
510 467 565 519 voro
578 473 692 532 qunsunt
704 463 856 534 apioposito,
873 472 943 522 rodu-
991 522 993 561 t

136 557 179 591 eun
191 557 217 592 ur
232 557 255 592 ιιι
272 482 499 607 primuni
517 545 553 592 est
567 541 624 606 ratio
643 542 754 604 hnmana,
769 543 808 592 uel
823 544 940 594 voluntas.

137 615 202 665 Nulla
212 614 281 678 igitur
292 615 414 665 necessitas
424 617 459 664 est
471 627 557 677 ponere
563 597 748 664 iteuffi‘e‘s‘sess*

166 687 210 736 Sed
220 691 298 737 eontra
309 691 357 750 est,
367 687 427 750 quod
438 685 520 736 dieitur
528 686 614 735 soon.
629 687 673 748 111,
684 699 714 736 ox
723 699 821 750 persona
833 686 878 736 iioi
888 687 925 752 (1)
935 705 940 738 :

136 775 150 804 «
162 759 209 821 Ego
222 773 271 808 sum
281 759 322 822 qui
331 772 390 809 sum.
401 773 415 804 ιι

166 830 463 895 (commosin-Nomos
481 831 517 878 ost
531 828 556 878 in
570 841 647 878 rernm
663 832 743 879 natura
755 828 855 880 inueniri
867 843 944 881 unum

133 901 231 965 primum
244 915 285 952 ens
300 900 429 964 immobile,
445 900 544 964 primum
558 899 674 963 officiens,
687 901 839 951 necessarium
852 915 901 952 non
913 916 944 953 ex

133 973 191 1036 alio,
209 971 306 1024 maximi
327 986 368 1023 ens
388 973 489 1036 bouum,
513 974 537 1022 et
555 970 678 1036 optirnnnr,
695 972 794 1035 primum
809 973 944 1036 gubernans

133 1057 175 1108 pon
184 1045 338 1107 intellectum,
348 1047 371 1094 et
382 1044 483 1094 omnium
492 1042 598 1094 ultimum
607 1042 674 1092 tinem
680 1081 688 1108 ‚
699 1044 738 1106 qui
749 1046 809 1095 Deus
821 1044 877 1110 est.)

165 1116 299 1181 Respondeo
310 1116 429 1166 dicandum
435 1153 443 1179 ‚
455 1113 517 1179 quod
528 1117 600 1166 iteum
613 1128 663 1166 osso
674 1115 831 1198 Quis
846 1119 943 1188 probari

150 1201 163 1240 ο
188 1192 216 1238 si.
793 1185 851 1198 '⁹'
881 1185 920 1212 ’Ἢ

134 1193 239 1310 Riguus
253 1263 329 1310 autom
342 1263 366 1310 et
380 1258 522 1309 manifestior
533 1258 570 1308 uia
588 1263 636 1321 est,
649 1273 700 1322 ona
716 1259 811 1309 sumitur
826 1274 855 1310 ox
873 1268 941 1325 porto

134 1329 434 1383 motus.Cerinn1esienim
446 1333 469 1380 et
478 1343 546 1380 sensu
559 1333 661 1392 constat,
673 1329 748 1393 aliqua
760 1331 847 1381 moueri
857 1331 882 1381 in
896 1334 944 1385 hoo

134 1405 226 1455 mundo.
241 1405 312 1455 Omne
329 1403 481 1465 antemoned
496 1401 656 1471 moueturkab
673 1401 718 1451 aiio
737 1406 861 1452 mouetur:
881 1403 942 1456 nihii

133 1476 202 1526 eninr-
213 1481 325 1539 movetur,
336 1474 380 1524 nisi
392 1473 521 1525 seeundum
527 1471 589 1536 pinon
608 1467 685 1522 esi'in
706 1473 807 1536 potentia
823 1475 852 1524 ad
867 1474 941 1540 iiiud,

133 1548 162 1598 nd
177 1549 237 1610 quod
253 1550 369 1608 moretum
385 1549 555 1617 ffiQWQ
574 1544 659 1608 aliquid
678 1545 803 1594 seeundum
824 1547 885 1610 qnod
906 1554 944 1598 ost

148 1622 169 1670 ot
219 1618 234 1680 ).
248 1619 338 1668 Movere
348 1617 409 1668 eninr
421 1617 477 1667 nihil
489 1614 550 1666 a'ind
561 1607 799 1679 eit'jipiram'e'duoero
812 1616 898 1680 aliquid
912 1619 943 1672 de

58 1698 109 1726 s
133 1701 164 1754 po
176 1701 203 1738 en
215 1689 273 1738 amin
283 1694 367 1739 aetum.
380 1690 411 1738 De
423 1688 525 1753 potentia
536 1691 613 1737 autem
624 1700 670 1737 non
681 1690 757 1750 potest
767 1686 853 1750 aliquid
862 1689 945 1740 ronnei

132 1760 258 1823 inactum,
272 1761 316 1830 nisi
327 1774 367 1824 per
378 1753 469 1824 aliquod
482 1773 524 1810 ens
536 1759 560 1809 in
571 1764 623 1809 aetu
639 1774 645 1807 ε
658 1759 717 1810 sieut
727 1759 824 1809 catinum
836 1759 861 1808 in
871 1764 942 1826 antu,

133 1837 159 1882 ut
169 1831 228 1894 ignis
244 1832 298 1882 iac-ii
311 1832 411 1895 lignum,
425 1833 486 1896 quod
497 1836 532 1882 est
545 1831 643 1881 cainum
655 1831 680 1881 in
693 1831 809 1895 potentia,
823 1843 873 1882 esse
888 1837 943 1884 antu

133 1904 243 1967 eaiidum,
258 1907 281 1953 et
300 1917 341 1968 per·
352 1905 396 1954 hoo
412 1906 526 1954 monetet
544 1904 626 1953 atterat
637 1902 722 1967 ipsum.
745 1905 797 1954 Non
815 1906 893 1953 autom
905 1910 944 1956 est

133 1975 255 2040 possibile,
275 1979 300 2024 nt
316 1974 377 2024 idem
399 1974 428 2024 sit
449 1974 517 2024 simul
538 1975 563 2023 in
579 1979 630 2023 netu
652 1977 675 2024 ot
693 1975 795 2037 potentia
814 1975 943 2026 seeundum

134 2045 208 2108 idem,
223 2047 264 2096 sed
279 2045 351 2096 solium
368 2046 493 2095 seeundum
509 2045 599 2096 divona
616 2062 622 2095 ι
641 2047 701 2109 quon
716 2045 778 2096 enim
793 2049 828 2096 est
840 2046 943 2098 oaiidunr

134 2117 157 2165 in
171 2121 235 2180 antu,
256 2129 302 2166 nou
319 2120 394 2181 potest
407 2116 475 2166 simul
494 2129 544 2167 esse
563 2115 662 2167 calidum
674 2117 699 2166 in
713 2117 828 2180 potentia,
847 2117 889 2168 ssd
904 2123 943 2169 est

134 2279 211 2328 iiam,
222 2289 274 2336 cap.
289 2279 304 2324 i
316 2298 321 2324 ι
335 2279 475 2338 Ubicunque
488 2282 545 2338 fiori
555 2284 645 2338 potest,
656 2281 743 2324 matius
755 2284 787 2324 ost
798 2292 877 2325 unum
891 2294 942 2329 osso

135 2355 206 2399 quom
218 2343 303 2398 pluro.

168 2401 198 2466 (1)
212 2405 315 2461 Nempe,
334 2405 388 2460 quia
401 2406 434 2450 sin
454 2405 519 2451 iilum
533 2405 615 2450 author
629 2405 682 2450 iibri
701 2406 834 2461 toquentem
850 2408 938 2461 roierts

135 2467 171 2512 vel
185 2467 241 2522 quia'
257 2470 317 2512 Deus
330 2469 379 2523 ipse
391 2480 437 2511 non
451 2469 589 2526 ioqpobatur
601 2469 761 2525 personaliter,
776 2468 817 2512 sed
833 2470 940 2527 Angelus

135 2541 257 2585 personam
280 2530 320 2575 Dei
345 2527 526 2586 repraesentans}
552 2530 604 2576 euim
625 2530 755 2586 postularet
775 2542 861 2574 nomeu
887 2535 941 2589 ojus

135 2595 227 2648 Moyses
239 2599 265 2637 nt
279 2599 302 2637 ot
314 2593 367 2637 iilud
384 2593 499 2638 insinuare
514 2598 594 2648 posset
603 2592 632 2637 iis
643 2592 671 2638 od
682 2604 741 2648 quos
755 2593 784 2636 ab
796 2593 847 2648 ipso
862 2595 942 2641 mitte·

137 2655 212 2699 batur.
973 2663 976 2668 '

170 2714 200 2777 (u)
214 2719 244 2762 Ut
262 2717 339 2761 uidens
360 2720 396 2760 ost
408 2717 491 2772 partim
507 2713 531 2759 3.
546 2717 643 2772 Physio.
657 2721 715 2762 text.
730 2716 758 2771 9,
772 2715 816 2775 ii,
830 2715 874 2779 16,
887 2734 943 2777 par.

137 2779 177 2823 tim
195 2779 217 2823 8.
240 2777 349 2834 Pnpsio„
360 2783 418 2822 text.
430 2776 567 2822 40.‘Prortor
578 2779 616 2824 iiia
627 2792 679 2836 quor
689 2785 738 2824 toto
749 2781 808 2824 iihrn
819 2781 944 2830 inputem-

137 2847 173 2885 tur
189 2848 213 2886 nt
231 2840 363 2886 ostendatur
380 2841 466 2895 primus
479 2847 569 2897 motor,
583 2842 622 2897 qui
635 2848 761 2899 perpetuus
776 2848 801 2887 et
814 2842 944 2893 immonitis

138 2915 233 2948 manens
242 2903 281 2947 det
290 2902 397 2946 omnious
408 2903 552 2947 existentiam
564 2909 588 2948 et
601 2905 679 2949 omnis
690 2911 782 2952 moveat
793 2907 906 2955 continue
915 2923 943 2956 ac

119 3005 123 3012 .
137 2965 253 3018 similitem
269 2964 328 3010 siout
341 2963 457 3009 concludit
466 2976 539 3022 propo
552 2964 631 3011 anon.
