1992 3342
269 287 302 322 os
317 283 460 323 mmmmm
475 286 516 322 nm
534 287 557 323 m
574 286 656 323 nmns.
824 278 868 327 tot

58 362 178 429 inquibus
195 365 265 425 sant,
286 360 346 412 siout
362 359 441 411 anima
459 360 562 430 continet
580 376 671 427 corpus.
687 362 751 415 Unda
771 368 794 413 et
810 366 870 416 lions

59 441 91 487 ost
105 437 131 485 in
142 435 227 498 robus,
242 433 303 484 siout
316 433 439 484 continens
452 446 503 497 ros,
514 436 591 485 tameo
603 448 644 499 per
660 435 774 499 quandam
789 436 869 489 simiti-

59 507 161 559 tndinom
173 503 331 570 corporalium
345 503 453 554 dionntnr
466 502 543 555 omnia
553 518 602 555 esso
612 505 638 555 in
651 508 708 569 Deo,
722 506 868 571 inquantum

64 577 209 629 eontinentur
220 578 252 627 ab
264 575 326 639 ipso.

95 648 227 699 nitentium
237 647 377 709 dicandum,
389 647 450 710 qnod
461 647 546 697 nuliius
556 646 654 711 agentis,
667 652 868 714 quantumomqne

66 718 157 769 virtuosi
166 718 226 771 actio
236 717 343 783 procedit
363 718 393 767 ad
410 717 496 781 otiqaiid
509 718 609 781 dotans,
624 718 668 769 nisi
681 719 705 769 in
720 722 868 785 quantumin

63 789 116 841 iilud
131 804 174 855 por
183 788 288 840 medinm
305 788 363 852 agit.
378 788 427 839 Hoc
438 793 515 839 antem
527 788 555 839 ad
568 789 691 841 maximam
704 790 813 843 virtatem
828 794 869 845 Dei

61 862 174 925 pertinet,
186 861 249 926 quod
261 859 396 911 immediati
406 860 432 909 in
443 860 550 911 omnibns
559 860 620 924 agit:
634 860 694 911 nndd
708 862 765 915 nihil
778 868 813 914 est
824 865 869 915 dis·

60 938 112 984 taos
127 934 156 983 ah
174 947 225 995 eo,
246 930 313 995 qnasi
331 931 356 982 in
373 946 399 982 so
418 930 475 981 illud
492 931 564 982 Donni
584 946 630 983 non
649 932 741 984 habeat.
760 934 870 985 Dicuntur

44 1008 137 1057 damam
157 1018 195 1055 ros
217 1001 416 1066 domniono,
440 1015 481 1065 por
503 1002 709 1053 dissimilitudinem
728 1009 815 1057 natura
833 1009 870 1056 not

61 1077 138 1138 gratia
152 1094 160 1141 3
176 1076 238 1127 sicot
248 1076 273 1126 ot
284 1075 334 1139 ipso
345 1079 382 1127 est
397 1088 466 1139 snper
480 1076 572 1140 omnia,
586 1090 628 1141 per
644 1078 801 1129 excellentiam
822 1093 868 1131 sna

63 1153 159 1199 nmmos

91 1216 126 1270 Ad
142 1222 251 1284 qnantum
270 1217 406 1281 modum,
423 1216 484 1282 quid
499 1218 524 1267 in
538 1218 679 1285 damonibus
692 1221 829 1285 intelligitur
846 1225 869 1273 at

59 1292 155 1353 natura,
166 1304 219 1355 qnae
233 1288 368 1352 adilian,
383 1293 407 1339 at
420 1286 553 1340 deformitas
564 1290 649 1354 eulpa,
665 1305 716 1355 qnae
729 1306 775 1343 non
794 1296 829 1343 est
841 1294 869 1343 ao

58 1362 107 1426 ipso
123 1362 167 1429 (1).
186 1355 217 1413 Et
231 1361 285 1412 idoo
302 1374 349 1411 non
368 1363 404 1411 ost
417 1358 519 1410 ahsotntd
533 1361 718 1424 concedendum,
735 1362 796 1427 qn'od
811 1364 870 1414 Deus

58 1433 122 1484 sitin
135 1432 296 1496 domonsstns,
313 1433 420 1483 sedeam
440 1429 484 1481 lnao
507 1429 637 1495 additione,
651 1430 675 1481 in
694 1436 803 1496 quantam
817 1438 870 1485 sunt

60 1519 96 1555 res
110 1506 225 1569 qondam,
245 1506 273 1554 ln
295 1504 473 1566 animantem,
492 1516 544 1567 quo
564 1501 684 1553 nominant
704 1508 808 1557 naturam
824 1520 869 1556 non

63 1576 224 1639 deformatam,
241 1573 346 1625 absotntd
362 1572 483 1625 dicendum
495 1579 531 1624 ost
543 1576 614 1625 Donm
623 1588 681 1625 osse.

369 1726 527 1775 Ammodios
543 1726 573 1775 11.

316 1860 403 1905 (lirim
414 1860 478 1905 Dens
487 1861 518 1905 sit
529 1860 621 1919 nobique.

86 1999 120 2049 td
133 1998 265 2051 mennatum
277 1995 312 2047 sic
324 1994 455 2059 pnoooditnr
471 1995 514 2061 (t).
531 1998 626 2047 Videtur
637 1996 697 2062 qood
708 1998 767 2045 Dens
781 2010 827 2046 non
840 1992 869 2047 ait

55 2070 151 2133 abique.
166 2067 225 2119 Esse
240 2067 304 2117 enim
325 2065 410 2129 ubique
414 2103 424 2129 ‚
437 2064 551 2129 significat
570 2082 619 2119 esse
632 2066 656 2117 in
670 2066 734 2116 omni
749 2067 806 2117 loco.
823 2068 870 2120 Sed

55 2153 104 2190 esso
116 2140 144 2190 in
162 2137 229 2191 omni
245 2138 298 2188 loco
312 2150 359 2187 non
375 2136 484 2188 convenit
503 2139 564 2201 Deo,
578 2138 615 2189 oni
635 2151 681 2188 non
700 2138 806 2189 convenit
820 2153 869 2191 esse

55 2211 79 2260 in
93 2213 146 2264 loco
160 2228 168 2261 :
185 2224 241 2260 nam
252 2208 419 2273 incorporalia,
433 2211 460 2259 ut
473 2209 528 2260 dicit
541 2210 633 2261 Bottins
643 2209 667 2259 in
680 2208 720 2259 lib.
737 2208 766 2259 de
780 2210 868 2273 deod,

56 2297 102 2334 non
113 2288 171 2335 sunt
182 2282 210 2333 in
220 2282 274 2332 looo
284 2280 328 2347 (o).
341 2282 404 2343 Ergo
414 2282 475 2331 tiens
485 2295 532 2332 non
545 2282 580 2331 est
594 2281 686 2347 ubique.

85 2359 110 2404 2.
125 2356 263 2415 Protendo,
276 2351 335 2403 siout
347 2367 372 2403 so
391 2352 463 2403 habet
477 2357 569 2417 tompus
587 2354 614 2405 ad
632 2352 774 2417 successiva,
792 2354 824 2405 ita
845 2370 868 2406 se

87 2480 120 2575 (ί)
141 2483 245 2541 lirum,
269 2481 288 2525 si
307 2482 407 2537 positiva
422 2479 558 2527 dotormitas
577 2488 629 2539 ost,
649 2494 692 2527 neo
713 2488 789 2529 tamon
804 2482 870 2527 esti

58 2547 117 2591 neo.
137 2543 224 2599 Quidni
248 2540 389 2589 confictores
411 2543 472 2587 itlius
495 2544 541 2589 hoc
563 2544 696 2605 advertunt,
709 2552 732 2591 et
751 2544 798 2605 ¹atta
820 2551 869 2589 tam

58 2608 137 2667 mdia,
152 2616 209 2664 qno
223 2604 281 2651 alibi
293 2597 404 2661 pionias?

89 2675 120 2737 (2)
134 2679 169 2723 Ite
184 2676 223 2722 his
234 2676 307 2721 attam
318 2673 339 2736 1,
350 2677 430 2727 sont„
439 2675 494 2721 dist.
503 2668 545 2737 37,
558 2683 640 2733 quast.
653 2678 676 2737 i,
690 2683 733 2724 art.
747 2676 794 2737 tuot
805 2674 833 2730 3;
847 2684 870 2723 ot

64 2739 130 2785 dost.
143 2742 228 2788 Gom„
238 2738 284 2784 nn.
298 2736 323 2797 3,
336 2749 389 2797 onp.
402 2737 443 2783 68.

91 2805 122 2871 β)
141 2811 178 2857 sio
189 2810 255 2856 enim
267 2808 301 2854 mi
313 2806 374 2869 (sivo
385 2810 429 2855 tib.
444 2806 484 2854 Aa
497 2820 567 2856 omno
580 2810 642 2867 qaod
656 2813 705 2860 ost,
720 2809 809 2853 dom
822 2809 870 2855 nit,

63 2878 87 2913 nt
97 2873 143 2928 jam
159 2872 225 2931 πρέ
238 2869 360 2932 notatum)
374 2884 417 2929 pro
438 2872 554 2917 communi
571 2872 640 2917 animi
654 2869 807 2927 conceptione
820 2878 871 2923 qnae

65 2933 181 2981 doctorum
198 2939 294 2980 tantum
309 2941 361 2992 ost,
378 2934 445 2991 ponit
456 2935 627 2991 incorporatio
638 2936 666 2979 to
679 2934 729 2978 loco
743 2943 793 2975 ooo
807 2940 870 2973 osne:

66 3008 106 3042 neo
117 2999 140 3043 id
153 2998 167 3043 i
179 2999 249 3054 vulgo
264 2997 306 3041 sod
319 2998 333 3042 d
344 2996 421 3042 doctis
432 2997 525 3052 probari
539 2998 579 3041 ait.
