1992 3342
102 1895 121 2083 i

96 2084 111 2272 i

117 210 163 256 ist
330 220 394 257 aras
410 215 431 267 ι,
449 218 540 263 onnsr.
559 218 605 269 nn,
625 211 711 257 rnr.1.

121 296 253 345 intellectos
265 299 357 343 creatus
367 296 489 344 essentiam
504 295 545 344 bei
560 295 636 345 ridere
648 298 730 358 potest.
740 294 785 343 Sed
795 294 839 344 boc
847 293 928 345 incon·

118 368 239 417 venienter
252 365 341 415 dicitur.
356 366 412 415 Ciam
423 366 485 415 enim
496 366 576 416 ultima
589 365 689 416 hominis
696 364 814 415 beatitudo
827 365 852 413 in
865 366 929 416 altis-

118 438 176 488 sima
189 439 240 501 ejus
256 436 387 501 operatione
400 438 523 500 consistat,
543 451 592 499 quae
611 441 646 486 est
658 436 761 499 operatio
779 436 928 493 intellectus,

119 509 140 557 si
152 521 269 570 nunquam
288 508 410 557 essentiam
428 510 469 558 bei
489 509 568 557 videre
587 512 663 570 potest
653 506 805 557 tinteliectns
822 511 929 569 credine,

121 579 158 627 vel
168 591 290 659 nunquam
296 577 460 628 beititudinem
472 578 597 661 obtinebit,
608 575 664 626 vel'
658 590 683 625 nn
694 576 768 626 alio
748 590 799 639 eJns
810 578 931 627 beatitudo

779 647 822 712 (1.)
839 649 932 728 lnipso

348 764 388 776 „
577 753 580 762 .
664 739 668 747 ·
713 719 933 782 ·ei,qnodest

124 790 260 853 principiam
277 790 387 842 essendi:
402 790 427 840 in
439 794 528 840 tantum
541 790 603 839 enirn
614 791 789 853 unumquodque
800 791 931 853 perfectum

125 864 174 922 est,
189 860 334 941 inquantum
347 862 376 911 ad
390 861 606 923 sunmprinoipimn
621 862 720 923 attingit.
739 860 847 909 Similiter
861 862 934 911 etiam
985 866 986 873 ’

123 935 160 980 est
173 933 257 993 prater
274 932 393 982 rationem.
414 930 934 1053 IWQQQQinm

124 1017 153 1053 co
170 1003 277 1053 noscendi
289 1004 424 1071 carosam,cb
441 1023 447 1053 ι
464 1017 517 1053 nue
531 1018 577 1053 ore
597 1008 673 1053 ectum
683 1009 705 1055 et
716 1019 746 1054 ex
754 1006 798 1053 hoc
810 1004 934 1053 admiratio

123 1018 476 1137 mffiidriniiffseoosurgbfsi
493 1074 563 1137 igitur
580 1074 709 1125 intellectus
731 1074 851 1124 rationalis
870 1090 935 1125 crea·
985 1098 986 1113 ι

124 1146 181 1195 tura
195 1145 324 1208 pertingere
341 1158 390 1194 non
405 1145 476 1209 possit
490 1149 518 1193 ad
531 1145 628 1209 primam
644 1159 736 1197 causam
752 1158 828 1195 rernm
836 1182 844 1207 ,
857 1158 935 1195 rema-

125 1216 189 1264 nebit
199 1216 268 1265 inane
280 1215 418 1266 desiderium
430 1220 525 1267 naturae.
542 1218 605 1267 Unde
619 1216 750 1281 simpliciter
760 1215 935 1265 concedendurn
985 1244 986 1267 r

125 1289 161 1335 est
175 1286 235 1349 quid
249 1286 311 1336 beati
331 1286 374 1335 liei
385 1286 508 1336 essentiam
522 1286 621 1335 videant.
985 1328 986 1345 ,

158 1359 192 1407 dd
201 1358 298 1420 primum
310 1370 365 1419 ergo
374 1356 504 1418 dicendum,
520 1355 684 1419 qnbdutraqnc
698 1356 820 1406 auctoritas
832 1357 936 1421 loquitur
985 1398 986 1401 ,

125 1430 155 1477 de
170 1428 257 1478 visione
271 1428 488 1491 comprehensionis.
504 1428 567 1478 Unde
584 1426 701 1490 praemittit
717 1426 838 1490 Dionysius
853 1429 936 1477 imme-

126 1500 187 1549 diate
201 1499 254 1548 ante
264 1501 334 1548 verba
348 1499 463 1560 proposita
474 1498 569 1547 dicens:
581 1516 594 1545 ι
605 1498 715 1547 Omnibus
729 1498 777 1562 ipse
792 1503 827 1547 est
838 1500 933 1549 nniver-

127 1571 204 1620 saliter
226 1569 476 1631 incomprehensibilis,
494 1574 518 1617 et
537 1582 611 1632 neque
630 1582 710 1618 sensus
728 1568 779 1631 ejus
793 1572 841 1631 est,
857 1574 903 1619 etc.
922 1586 935 1615 ι)

128 1642 156 1689 Ει
173 1642 345 1702 Chrysostomus
358 1653 437 1701 parom
450 1643 503 1701 post
515 1640 585 1689 verba
601 1638 710 1702 predicta
723 1638 798 1687 subdit
812 1655 817 1686 :
836 1656 850 1686 o
862 1640 938 1689 Visio-

129 1725 182 1761 nem
195 1710 232 1759 bic
245 1709 300 1772 dicit
310 1710 457 1759 certissimam
475 1711 548 1760 Patris
565 1710 769 1760 considerationem
788 1713 812 1759 et
832 1724 937 1775 eompre-
985 1762 986 1769 ,

129 1782 263 1833 hensionem
273 1784 374 1843 mntem,
385 1785 492 1845 quantam
506 1784 572 1831 Pater
583 1782 652 1833 babet
664 1782 691 1830 de
702 1780 787 1831 Filio.»

161 1853 195 1902 rid
210 1852 334 1901 secundnm
349 1852 484 1915 dicendum,
507 1868 522 1916 q
539 1852 568 1921 dd
584 1853 697 1901 inlinitum
712 1853 772 1915 qnod
786 1866 809 1902 se
829 1856 894 1903 tenet
909 1868 939 1903 en

130 1928 195 1987 perte
203 1922 305 1973 materia
319 1924 529 1986 nonperiectaeper
601 1936 645 1984 am,
655 1922 758 1985 ignotum
767 1926 802 1971 est
810 1925 937 1974 secundum

131 2010 170 2059 se,
185 1995 237 2060 qnia
250 1994 324 2045 omnis
340 1995 440 2057 cognitio
456 1998 490 2043 est
510 2008 551 2057 per
564 1994 669 2043 sormam.
684 1994 730 2043 Sed
746 1993 863 2043 infinitum
877 1996 938 2059 qnod

130 2082 156 2117 se
168 2072 233 2117 tenet
240 2081 268 2117 ea
278 2072 345 2131 parte
355 2066 433 2117 iornnae
439 2079 486 2116 non
498 2066 601 2115 limitata
610 2076 651 2128 per
662 2064 793 2127 rosteriam,
809 2070 845 2115 est
856 2080 938 2115 secun-

130 2140 185 2188 dum
201 2153 225 2188 se
245 2139 343 2188 maxime
357 2143 443 2193 notiam.
457 2138 493 2187 Sic
505 2142 580 2187 autent
593 2138 653 2185 bens
664 2139 698 2185 esi
714 2136 832 2199 infinitae,
847 2142 870 2187 et
890 2152 936 2186 non

132 2209 205 2271 primo
218 2210 298 2270 modo,
310 2212 336 2257 nt
349 2222 378 2257 ex
392 2208 545 2271 superioribus
556 2211 626 2271 patet.

163 2277 197 2329 d'd
209 2279 301 2327 tertium
312 2279 441 2342 dicendum,
457 2278 517 2341 qubd
531 2280 590 2327 Dens
603 2289 649 2327 non
668 2279 700 2327 sic
717 2278 798 2327 dicitnr
815 2292 864 2328 non
878 2278 939 2328 exis-

132 2354 183 2400 tens
197 2348 336 2413 quasinnlio
351 2350 417 2399 modo
431 2350 461 2399 sit
476 2350 590 2411 existens,
603 2350 643 2399 sed
661 2349 713 2411 qnia
730 2352 764 2397 est
780 2362 848 2411 snpra
871 2363 938 2398 omne

133 2421 241 2481 existens,
255 2420 279 2469 in
292 2423 402 2482 quantum
420 2425 454 2470 est
467 2435 532 2470 snum
541 2434 599 2470 esse.
609 2420 673 2469 Unde
683 2420 763 2469 exhoe
772 2420 939 2482 nonseqoitor,

133 2490 193 2555 qrodd
204 2491 265 2539 nulio
278 2492 345 2540 modo
357 2492 428 2553 possit
438 2491 552 2553 cognosci,
562 2490 601 2541 sed
609 2489 669 2553 quod
678 2502 769 2539 ornnenr
780 2490 940 2551 cognitionem

131 2562 243 2622 excedat,
253 2562 312 2623 quod
324 2566 359 2610 est
368 2562 443 2625 ipsnnn
457 2576 504 2612 non
514 2560 686 2624 comprehendi.

168 2711 198 2773 (ί)
214 2716 276 2771 Ergo
292 2722 316 2760 et
329 2716 383 2760 illud
399 2716 460 2773 qnod
470 2729 499 2761 ex
510 2728 538 2759 eo
552 2714 668 2772 sequitur,
682 2720 706 2757 nt
722 2720 765 2758 art.
778 2712 792 2755 i
804 2746 809 2770 ,
822 2713 899 2770 inira,
917 2719 941 2755 et

136 2776 205 2821 Coot.
220 2776 300 2826 Geot..
309 2778 350 2822 tib.
363 2778 393 2836 3,
408 2791 460 2834 cap.
475 2776 515 2821 bi.
529 2777 722 2821 inconvenienter
731 2782 809 2821 antem
824 2775 870 2820 diei
883 2786 942 2831 prae-

134 2837 218 2891 mittit,
235 2840 271 2883 vel
287 2841 342 2895 quia
353 2841 420 2885 simul
434 2840 517 2884 rationi
530 2845 649 2896 repugnat,
670 2840 706 2883 vei
720 2840 773 2893 qnia
788 2838 845 2883 nibil
860 2840 941 2883 incon-

135 2900 264 2946 venientibs
278 2903 360 2946 dicitur
369 2903 439 2957 noim
453 2901 516 2958 quod
525 2900 701 2985 ww
