1992 3342
80 338 85 345 ⁴
143 280 189 331 ott
214 348 218 353 .
341 291 402 331 rius
418 291 440 343 1,
457 291 550 339 qnasi.
568 292 630 345 run,
649 290 704 343 nnn.
722 290 740 331 r.

140 384 191 436 quar
211 368 235 419 in
248 367 301 421 solis
315 370 383 421 rebus
393 369 548 435 corporalibus
562 373 609 433 est;
627 370 687 419 unde
701 369 726 419 in
739 365 826 419 divinis
836 364 943 433 personis

139 442 213 493 locum
225 456 272 493 nun
284 442 362 493 trahet.
379 442 428 491 ilia
439 446 474 493 est
484 443 616 506 quantitas
624 442 740 505 virtutis,
754 455 806 505 qun
816 434 946 493 attenditur

140 514 266 565 sccuudirm
277 514 440 579 perfectionem
450 514 548 578 alicujus
561 523 648 565 naturae
660 514 697 563 rel
711 513 789 563 formae
800 528 806 562 ι
823 523 878 576 que
892 513 945 578 qui-

141 587 194 637 dem
207 585 321 649 quantitas
334 586 464 651 designatur
476 586 600 637 secundinn
609 582 669 649 qudd
681 585 762 636 dicitur
770 585 860 649 aliquid
874 586 945 649 magis

140 658 177 705 rel
190 656 267 707 minius
280 657 389 721 calidum,
407 658 431 707 in
446 662 557 722 qnantum
571 661 606 708 est
619 656 743 722 perfectius
753 658 791 707 rel
805 658 945 722 minirsper-

142 727 227 777 fectum
238 727 263 776 in
280 728 320 778 tali
336 730 458 779 caliditate.
473 730 610 793 liujusmodi
620 733 696 779 antem
710 729 828 793 quantitas
842 730 946 780 virtualis

143 799 267 850 attenditur
275 800 349 864 primd
362 803 455 865 quidem
466 802 490 865 iu
508 803 599 865 radice,
613 802 638 853 id
654 806 689 852 est
701 802 726 851 in
738 802 788 865 ipsa
801 802 945 867 perfectione

143 872 221 922 locine
235 873 272 922 rel
283 876 385 937 ualurae3
403 878 427 926 el
438 874 471 925 sic
489 874 571 925 dicitur
584 874 715 939 magnitudo
731 874 874 938 spiritualis,
890 875 946 925 sient
987 866 988 927 i

143 942 224 993 dicitur
239 958 335 1007 maguus
350 947 411 996 calor
425 950 518 1012 propter
535 960 600 997 sunm
615 945 767 999 intensionem
786 949 810 995 et
823 946 946 1009 perfectio
987 952 988 993 l

143 1030 196 1065 nem
212 1031 217 1065 z
234 1019 257 1065 el
270 1014 322 1067 ideo
338 1017 392 1068 dicit
405 1018 558 1082 ingestione,
570 1019 608 1069 Vl.
621 1019 654 1068 de
668 1018 746 1074 Trio..
758 1031 812 1081 cap.
826 1020 857 1067 18
865 1055 874 1081 ‚
890 1018 946 1083 qudd

145 1105 159 1134 «
170 1086 194 1137 iu
212 1086 248 1137 his
257 1102 308 1152 qum
321 1102 367 1139 non
380 1090 440 1140 mole
452 1102 539 1153 magua
552 1093 620 1155 sunl,
631 1091 676 1141 hoc
688 1092 722 1139 est
735 1089 810 1153 majus
821 1103 874 1141 esse
889 1090 947 1153 qnod

145 1163 178 1208 ost
186 1159 270 1209 melius
278 1173 341 1223 esse;
353 1178 366 1208 n
382 1175 436 1211 uam
450 1162 533 1215 melius
544 1159 626 1212 dicitur
638 1160 699 1225 quod
711 1160 838 1225 perfectius
849 1164 896 1213 est.
909 1162 948 1211 Se-

145 1231 220 1283 cundi
233 1236 310 1283 autem
320 1234 445 1284 attenditur
453 1235 569 1299 quantitas
577 1234 681 1285 virtualis
691 1232 715 1282 in
726 1233 849 1283 effectibus
860 1234 947 1285 formae.

145 1302 234 1353 Primus
247 1308 324 1353 autem
337 1304 433 1355 effectus
446 1306 526 1357 forme
541 1310 575 1357 est
587 1320 637 1355 esse
644 1342 652 1369 ,
666 1319 719 1357 nam
734 1305 810 1357 omnis
828 1320 869 1357 res
882 1305 950 1355 lubet

144 1390 195 1424 erre
210 1374 335 1430 secundnm
354 1390 418 1428 suam
436 1377 546 1441 formam;
560 1378 673 1429 secundus
693 1380 770 1429 autem
795 1379 897 1429 effectus
916 1383 950 1427 cst
987 1422 988 1427 ,

144 1445 263 1510 operatio,
274 1460 328 1497 nam
340 1461 407 1499 omne
421 1461 491 1510 agens
506 1450 552 1513 agit
564 1464 605 1514 per
618 1462 682 1501 suam
694 1450 799 1503 formam.
816 1449 951 1501 Attenditur

145 1516 216 1579 igitur
232 1519 347 1583 quantitas
360 1517 465 1569 virtualis
480 1524 504 1569 et
519 1518 643 1571 secundnm
657 1534 707 1571 erre
717 1524 741 1571 et
754 1521 884 1571 secundnm
898 1534 951 1585 ope

145 1588 257 1638 rationem
273 1605 279 1638 :
293 1590 420 1646 secundnm
436 1606 489 1641 ecce
508 1590 600 1655 quidem
617 1591 641 1647 iu
657 1596 768 1655 qnantum
782 1605 810 1642 ea
828 1607 882 1657 qnae
899 1596 952 1643 sunl

145 1659 288 1722 perfectioris
302 1664 403 1725 nature,
419 1667 473 1713 sunt
486 1663 581 1729 majoris
599 1663 736 1727 durationis3
749 1664 880 1715 secundnm
897 1677 953 1728 ope·

147 1729 257 1781 rationem
270 1730 337 1795 uero,
352 1732 500 1797 inquantum
515 1750 543 1785 ca
553 1750 603 1799 qun
618 1738 671 1785 suut
688 1735 834 1799 perfectioris
847 1740 952 1799 naturae,

146 1806 199 1851 sunt
212 1802 284 1865 magis
293 1804 396 1867 potentia
405 1806 434 1855 ad
444 1806 566 1869 agendum.
576 1807 615 1857 Sic
626 1806 735 1871 igitur,ut
745 1808 891 1869 Augustinus
900 1808 954 1858 dicit

147 1872 172 1921 in
183 1872 222 1923 lib.
233 1871 265 1923 de
274 1874 338 1924 Fide
352 1874 388 1925 ud
397 1878 460 1934 net,
473 1892 525 1943 cap.
536 1880 559 1943 l,
571 1896 585 1929 o
594 1878 691 1941 qualitas
703 1877 877 1941 intelligiturin
888 1882 954 1931 Patre

147 1946 171 1992 el
183 1944 241 1995 Filio
253 1949 278 1996 el
289 1946 377 2011 Spiritu
385 1952 479 2012 sancto,
490 1947 515 1999 in
527 1955 636 2014 quantum
650 1950 727 2000 nullus
739 1950 823 1999 trorum
833 1952 907 2005 alium
917 1957 955 2003 aul

147 2017 257 2080 peredit
270 2019 412 2085 eternitate,
424 2025 466 2072 aut
476 2022 567 2073 excedit
577 2020 747 2085 magnitudine,
759 2025 800 2070 ant
810 2028 908 2087 superat
916 2038 956 2089 pe

147 2095 265 2142 testate.»

181 2164 214 2213 nd
227 2164 351 2215 secundnm
363 2164 499 2229 dicendum,
511 2164 571 2231 quod
584 2164 625 2217 ubi
641 2163 764 2217 attenditur
777 2166 904 2229 &matites
918 2181 957 2219 se-

149 2234 250 2285 cuudlrm
262 2237 413 2300 quantitatem
427 2236 563 2301 intudem,
575 2237 695 2303 equalitas
707 2236 805 2289 includit
814 2236 842 2288 iu
853 2253 881 2291 se
895 2240 957 2293 simi·

148 2305 268 2357 liludiuem
278 2313 301 2359 et
312 2307 396 2372 aliquid
410 2308 476 2373 plus,
488 2308 542 2373 qula
551 2310 651 2361 excludit
660 2322 781 2360 excessum
793 2325 799 2359 z
811 2324 958 2378 quecunque

147 2377 210 2436 eninr
224 2380 393 2431 communicant
403 2380 428 2431 in
439 2394 486 2430 una
497 2381 570 2431 foruna
576 2418 585 2444 ,
592 2384 691 2447 possunt
699 2380 745 2431 dici
757 2380 855 2447 similia,
866 2385 959 2437 etiamsi

148 2447 290 2513 inaequaliter
302 2451 365 2503 illam
375 2450 473 2503 formam
484 2452 638 2517 participaut3
650 2452 708 2503 sicut
718 2451 739 2503 si
749 2451 842 2503 dicatur
856 2469 898 2509 aer
907 2471 960 2509 esse

149 2519 231 2571 similis
242 2520 291 2587 igni
301 2522 326 2572 iu
339 2522 428 2587 calore;
440 2523 482 2574 sed
496 2537 543 2574 uon
552 2528 650 2589 possunt
661 2523 706 2574 dici
721 2524 820 2588 aeqnalia
825 2563 836 2589 ,
847 2527 868 2577 si
887 2544 960 2580 unum

137 2593 221 2653 sltem
233 2594 361 2657 perfectius
374 2594 471 2645 formam
482 2594 546 2645 illam
560 2595 690 2661 participe.
708 2597 736 2647 Et
749 2595 802 2660 quia
819 2608 870 2649 non
884 2600 960 2652 sollum

150 2677 196 2713 rina
209 2669 246 2715 est
260 2670 341 2718 natura
353 2666 428 2717 Patris
438 2671 463 2718 et
475 2666 542 2731 silit,
558 2668 600 2719 sed
612 2669 681 2720 etiarn
693 2667 757 2733 nque
768 2669 875 2733 perfecte
883 2668 923 2723 'est
938 2674 961 2723 in

147 2740 262 2799 atroque,
276 2737 329 2788 ideo
343 2752 390 2789 non
406 2737 481 2789 sollum
492 2739 589 2791 dicimus
600 2740 681 2791 Filium
696 2754 747 2791 esse
761 2739 863 2791 sindon
878 2746 961 2808 Patri,

150 2808 176 2854 ut
189 2806 322 2858 excludatur
336 2822 398 2861 error
411 2809 531 2875 Eunomii,
547 2813 669 2865 sedetiam
684 2810 779 2863 dicimus
794 2814 924 2881 equdem,
939 2822 964 2867 ul

136 2878 283 2927 excludatur
296 2892 357 2931 error
370 2882 426 2943 Arii.

186 2948 219 2999 id
232 2947 323 3000 tertium
337 2951 472 3019 dicendum,
487 2952 548 3019 qndd
560 2957 678 3025 equulus
691 2956 728 3009 rel
738 2956 867 3011 simditudo
883 2959 966 3027 dupli-

152 3019 210 3071 citer
221 3024 298 3088 potest
311 3020 435 3088 simineri
449 3025 474 3079 iu
488 3026 573 3086 etuas
588 3046 594 3083 ι
607 3029 697 3087 enicet
708 3041 751 3095 net
762 3028 859 3086 nemine
876 3038 903 3088 el
923 3049 968 3103 per
