1992 3342
46 242 54 253 '
120 250 165 296 llil
327 256 387 291 rans
404 256 428 302 ι,
446 254 538 297 euersa.
557 254 609 303 ιιι,
628 254 685 289 nur.
703 253 741 289 ιιι.

150 335 184 384 lid
196 331 289 383 tertium
302 332 439 393 (lieentum,
454 330 517 397 quilii
530 330 607 380 divina
619 328 718 379 essentia
729 331 764 378 est
775 326 851 391 ipsum
863 340 924 378 esse.

41 411 52 421 '
120 406 185 455 Unde
195 404 254 453 sieut
267 404 317 452 aliae
328 403 406 452 inrmae
415 402 585 465 intelligibiles,
597 414 647 465 quae
658 412 705 454 non
716 402 769 451 sunt
783 412 851 448 snum
862 410 923 462 esse,
995 425 996 428 =

119 477 230 526 uniuntur
254 474 382 524 intellectui
399 475 526 524 seeundum
548 473 639 537 aliquod
663 485 712 523 esse
736 484 780 535 quo
797 470 928 521 informant
990 477 995 528 ᾗ

120 547 194 608 ipsum
201 546 354 608 intellectum,
362 549 386 595 et
396 544 484 596 iaciunt
494 545 571 607 ipsum
581 544 606 593 in
617 549 682 607 actu3
693 544 726 592 ita
735 541 812 591 divina
823 542 926 591 essentia

120 616 197 665 unitur
216 616 342 666 intellectui
357 620 435 667 creato
453 620 478 665 nt
490 616 632 666 intellectum
645 615 751 675 inusto,
766 626 807 676 per
825 612 928 675 seipsam

121 685 469 737 laetensintelleetnminaetu.

416 838 501 888 tutte
539 838 574 887 US
590 836 631 886 lll.

185 964 271 1008 Utratm
280 962 382 1007 ruentia
389 962 437 1006 Dei
445 962 470 1005 vi
514 962 522 1005 l
530 960 604 1017 possit
613 960 687 1005 oeulis
700 959 869 1015 corporalibus.

455 1088 460 1098 “
516 1086 670 1153 (illidetur
690 1086 751 1149 quid
773 1087 873 1137 essentia
888 1088 932 1139 Dei

124 1160 197 1211 videri
219 1161 290 1223 possit
308 1161 375 1210 oculo
394 1174 421 1209 en
475 1159 514 1209 ali.
534 1159 620 1209 Dicitur
639 1158 701 1208 enini
717 1157 772 1220 Job,
785 1158 836 1207 llVl
855 1172 889 1207 2«
904 1161 932 1209 ln

124 1246 193 1281 eune
206 1245 258 1281 mea
267 1231 350 1281 uidebo
362 1233 435 1281 ileum
456 1234 501 1280 ete.
511 1247 524 1277 n
537 1228 765 1279 Etxli1:«nuuitu
776 1228 837 1278 auris
849 1230 929 1280 audiui

123 1308 157 1367 te,
174 1317 236 1353 nune
248 1307 326 1353 autem
341 1304 392 1354 ocul
456 1315 497 1352 eus
509 1302 572 1350 uidet
584 1305 607 1350 te
622 1300 665 1365 (a).
675 1316 689 1347 u

155 1380 180 1424 ι.
194 1377 317 1438 Praeterea,
330 1377 395 1437 lugu
417 1386 469 1423 mus
478 1372 534 1422 dicit
541 1373 584 1421 ult.
597 1372 629 1421 de
640 1373 775 1429 Cinitoet
782 1383 825 1433 cap
840 1372 926 1423 lllllli¹

125 1445 191 1495 «Vis
207 1447 284 1510 itaque
298 1447 393 1564 praepa->ll
408 1445 467 1565 nt'ur
478 1446 595 1496 nouorum
608 1443 652 1494 erit
660 1444 767 1506 illorum,
781 1396 974 1565 seim

124 1517 272 1579 umentorum,
281 1531 357 1566 nonu
376 1530 403 1565 ae
454 1531 466 1566 s
494 1516 570 1566 'deaut
597 1514 826 1584 qulnqudempep
893 1518 932 1565 tr
966 1491 980 1545 4

124 1587 203 1637 uidere
217 1591 337 1649 serpentes
347 1585 381 1649 (3)
401 1531 710 1720 remittet
725 1584 787 1635 enim
807 1579 948 1637 sumta*

125 1657 324 1707 oernendieadem
340 1656 446 1706 animuin
558 1696 566 1722 ,
662 1657 724 1707 aliud
740 1660 836 1719 possunt
853 1656 933 1707 vitare

125 1727 301 1792 pancarpon
315 1743 321 1775 ι
336 1728 377 1777 sed
390 1732 415 1777 ut
428 1728 522 1792 uideant
540 1735 563 1779 et
581 1730 645 1780 incer
662 1743 687 1779 or
735 1744 773 1778 .»
797 1728 888 1787 Qnieun
920 1743 933 1779 e

126 1791 564 1868 autertjsljmfflliffor'poralu,
698 1743 932 1858 wtsffiffilffiln

126 1868 198 1917 ileum
213 1883 218 1917 :
237 1882 292 1931 ergo
310 1870 390 1919 oculus
409 1871 548 1933 glorificatus
561 1876 637 1935 potest
649 1871 727 1921 videre
740 1872 823 1919 ileum.

159 1944 181 1989 t.
197 1941 323 2003 Praeoeoea,
345 1943 406 1991 lleus
423 1945 499 2005 polest
516 1943 589 1993 uideri
609 1944 638 1993 ab
654 1942 747 1991 homine
768 1940 858 1990 visione
877 1940 935 1991 ima-

159 2076 189 2138 (l)
205 2081 238 2123 lle
253 2079 370 2125 bisetium
380 2082 422 2139 tv,
439 2080 518 2131 Soet..
529 2082 583 2127 dist.
597 2080 643 2140 ttl,
656 2093 696 2137 qu.
709 2078 738 2138 Ξ,
752 2084 796 2123 ort.
812 2077 837 2123 2.
884 2086 889 2093 '

160 2145 190 2207 (ι)
204 2150 256 2193 siue
270 2150 335 2196 uidit
346 2155 385 2201 te,
396 2152 462 2207 juxta
475 2164 574 2209 graecum
587 2142 675 2211 ε’ὼρακέ
688 2160 724 2193 σε·

159 2216 190 2277 (3)
203 2222 320 2265 maeones
336 2222 494 2281 potissimum,
517 2224 556 2279 qui
575 2221 648 2279 graeoe
663 2222 717 2267 inde
733 2221 788 2266 dicti
806 2219 935 2265 asinando

127 2277 196 2349 (ἀπό
211 2285 251 2329 τοῦ
271 2277 384 2367 αδερκέιι)
400 2295 441 2339 sed
460 2300 484 2339 et
507 2301 627 2351 serpentes
646 2294 749 2351 passim,
772 2282 836 2351 ὄφεις
849 2293 934 2337 eodem

124 2373 209 2418 sensu,
227 2362 257 2405 ab
269 2370 346 2403 οπτειν
360 2376 402 2408 seu
420 2366 508 2410 videre.
527 2366 624 2422 Aquites
640 2378 734 2421 quoque
746 2367 822 2411 'velut
840 2365 935 2413 Aeolon

124 2429 149 2469 et
160 2424 190 2468 ab
203 2428 271 2467 acuto
284 2424 335 2468 uisu
352 2426 385 2469 ita
403 2427 476 2471 dietas
495 2440 524 2472 ex
538 2429 683 2485 unuquorum
697 2440 775 2486 sensu,
794 2434 820 2473 ut
831 2430 932 2487 Pierius,

125 2486 168 2530 lib.
181 2482 221 2540 19,
234 2496 286 2541 cap.
299 2485 339 2543 sl,
352 2493 376 2531 et
386 2490 425 2533 alii
434 2490 532 2533 subinde
543 2496 661 2535 notarunt.
674 2490 736 2543 Quod
747 2496 824 2535 autem
834 2493 935 2548 subjun-

124 2548 184 2603 gitur
202 2559 250 2603 arg.
265 2546 295 2606 3,
314 2548 343 2593 tle
364 2550 493 2609 phantasia,
509 2554 577 2608 psulo
598 2553 664 2597 aliter
680 2553 722 2599 lib.
742 2550 766 2609 3,
786 2550 816 2597 cle
836 2558 935 2603 meiana,

39 2649 45 2657 ,
125 2614 181 2655 text.
198 2606 252 2666 162,
265 2611 302 2655 vel
315 2622 367 2667 esp.
381 2612 412 2672 3,
426 2625 508 2658 versus
520 2614 587 2659 linem
602 2615 701 2661 habetur
716 2631 721 2658 ε
741 2614 881 2661 Pbontose‘o
900 2622 934 2662 eet

104 2680 238 2747 ‘molossi
256 2693 328 2726 remo
348 2684 482 2729 secundom
497 2688 578 2729 ortum
594 2686 657 2744 socio
677 2674 740 2747 (ὑπὸ
758 2680 800 2733 τῆς
818 2678 936 2735 aliumue

126 2758 191 2824 καιτοι
202 2740 317 2812 stepanus
330 2763 465 2815 γιγνομινης
479 2743 500 2815 ).
517 2755 566 2799 Nisi
580 2756 656 2811 potius
669 2765 792 2818 γιγιιμινιι
805 2756 934 2815 legentium

127 2830 153 2869 ut
166 2828 252 2870 κινησις
264 2825 414 2883 intelligatur,
423 2825 446 2869 id
461 2830 497 2869 est
508 2829 586 2871 motor
595 2829 639 2885 qui
650 2828 702 2887 [ιιι
713 2840 784 2874 sensu
795 2830 935 2877 seeundum

127 2891 223 2995 αοιῖιιιι,
242 2893 303 2932 utet
316 2887 349 2932 ibi
367 2888 466 2943 explieat
480 2890 502 2933 S.
520 2889 619 2934 Thomas
639 2896 662 2936 et
682 2890 821 2947 interpretes
838 2893 935 2950 quidam

126 2963 155 2993 ve
176 2957 226 2996 unt.
