1992 3342
331 281 365 320 mn
379 281 421 320 om
436 281 604 321 nummorum
841 271 872 319 el

69 358 141 410 draus
155 357 238 407 mullus
255 360 279 407 et
291 356 428 408 differentes
439 357 489 422 ipse
502 371 562 408 uum
575 357 677 409 erietem
688 360 714 410 et
727 356 875 414 uniformiter

69 429 178 490 lucendo,
189 427 214 477 in
229 427 304 492 seipso
316 427 462 478 uniformiter
474 428 617 493 praeeceipit3
632 428 666 478 ita
682 428 755 479 multd
765 429 839 492 magis
848 429 873 480 iu

69 513 133 552 mose
143 499 245 550 omnium
258 512 354 550 necesse
369 502 405 548 est
416 499 560 561 proceristere
576 500 653 550 omnia
666 501 791 551 eecnndum
807 504 876 551 umu-

70 571 138 620 rulem
151 569 273 633 unionem3
289 572 314 618 et
324 568 358 620 sic
368 583 419 633 quae
430 573 483 620 suut
493 569 582 620 diversa
592 574 617 620 et
630 570 734 634 opponite
745 570 770 620 iu
779 571 875 636 scinde,

73 639 97 688 iu
111 642 155 690 lle)
168 640 319 704 praeexislnut
335 643 456 702 uturum,
475 639 560 704 meque
573 639 711 692 detrimento
727 641 879 706 rimoldutie

76 723 150 774 operm.

106 782 132 830 El
142 795 181 845 per
190 782 237 832 hoc
249 785 314 846 putet
327 780 414 832 solutio
430 781 460 830 ad
470 780 602 830 secuudum.

104 853 137 902 Ad
152 852 247 902 terlium
261 853 397 914 dicendum,
413 849 474 915 quod
489 850 548 901 sicut
559 852 585 901 in
595 851 676 902 eodem
688 866 739 916 cap.
752 853 814 905 idem
829 854 883 906 llio·

75 923 150 988 lydus
163 923 232 987 dicit,
248 923 303 974 licet
314 922 394 988 ipsum
406 935 456 972 esse
470 922 502 972 sit
510 923 635 986 perfectius
645 937 714 987 quem
724 924 774 988 ipso
784 926 844 988 ritu,
858 930 883 976 et

72 1001 120 1058 ipen
129 993 178 1044 rita
187 993 257 1058 quim
269 993 321 1058 ipse
334 993 449 1056 sapientia
454 1030 462 1056 ,
473 992 494 1042 ei
503 993 675 1044 considerentur
687 996 813 1046 secundum
822 997 884 1060 quod

72 1065 242 1128 distiugmmtur
252 1065 341 1115 ratione
359 1079 365 1112 :
385 1068 464 1114 temen
479 1063 559 1114 virere
569 1068 607 1116 eet
620 1064 744 1130 perfectius
761 1066 829 1130 quim
843 1080 887 1118 ene

71 1134 174 1198 euntium,
191 1136 246 1199 quin
263 1135 346 1186 vivens
361 1134 432 1184 etiam
445 1138 481 1186 eet
492 1149 546 1198 eus,
560 1140 585 1186 et
600 1136 692 1201 sapiens
709 1139 746 1186 est
759 1150 801 1187 ene
813 1141 838 1187 et
851 1137 887 1187 ri·

74 1219 137 1259 vens.
149 1206 214 1256 licet
231 1207 304 1269 igitur
319 1219 360 1256 eus
375 1219 423 1256 uon
442 1205 542 1256 includet
561 1206 586 1256 in
603 1220 629 1257 so
642 1207 726 1257 rivers
743 1211 767 1260 et
780 1207 886 1271 sepum,

74 1290 115 1327 nec
127 1290 178 1328 esse
198 1277 303 1327 includat
320 1276 345 1326 iu
365 1289 392 1327 se
408 1276 487 1328 virere
503 1281 526 1327 et
543 1291 638 1341 sapere,
657 1277 710 1340 quia
730 1291 777 1328 non
795 1282 887 1342 oportet

73 1349 132 1412 quod
149 1347 209 1398 illud
226 1347 289 1411 quod
305 1347 429 1411 participat
446 1360 509 1412 eece,
528 1348 650 1413 pmtidpot
666 1347 742 1410 ipsum
762 1350 887 1400 secundum

73 1431 164 1470 omnem
173 1419 270 1468 modum
280 1417 386 1481 essendi,
400 1419 477 1467 tamen
490 1417 566 1482 ipsum
581 1431 632 1468 eece
648 1418 691 1467 Dei
705 1417 801 1468 includit
817 1419 843 1468 iu
861 1433 887 1469 ee

74 1489 180 1540 vitamet
201 1487 356 1553 sapientiam,
372 1486 427 1552 quia
442 1489 539 1539 multum
554 1489 583 1538 de
600 1487 779 1552 perfectionibus
796 1489 887 1540 eeeendi

76 1563 148 1622 ooteet
162 1561 248 1612 deesse
262 1559 300 1623 ei,
315 1559 377 1623 quod
392 1561 428 1610 ert
440 1557 516 1622 ipsum
532 1572 583 1611 eece
596 1558 730 1610 nmdelens.

376 1702 536 1754 ARTICULUS
549 1704 591 1753 111.

177 1817 270 1864 mtrem
279 1815 364 1874 aliqva
373 1819 485 1862 mentera
493 1818 567 1874 poerit
576 1830 625 1862 eece
633 1816 720 1863 similis
729 1817 787 1862 Deo.

104 1937 139 1987 lld
153 1936 251 1988 tertium
265 1934 300 1984 sic
317 1932 449 1997 proceditur
464 1931 507 1998 (1).
523 1933 617 1985 Videtur
633 1935 694 1998 quod
708 1935 770 1984 nullu
787 1937 890 1983 creatura

76 2009 146 2070 ponit
155 2021 208 2059 csse
219 2006 303 2058 similis
311 2007 368 2056 Deo.
378 2003 464 2054 Dicitur
474 2004 535 2056 euim
545 2006 571 2055 in
580 2006 649 2056 Pool.
663 2021 669 2055 :
680 2023 694 2053 o
704 2007 755 2055 Non
766 2007 800 2053 eet
812 2003 893 2064 simili,

76 2079 108 2128 tui
118 2081 144 2129 in
155 2081 201 2132 diis
211 2078 324 2141 Domine3
336 2093 350 2124 »
364 2074 406 2126 sed
419 2075 479 2126 inter
490 2091 570 2128 omues
582 2080 707 2137 creaturae,
717 2073 891 2124 excellentiores

76 2156 128 2201 suut
145 2167 198 2216 quae
218 2150 327 2201 dicuntur
343 2147 376 2198 dii
392 2147 549 2211 parddpative
564 2163 570 2198 z
585 2146 657 2198 multo
673 2158 728 2209 ergo
745 2144 820 2198 uinus
839 2143 891 2196 adn

78 2227 186 2274 emero
208 2224 307 2286 possunt
332 2219 378 2269 dici
393 2221 446 2268 lteo
466 2217 559 2270 similes.

108 2298 132 2343 2.
151 2297 280 2356 liuterce,
297 2289 424 2341 similitudo
442 2293 478 2340 est
496 2290 636 2355 comparatio
649 2289 772 2353 quedem:
789 2302 836 2339 non
853 2291 891 2340 eet

80 2367 153 2415 eutem
166 2363 311 2428 comparatio
327 2373 408 2413 eorum
421 2375 471 2425 que
484 2364 537 2412 eunt
547 2361 687 2413 diversorum
698 2374 807 2423 generum
819 2397 824 2408 .
835 2373 891 2422 ergo

81 2446 120 2484 uec
132 2435 273 2498 similitud03
285 2447 333 2484 nou
348 2432 411 2483 enim
425 2433 533 2497 dicimus,
544 2433 604 2497 quod
617 2433 711 2483 dulcedo
721 2432 751 2482 sit
765 2431 845 2482 similis
858 2432 892 2481 al·

82 2503 154 2558 bodini
167 2507 213 2572 (i).
233 2506 279 2557 Sed
294 2504 359 2555 nulle
374 2506 479 2555 creatura
491 2508 526 2554 cst
542 2505 645 2568 ejusdem
660 2503 750 2568 generis
763 2517 815 2554 cum
828 2503 891 2565 lteo,

83 2573 129 2628 tim
136 2581 198 2630 licus
211 2591 260 2629 non
271 2577 302 2628 sit
315 2576 341 2626 in
353 2589 448 2640 genere,
461 2579 486 2626 ut
495 2575 563 2640 suprd
572 2580 688 2630 ostensum
700 2579 750 2638 est;
762 2586 818 2638 ergo
829 2573 893 2623 nullu

82 2653 180 2700 cutura
195 2647 331 2701 estsimilis
347 2649 405 2698 Deo.

113 2800 143 2863 (ll
160 2804 246 2850 nenio
262 2802 371 2850 etiemln
384 2799 619 2860 11,Seet.,diot.tl‚
632 2798 753 2857 quem,
770 2794 852 2848 πως
867 2799 893 2838 et

86 2862 151 2910 Geel.
165 2868 249 2924 Geel,
259 2867 304 2912 lib.
316 2868 341 2924 1,
354 2875 409 2920 cop.
424 2863 467 2916 293
483 2869 508 2908 et
519 2864 561 2909 lib.
573 2865 609 2920 11,
621 2873 673 2918 cup.
685 2861 714 2914 23
729 2866 754 2905 et
764 2861 848 2914 queen
861 2856 891 2912 ἱ,

84 2926 111 2970 de
124 2929 250 2974 verleent.
262 2927 306 2982 1e;
317 2933 342 2972 et
355 2931 441 2984 quent.
453 2925 478 2982 7,
487 2925 516 2971 de
530 2929 620 2982 pomula
635 2930 679 2969 ert.
691 2922 717 2967 ¹1.
805 2979 811 2990 ·

82 3001 84 3008 ’
114 2985 143 3049 (2)
160 2991 224 3038 Licet
243 2990 396 3037 inveniuntur
415 2989 441 3036 in
454 2987 550 3048 eodem,
569 2991 595 3032 nt
608 2986 634 3032 iu
646 2995 755 3035 ccccmo
772 2989 827 3035 (1⁸¹⁸
843 2985 893 3018 '¹⁰¹¹

753 3079 782 3124 ΞΔ
