1992 3342
112 231 142 275 st
315 238 375 273 vrrs
391 238 415 286 1,
432 238 524 280 oonsr.
543 238 596 286 111,
614 238 671 273 aar.
691 238 710 272 r.
990 248 991 251 =

112 316 141 364 lit
154 316 198 365 hoo
211 312 389 376 rationabiliter,
400 312 571 364 considerantes
583 326 620 363 res
633 312 727 363 11111111
740 310 754 362 l
766 310 840 376 primo
854 312 919 376 priu-
990 308 991 313 ’

111 386 171 450 oipio
189 384 215 434 in
227 384 350 435 inlinitum.
362 384 407 435 Sed
419 383 473 448 qnia
483 384 575 448 qudam
589 387 722 435 erraverunt
738 384 797 433 eirea
811 386 918 433 naturam
990 360 991 387 ¹

112 455 180 519 primi
196 455 304 519 principii
310 493 320 519 ‚
334 468 478 520 consequens
493 456 537 507 tuit
550 460 575 507 ut
588 459 690 507 errarent
707 454 767 505 cirea
780 454 919 505 intinitatem
990 472 991 505 1

111 528 192 592 ipsius.
214 526 272 585 outa
295 526 358 576 euim
379 527 495 590 ponebant
515 526 613 591 primum
631 526 767 591 principium
784 523 918 587 materiam,

111 601 276 660 mmequenter
292 598 444 648 attribuerunt
464 598 537 662 prium
558 599 669 663 principio
690 598 827 648 intinitatem
845 600 920 646 mate·
990 630 991 663 p

114 669 195 719 rialem
202 706 211 731 ,
225 667 326 719 dieentes
338 669 429 733 aliquod
445 684 528 741 corpus
542 669 655 719 inlinitum
671 679 720 721 esse
735 668 836 732 primum
855 668 921 731 priu-
990 710 991 749 1

113 740 207 805 oipium.
839 776 843 779 -

143 811 334 863 Considerandum
347 815 383 862 est
393 812 464 875 igitur
479 811 541 876 ‹pudd
553 812 666 862 infinitum
683 810 764 863 dieitur
785 810 873 875 aliquid
890 824 919 861 ex
990 860 991 875 2

113 883 212 946 eoquod
220 896 267 933 non
277 887 313 933 est
323 883 414 933 finitum
426 900 432 933 ε
445 884 606 933 liniturautom
617 881 781 947 quodammodo
791 886 814 931 et
821 882 920 932 materia
990 906 991 939 3

113 966 155 1017 per
175 954 284 1017 formam,
305 958 329 1005 et
346 954 419 1005 forma
437 968 479 1019 per
498 954 626 1005 materiam.
649 953 742 1004 Materia
765 952 857 1017 quidem
878 966 920 1017 per
990 948 991 967 ³

112 1024 372 1089 tormamiuquantum
381 1026 476 1076 materia
487 1030 609 1089 antequam
620 1025 715 1089 resipiat
727 1023 823 1073 formam
829 1028 885 1086 ,est
895 1025 920 1073 iu
990 1036 991 1083 ζ

113 1094 216 1159 potentia
225 1097 255 1145 ad
267 1097 351 1147 multas
363 1097 461 1160 formas,
473 1098 514 1147 sed
527 1110 579 1146 oum
588 1096 670 1159 recipit
679 1108 765 1157 unam,
782 1094 923 1145 terminatur
990 1110 991 1133 ³

113 1165 236 1229 perillam.
255 1167 336 1217 Forma
348 1165 404 1217 uerd
413 1164 925 1231 initurpermateriam,iumrantumlorrua
990 1162 991 1217 Ϊ

112 1236 138 1285 in
152 1250 176 1286 se
198 1236 340 1287 oonsiderata
353 1236 480 1289 eommunis
495 1240 531 1287 est
549 1237 577 1287 ad
595 1237 679 1299 multa3
696 1236 736 1286 sed
749 1248 791 1299 per
803 1236 848 1285 hoo
859 1237 926 1299 quod

113 1306 223 1371 recipitur
233 1308 259 1357 in
272 1308 381 1371 materia,
395 1308 421 1358 rit
437 1309 511 1359 torma
524 1306 673 1359 determinati
688 1306 811 1371 11111111.
824 1306 926 1358 Materia
990 1322 991 1355 l

113 1384 191 1430 autem
203 1379 319 1444 perficitur
331 1393 373 1443 per
388 1380 484 1430 iormam
499 1394 541 1443 per
558 1394 628 1443 quam
644 1379 721 1429 finitur
734 1394 739 1427 :
753 1382 777 1428 et
795 1378 847 1428 ideo
868 1378 926 1427 infi-
990 1380 991 1419 ἱ

113 1450 187 1501 111111
196 1452 321 1502 amandum
334 1452 395 1514 quod
408 1451 538 1501 attribuitur
550 1450 652 1501 materiae
666 1450 735 1499 hahet
749 1449 863 1499 rationem
876 1450 926 1498 iru-
990 1446 991 1513 ζ

114 1522 226 1586 porreeti,
241 1521 355 1573 11111111
368 1522 434 1585 qmsi
444 1522 540 1573 materia
557 1522 704 1573 nonhaheus
717 1521 823 1571 formam.
837 1520 926 1572 Forma
990 1516 991 1581 ᾗ

113 1596 190 1643 autem
209 1606 257 1643 non
271 1593 387 1656 perficitur
396 1606 437 1657 per
454 1592 588 1655 materiam,
600 1593 640 1643 sed
653 1592 725 1655 magis
737 1605 780 1656 per
796 1602 847 1641 eam
869 1591 926 1655 ejus

114 1663 238 1726 amplitude
255 1663 398 1713 eontrahitm
416 1679 423 1713 2
443 1664 504 1713 unde
524 1663 651 1727 inlinitum,
671 1663 795 1713 secuudum
814 1663 876 1725 quod
895 1676 925 1713 se
990 1688 991 1719 r

113 1736 178 1783 tenet
195 1748 224 1783 er
240 1739 304 1797 parto
320 1735 399 1785 forme
416 1748 463 1785 oon
478 1734 633 1785 determinatae
644 1746 686 1798 per
703 1732 834 1795 materiam,
848 1734 926 1785 habet

114 1804 228 1854 rationem
242 1804 345 1867 perlecti.
363 1806 420 1855 Illud
434 1809 510 1859 antem
525 1806 586 1869 quod
602 1808 637 1855 est
648 1803 746 1853 mariani
760 1804 854 1854 iormale
871 1816 925 1854 om·
990 1810 991 1819 ¹

114 1875 190 1939 nium,
204 1879 239 1927 est
254 1875 329 1939 ipsum
350 1890 412 1939 esse,
430 1880 456 1927 ut
474 1876 676 1939 exsuperioribus
694 1874 926 1939 palet.Chmigitur
990 1900 991 1931 r

115 1960 165 1997 esse
182 1946 284 1997 divinum
297 1962 343 1999 nou
361 1948 391 1998 sit
409 1961 459 1999 esse
475 1951 594 2011 reooptum
609 1948 633 1997 iu
650 1947 741 2011 aliquo,
761 1947 801 1997 sed
820 1946 871 2009 ipse
890 1948 926 1999 sit
990 1940 991 1991 l

114 2032 181 2070 saum
189 2032 240 2069 esse
248 2019 376 2070 subsistens
380 2056 388 2082 ,
399 2024 426 2069 11
436 2017 505 2082 sopri
518 2022 635 2069 ostensum
645 2023 695 2081 est3
708 2018 854 2069 manifestum
870 2022 923 2082 est,
990 2032 991 2089 1

114 2089 306 2153 quddipsollens
316 2091 346 2141 sit
358 2089 461 2141 infinitus
468 2089 505 2155 (t)
514 2094 538 2139 et
549 2090 673 2153 periectos.
990 2094 991 2105 ¹

146 2161 175 2209 lit
185 2174 226 2224 por
236 2162 280 2211 hoo
291 2165 355 2225 patet
367 2161 484 2225 responsio
496 2162 526 2211 ad
539 2161 646 2225 primum.

147 2231 180 2279 hd
191 2232 315 2281 seeundum
329 2232 464 2293 dicendum,
478 2231 539 2294 qnod
551 2232 661 2285 terminus
669 2230 802 2297 quantitatis
812 2234 847 2281 est
860 2230 925 2283 sicot

115 2302 188 2352 forma
202 2300 276 2365 ipsius
293 2318 298 2350 2
317 2302 383 2365 orpus
399 2302 544 2365 signumad,
559 2301 619 2367 qudd
630 2303 702 2366 figura
715 2318 766 2367 quar
777 2302 883 2371 consistit
896 2304 924 2355 in
990 2342 991 2375 ᾖ

115 2468 157 2524 qui
173 2478 221 2512 nou
240 2467 303 2511 aliud
321 2466 458 2523 principium
475 2468 546 2524 quim
559 2468 673 2513 indultam
686 2474 840 2526 agnoverunt,
861 2468 926 2515 niort

114 2529 285 2575 Anaximander
298 2534 322 2573 et
335 2528 374 2573 alii
387 2530 529 2589 physiologi,
545 2532 647 2577 diuinum
666 2543 758 2587 quoque
778 2542 804 2575 ao
823 2531 923 2576 immor·
990 2534 991 2595 ᾗ

115 2592 161 2637 talo
175 2597 314 2651 posuerunt,
328 2596 354 2637 11
365 2592 518 2649 Philosophus
528 2593 662 2642 rumumihi
676 2599 748 2639 notat.
990 2606 991 2645 1

144 2657 179 2768 g)
198 2662 249 2707 Hdo
262 2662 364 2719 pertinet
380 2663 443 2719 quod
457 2668 522 2709 entra
540 2666 568 2711 de
584 2678 675 2711 worma
695 2664 809 2730 Trinitate
827 2670 852 2708 et
877 2664 923 2711 tide
990 2668 991 2725 1

116 2735 144 2769 oa
169 2724 228 2770 olion
239 2737 268 2770 ex
279 2726 377 2774 coneilio
390 2727 539 2773 Latersuensi
554 2728 598 2773 suh
610 2728 748 2780 Innocentio
760 2729 807 2783 111,
826 2732 853 2771 11
866 2738 922 2784 oap.
990 2728 991 2785 l

116 2785 236 2832 Fsrmtter
257 2787 335 2834 videre
358 2794 410 2845 est,
434 2786 542 2836 delinitur
560 2791 714 2835 immoror:
736 2792 770 2835 llo
799 2789 863 2834 enirn
886 2791 924 2835 (11-
990 2786 991 2845 l

117 2848 236 2901 mensione
253 2856 318 2897 earet
338 2846 409 2909 (qnod
422 2854 459 2894 est
472 2850 612 2898 immensum
625 2848 684 2911 esse)
701 2849 873 2907 quinintlnitus
886 2860 925 2898 est
990 2856 991 2871 ¹

117 2902 244 2971 ddrdroror
254 2911 288 2965 dm
300 2910 407 2979 ἄπειρος,
422 2920 455 2967 air
464 2921 579 2967 1111111111
588 2927 685 2977 1111111.
