1992 3342
178 280 212 317 ror
226 278 386 317 massonum
400 280 536 320 ιιιιιιιιιιιιι
551 280 717 321 nmsouonurr.
806 274 851 322 617

84 355 216 409 lienium
230 355 363 421 dicendum,
373 355 436 421 quod
445 358 568 421 procedere
577 356 591 408 'r
600 358 724 424 principio,
736 364 762 410 ut
776 364 852 412 extru-

61 442 117 479 neun
129 434 154 480 et
163 428 289 492 diversum,
299 433 413 493 repugnat
423 428 508 479 rationi
514 428 582 494 primi
589 430 711 495 principii3
723 432 762 482 secl
773 446 852 496 prooe-

61 501 136 551 dereut
150 500 271 563 intimum,
287 503 312 551 et
324 501 409 566 absque
418 500 549 552 diuersitate
563 516 604 565 per
618 503 709 553 molum
719 502 853 567 intelligibi-

59 572 109 636 lem,
119 572 246 624 includitur
259 574 285 623 iu
298 572 387 624 ratione
398 572 467 637 primi
482 573 600 639 principii.
613 574 670 625 Cium
683 575 745 625 enim
756 576 852 629 dicimus

61 646 207 697 {collectorem
223 645 363 710 principium
377 646 472 709 oomnis,
485 646 512 697 iu
522 646 612 697 *ratione
621 647 692 711 liujus
701 646 852 712 principiiiu-

61 717 143 768 cluditur
156 718 279 783 conceptio
294 732 342 770 sue
353 718 423 782 ertis;
438 723 463 769 et
474 718 629 769 includeretur
643 718 668 769 iu
681 719 769 771 ratione
783 721 852 785 primi

60 790 172 857 principii,
187 789 343 843 sl'aeuificator
352 794 413 843 esset
425 791 524 855 primum
534 790 680 857 principium.
696 794 850 857 Deusautem,

59 864 125 925 pricst
132 867 238 931 primum
249 865 389 930 principium
401 879 488 931 rerum,
498 869 645 931 comparetur
658 866 687 918 od
699 880 736 919 res
746 870 850 931 cuculos,

59 940 79 986 ut
91 938 170 990 artifex
190 938 220 989 ad
231 937 360 989 urliilcnla.

350 1065 509 1119 nucleolos
525 1064 555 1115 11.

89 1182 166 1228 norim
177 1183 265 1240 aliquo
272 1182 389 1238 processio
402 1181 429 1226 io
437 1180 527 1227 divione
536 1181 657 1238 peroratio
674 1181 722 1227 clici
729 1183 814 1239 possit.

83 1301 247 1354 llsecundum
261 1301 295 1351 sic
303 1301 433 1365 proceditur
440 1300 486 1367 (1).
494 1300 588 1351 Videtur
600 1299 660 1364 quood
673 1302 787 1363 processio
801 1317 850 1366 quoe

54 1373 115 1423 ostiu
126 1375 229 1438 divinis,
240 1387 289 1424 nou
302 1373 373 1437 posuit
388 1373 435 1423 dici
452 1372 579 1437 generatio.
599 1372 721 1423 Generatio
737 1373 798 1422 enirn
814 1378 851 1425 est

56 1446 138 1498 rurum
148 1449 179 1499 ‹le
189 1461 242 1495 non
249 1460 302 1495 esse
312 1445 337 1495 in
344 1460 395 1496 ecoe
400 1483 409 1509 ,
420 1444 560 1510 corruptioni
570 1443 675 1509 opposite
681 1481 690 1507 ,
700 1448 724 1493 et
733 1444 850 1507 utriusque

52 1518 172 1581 subjectum
190 1523 230 1570 est
247 1517 351 1569 muteris
368 1518 413 1569 Sed
432 1516 491 1568 nihil
512 1518 593 1567 luorum
613 1516 724 1582 competit
744 1516 848 1569 divinis:

54 1603 99 1651 crgo
112 1606 160 1643 non
173 1594 255 1657 potest
268 1588 386 1653 generatio
402 1602 452 1640 esse
463 1589 489 1639 iu
503 1587 595 1639 diuinis.

78 1668 97 1714 2.
111 1666 243 1726 haereo,
259 1664 284 1713 in
294 1663 342 1713 Deo
355 1666 390 1713 est
400 1661 515 1725 processio
528 1659 653 1712 secundum
664 1662 756 1712 modum
766 1662 852 1713 intelli·

52 1734 150 1800 uliilem,
161 1741 190 1787 ut
198 1734 288 1786 dictum
301 1737 344 1785 est.
355 1734 402 1784 Sed
412 1732 437 1783 in
445 1733 513 1784 uobis
522 1732 575 1783 telis
585 1731 700 1797 processio
715 1746 761 1784 uon
770 1733 851 1785 dicitur

54 1809 161 1861 senentio
170 1807 208 1874 (1)
226 1823 232 1857 ;
246 1819 303 1869 ergo
316 1806 429 1869 usquein
439 1807 494 1857 ileo.

77 1882 96 1928 3.
107 1881 243 1939 Praeteree,
255 1891 325 1928 omne
339 1876 442 1941 genitum
456 1877 541 1942 accipit
553 1878 632 1929 ossei
646 1884 769 1941 generante
783 1892 851 1928 :esee

51 1960 96 2009 crgo
106 1952 237 2016 cuiuslibet
249 1948 323 2013 geniti
337 1953 373 1999 est
386 1963 437 1999 esse
453 1952 581 2015 receptum.
593 1951 636 2001 Sed
652 1950 738 1999 nullum
751 1964 801 1999 csse
814 1962 851 2000 re·

51 2026 133 2083 neptum
143 2027 182 2074 est
196 2036 242 2087 per
255 2036 279 2072 se
293 2020 433 2087 subsistens
441 2021 497 2072 Cium
511 2022 580 2085 igitur
593 2037 643 2071 esce
656 2021 758 2072 diuinum
771 2020 801 2071 sit
809 2036 851 2085 per

48 2106 67 2138 c
78 2096 227 2159 subsistens,
238 2094 278 2160 (ut
286 2093 356 2157 sopri
370 2093 491 2157 probatum
508 2093 566 2159 est),
577 2094 678 2159 sequitur
693 2092 753 2157 quod
766 2092 851 2147 nullius

50 2168 111 2217 :uniti
119 2183 177 2219 esse
186 2168 220 2219 sit
231 2181 285 2216 esse
293 2165 405 2217 diunum.
418 2167 513 2217 Nouest
526 2181 580 2230 ergo
593 2166 709 2229 generatio
723 2165 748 2215 iu
756 2165 848 2216 divinis.

71 2237 115 2290 Sed
125 2244 216 2293 contra
228 2242 279 2302 cst,
293 2237 355 2303 quon
365 2236 449 2288 licitur
456 2237 482 2289 in
493 2240 560 2291 Pcat.
576 2243 600 2289 1.
614 2256 629 2287 u
643 2239 690 2301 nge
703 2236 771 2289 hodie
781 2238 851 2301 genui

47 2314 63 2356 le
76 2311 116 2375 (3).
125 2329 140 2359 n

72 2383 238 2448 (Εοιιιιιυειο.
255 2410 287 2421 -
306 2381 426 2434 Processio
440 2382 566 2435 secundini
583 2396 652 2448 quam
665 2383 761 2434 uerburm
777 2382 802 2433 iu
816 2383 851 2435 di·

73 2501 199 2563 lllnehis
210 2504 335 2561 etium1V‚
348 2501 417 2552 ecco.
430 2504 512 2555 Goot„
523 2516 545 2549 c.
557 2502 587 2549 10
599 2510 622 2549 et
639 2501 677 2557 11;
687 2508 711 2548 et
724 2503 812 2561 opusc.
825 2502 849 2563 3,

46 2568 147 2676 gaug&
162 2574 192 2613 ut
208 2573 233 2612 et
247 2568 259 2612 1
274 2566 354 2616 Senot„
370 2566 424 2612 dist.
441 2566 485 2627 12,
500 2572 544 2616 ort.
560 2566 587 2627 1,
602 2566 639 2613 rel
653 2566 722 2611 etium
736 2566 789 2613 diet.
804 2565 849 2627 13,

72 2701 100 2760 li)
108 2707 327 2757 Quantumcunque
334 2701 424 2749 dicotur
434 2704 555 2759 productio
564 2715 614 2759 que
622 2714 664 2759 per
675 2702 850 2759 conceptionem

48 2766 111 2810 oolam
126 2765 252 2813 verificari
268 2770 355 2825 potest,
368 2770 394 2810 ut
411 2766 538 2823 explicetur
552 2765 626 2819 iulri;
642 2765 740 2822 indeque
755 2766 850 2811 uerbum

46 2831 116 2881 proteo
127 2828 236 2876 mentis.
659 2846 660 2849 ¹

74 2901 100 2957 13)
114 2904 153 2949 Ad
168 2904 239 2947 huuc
253 2901 352 2946 eundern
366 2913 459 2947 sensum
473 2902 545 2947 refert
560 2902 583 2945 in
599 2912 652 2945 eum
671 2902 746 2947 locum
760 2903 849 2957 Augus·

49 2972 102 3010 'rous
116 2971 225 3025 propter
236 2964 293 3009 illud
307 2964 439 3023 socienno
452 2966 616 3023 sempiternum
631 2965 801 3023 generationem
815 2964 850 3007 in-

47 3028 110 3074 intrari
121 3032 183 3076 uult.
