1992 3342
287 210 318 248 ns
332 209 399 250 nono
414 209 565 258 nocumento
580 209 714 252 manu.
849 202 895 250 m

130 286 176 338 Sed
188 289 267 338 nnuc
277 290 326 348 est,
336 287 401 351 ¹guod
415 287 568 352 dugustinm,
579 289 618 338 lv.
632 289 715 351 snper
727 294 788 339 doc.
797 289 835 339 od
851 289 895 340 tit.

93 362 120 410 et
132 359 171 410 xi.
187 359 224 408 De
237 359 316 410 Cioit.
330 360 391 416 Bet,
406 359 525 424 distinguit
540 359 694 423 cognitionem
709 361 842 423 angelorum
853 375 897 426 pes

94 432 251 482 matutinum
268 435 293 482 et
306 434 485 496 vespertinam.

97 507 101 518 '
131 503 331 567 (Cosmus10.-·
344 502 493 566 distinguitur
510 503 536 554 iu
552 503 640 567 nogotii
653 502 754 566 cognitio
766 506 895 554 ototnttoc

96 575 159 641 (qun
175 588 212 625 res
229 578 368 638 cognoscunt
387 575 411 626 in
434 576 507 640 prima
526 573 625 639 cunm),
647 575 661 626 'a
677 577 831 640 cogentius,
850 588 896 640 qm

94 649 236 710 cognoscunt
249 659 285 696 ros
299 649 325 696 ut
341 647 430 696 suntin
444 646 551 712 seipsis.)

130 718 264 782 despondeo
278 715 413 783 dicendum,
428 719 486 782 quod
501 721 545 770 hoc
558 720 619 782 qnod
631 719 712 772 dicitur
722 721 751 772 de
763 718 895 783 cognitione

96 793 230 842 matutina
243 793 267 842 et
281 792 425 856 vespertino
440 789 465 840 in
479 789 577 854 sugetis,
592 790 744 843 introductum
756 795 792 843 est
806 791 837 842 ab
848 792 894 841 An-

95 862 188 926 gustino
206 861 248 926 qui
267 867 308 912 sex
325 860 387 924 dies,
399 859 424 914 in
438 861 522 926 quibus
541 864 601 914 itcus
611 862 700 926 iegitur
714 862 895 915 iecissem

95 1011 206 1070 suguntur
216 1004 282 1070 (edm
292 1006 415 1069 seducente
426 1006 463 1056 die
475 1005 551 1057 tuctus
562 1005 671 1071 legatur),
688 1007 729 1058 end
741 1019 812 1057 mum
822 1007 892 1070 diem,

92 1079 184 1130 scilicet
196 1077 346 1141 cognitionem
364 1077 488 1142 angelicum
499 1092 541 1129 sex
550 1091 627 1133 rernm
638 1078 760 1142 generims
771 1082 893 1142 consonu-

93 1153 151 1204 tnm.
162 1150 226 1202 Sient
242 1153 317 1200 nutem
327 1150 353 1200 in
365 1149 402 1200 die
416 1155 526 1201 consueto
540 1165 615 1200 mone
624 1153 661 1201 est
677 1149 817 1214 principium
830 1149 891 1214 dici,

92 1236 193 1288 coepere
206 1223 281 1272 autem
296 1220 415 1286 terminus,
429 1221 461 1270 ito
478 1221 578 1286 cognitio
594 1220 667 1286 ipsius
682 1221 833 1286 primordialis
842 1237 893 1272 ense

92 1305 170 1347 icium
183 1291 265 1346 dicitur
275 1292 373 1356 cognitio
387 1294 532 1357 matutino,
547 1297 571 1344 et
581 1296 632 1345 haec
642 1297 677 1343 est
692 1291 818 1343 secundnm
831 1292 893 1356 quod

92 1379 130 1418 ros
143 1370 196 1417 sunt
211 1365 235 1415 in
248 1365 338 1428 Verbo,
350 1363 449 1427 cognitio
469 1368 546 1416 eutem
561 1364 634 1430 ipsius
648 1379 700 1415 esee
716 1363 750 1414 rei
763 1367 845 1414 ciente
857 1375 893 1414 se-

93 1435 194 1490 cundnm
207 1436 268 1502 qudd
279 1436 303 1488 in
315 1437 405 1501 propria
420 1441 502 1486 natura
514 1436 626 1499 consistit,
639 1437 722 1489 dieitur
731 1436 829 1500 cognitio
842 1452 893 1486 nes-

93 1511 272 1576 postiemum
285 1508 785 1574 eoseccmmituitdvenbomcutdqnodem
795 1509 893 1573 primon-

91 1577 368 1647 conspectionem
381 1579 480 1630 effluxu!
493 1580 628 1631 miminntut
639 1582 668 1632 nd
679 1594 731 1631 esce
741 1591 817 1631 renum
831 1581 892 1644 quod

89 1653 115 1704 in
128 1651 220 1718 propriu
235 1654 316 1702 nntmn
328 1651 421 1702 hubent

123 1727 158 1777 dd
170 1724 269 1789 primun
278 1737 332 1788 eigo
343 1724 480 1789 dicendum,
493 1723 557 1789 qnod
565 1739 664 1790 vespm
672 1729 699 1776 ct
707 1739 781 1775 morte
791 1737 838 1777 non
853 1735 892 1774 oc·

91 1797 203 1863 cipiuntut
218 1796 244 1847 in
257 1795 387 1860 cognitione
406 1796 510 1862 angelico
527 1796 653 1847 secundum
670 1795 843 1848 n‘miiitndincm
861 1797 890 1847 ed

91 1867 254 1920 admixtionem
274 1867 432 1932 tenebrarum,
446 1869 486 1919 sed
499 1867 625 1921 secundnm
639 1868 810 1919 omittundum
828 1867 892 1932 psin-

91 1941 145 2007 cipii
163 1943 188 1991 st
202 1939 302 1990 toitnini.
317 1940 358 1990 Vel
372 1940 492 1992 dicendum
505 1939 566 2006 quod
582 1941 643 1991 nituit
656 1941 777 2006 pmtdbet,
789 1944 817 1992 ut
835 1940 892 1993 dicit

90 2011 245 2076 Augustinus,
258 2011 390 2076 Nasones
401 2013 462 2062 Gen.
471 2013 508 2063 ed
518 2011 568 2071 tit,
579 2024 631 2077 cap.
642 2016 687 2076 tit,
699 2013 785 2077 aliquid
793 2012 819 2062 in
829 2025 890 2064 eom-

90 2085 209 2150 suntiono
221 2085 250 2134 nd
262 2097 333 2134 uuum
342 2083 387 2134 dici
399 2083 463 2148 dnn,
477 2085 534 2138 etin
546 2084 715 2149 computatione
728 2087 757 2136 nd
772 2085 834 2135 alind
845 2085 890 2136 dici

90 2156 193 2207 tonora
205 2171 213 2205 .·
229 2153 288 2206 sient
301 2155 348 2206 vita
360 2155 460 2206 ddciium
473 2161 498 2207 ct
510 2156 624 2220 justorum
633 2156 660 2206 in
676 2156 845 2222 commotione
861 2157 890 2207 nd

90 2226 174 2292 impios
184 2227 267 2278 dieitur
278 2227 341 2285 dne,
354 2228 478 2279 mcnndnm
486 2227 543 2278 iilud
555 2229 693 2294 ostendi
705 2245 712 2279 ε
726 2229 836 2279 «Fninis
849 2229 890 2280 nii-

87 2301 383 2365 manumissionum
398 2303 474 2351 nutem
493 2299 534 2350 lux
548 2300 573 2350 iu
587 2300 699 2366 {tontum
715 2317 729 2348 »
744 2311 796 2365 nuso
811 2305 890 2352 tomen

86 2371 136 2422 vitu
149 2371 250 2422 ddciium
261 2371 286 2420 in
300 2371 467 2436 compunctione
483 2372 513 2422 ad
527 2371 600 2421 vitem
612 2371 704 2436 ginno,
719 2374 840 2425 tenebrosa
854 2374 892 2424 dt·

85 2445 158 2508 nitur,
171 2443 296 2496 secundun
304 2443 360 2494 iliud
371 2444 400 2496 11.
413 2447 493 2507 Peto,
506 2444 532 2494 11
547 2461 562 2492 «
573 2443 830 2508 nonnosumnneticnm
843 2459 890 2496 ser-

86 2527 179 2566 monem
185 2553 194 2579 ,
211 2516 248 2566 cui
260 2515 397 2566 benntecitis
415 2514 560 2566 attendentes
574 2514 640 2579 quem
655 2516 753 2567 tucemn
766 2516 852 2567 iuconti
865 2516 890 2566 in

86 2587 212 2652 caliginoso
226 2588 284 2640 loco.
295 2603 309 2634 »
323 2587 362 2638 sic
377 2587 446 2650 igitur
462 2587 567 2652 cognitio*
576 2587 651 2651 nngott
665 2599 711 2651 qun
725 2587 892 2650 cognoscttres

87 2658 113 2708 iu
125 2659 218 2724 propria
235 2661 328 2722 natum,
346 2657 402 2708 dieo
419 2663 455 2709 cst
470 2670 514 2724 pen
527 2658 718 2722 comparationem
736 2659 766 2713 nd
781 2660 891 2724 ignomn-

84 2731 142 2780 tinm
158 2731 195 2780 set
209 2733 321 2794 errorem
337 2731 378 2781 scd
393 2731 487 2782 obscum
502 2733 538 2782 cet
552 2740 597 2794 per
607 2732 801 2796 comparationem
813 2731 842 2782 nd
852 2730 889 2780 vi·

83 2805 175 2854 sionem
186 2799 264 2852 Verbi.

115 2877 149 2926 dd
163 2875 287 2926 secundum
298 2875 432 2940 dicendum,
443 2873 504 2940 quod
515 2877 646 2926 matutino
658 2879 683 2927 et
692 2876 836 2942 vespertina
848 2885 888 2926 no·
919 2919 922 2925 .

83 2947 161 3011 gnitto
178 2948 205 2998 nd
218 2944 278 2998 dion
296 2945 410 3012 penitet,
423 2947 446 2998 id
460 2949 507 3012 est,
522 2948 551 2998 ad
565 2947 659 3012 nngoios
673 2948 830 3012 illuminatos,
846 2947 888 3013 qui
