1992 3342
331 226 363 262 ns
378 226 518 263 venemens
533 227 581 262 ons.
810 215 853 260 307

60 305 133 352 meite
146 299 227 350 divina
238 315 244 348 ε
255 299 315 350 sient
328 301 408 352 nonus
418 300 517 352 nobilius
529 315 581 350 ense
593 302 663 351 habet
672 299 697 352 in
711 303 788 350 mente
802 301 856 350 arti-

57 374 102 424 ticis
115 373 185 438 quim
206 371 232 422 in
250 372 362 435 materia3
378 375 417 423 sed
430 377 509 424 tamen
521 372 598 422 veritis
616 371 698 422 dieitur
711 372 790 424 domus
806 385 856 435 quae

56 449 88 493 est
97 445 121 494 in
134 443 253 506 materia,
271 441 340 507 quiin
353 459 404 508 quie
417 449 452 495 est
467 445 492 493 in
504 447 582 494 mente
588 481 596 507 ,
608 443 662 507 quia
673 444 723 493 haee
733 446 768 492 est
777 443 857 492 domus

57 517 149 579 inacte,
162 515 205 565 ina
215 518 292 565 autem
305 515 385 566 domus
398 516 423 566 in
436 516 548 580 potentin.

89 587 118 636 td
129 590 240 650 quartum
252 585 384 650 dicendum,
394 586 455 651 quod
468 586 522 637 lieet
533 588 591 637 mete
601 587 647 637 sint
660 587 685 636 in
695 586 738 638 Dei
750 585 856 650 seientia,

60 659 83 705 in
99 661 207 721 qnantum
224 658 267 708 snb
283 657 324 708 liei
340 659 436 708 soientm
454 659 679 722 comprehenduntur
684 696 692 722 ,
713 671 759 708 non
780 660 858 709 tamen

60 729 148 779 suntin
165 731 215 780 Deo
231 729 292 779 siem
305 730 519 793 eoeatniiteo,vet
531 733 663 780 conservata
677 729 774 793 abipso,
784 742 858 794 neque

61 800 115 849 sieut
128 799 242 852 habentia
260 800 372 851 rationem
391 802 417 851 in
434 803 481 851 Deo
498 801 533 866 (1)
553 816 558 850 :
579 803 747 864 cognoscuntur
764 800 826 850 enim
845 800 858 850 i

61 872 103 920 [teo
118 885 160 934 per
178 870 283 922 rationes
296 871 421 935 bonorem,
435 873 496 923 unde
509 885 556 921 non
570 875 645 936 potest
663 871 709 922 dici
725 870 783 935 quod
799 872 860 922 meta

61 943 103 992 sint
113 942 203 993 vitain
212 945 271 995 Deo.
280 945 313 994 Ea
326 943 382 994 vero
396 957 447 1008 quae
457 944 582 994 seeundim
591 943 679 993 nullum
690 947 781 1006 tenipus
792 945 857 1006 sunt,

62 1019 151 1075 possunt
160 1014 208 1064 dici
217 1027 269 1065 esse
279 1017 336 1064 vito
351 1015 378 1064 in
391 1018 437 1065 Deo
449 1013 574 1065 secundino
585 1014 645 1078 quod
658 1015 743 1062 vivere
757 1012 860 1063 nominat

62 1084 201 1150 intettipere
213 1086 306 1136 tantinm
319 1086 358 1152 (in
375 1091 485 1151 quantum
506 1085 664 1147 intelliguntur
685 1083 699 1134 t
715 1084 791 1148 Deo),
814 1097 860 1135 non

61 1158 134 1206 onem
150 1157 278 1208 arundini
303 1157 364 1222 qnod
381 1159 466 1208 vivere
489 1157 598 1220 importat
619 1155 756 1220 principium
781 1169 861 1220 opens·

61 1225 134 1276 tionis.

336 1366 483 1436 QUAESTIO
501 1367 577 1431 XIX.

128 1510 165 1555 De
176 1510 305 1554 ootootote
316 1507 378 1559 Dei,
390 1510 420 1553 io
430 1508 559 1554 duodecim
572 1508 691 1555 articulos
702 1508 792 1554 diviso.

89 1659 146 1708 Post
156 1656 366 1709 considerationem
377 1671 457 1710 eornm
465 1671 517 1721 qno
527 1657 556 1707 nd
569 1656 670 1707 divinam
683 1655 799 1708 seientiam
814 1671 866 1722 per·

58 1729 142 1793 tinent,
153 1727 350 1781 considerandum
360 1732 396 1779 est
404 1730 432 1780 de
443 1729 480 1779 his
490 1743 542 1792 que
553 1727 669 1793 pertinent
681 1729 710 1780 ad
723 1729 865 1780 volontatem

59 1799 181 1851 divinam:
201 1803 229 1849 ut
245 1799 276 1850 sit
295 1800 370 1864 prima
388 1799 540 1853 eonsideratio
558 1801 585 1850 de
603 1799 654 1864 ipss
670 1799 711 1852 Dei
730 1801 863 1864 voluntate3

58 1874 158 1922 mennon
169 1871 199 1922 de
214 1870 251 1921 his
263 1885 316 1934 quae
329 1872 358 1922 ad
372 1871 512 1923 voluntatem
532 1870 634 1922 absolute
650 1871 783 1934 pertinent3
797 1871 865 1922 tertia

59 1941 133 1994 dehis
145 1957 200 2007 quse
214 1942 245 1992 nd
257 1943 401 1992 intellectum
410 1943 437 1992 in
448 1942 527 1993 ordine
540 1941 569 1992 ad
582 1942 723 1992 voluntatem
739 1941 863 2004 pertinent.

88 2014 321 2079 Circeipsamsntem
326 2014 604 2077 voluntatemqnaemntrn
609 2012 728 2062 duodecim
738 2028 743 2060 :
754 2011 863 2062 1⁰Utri1m

92 2131 125 2194 (1)
140 2133 298 2189 intelligendo
317 2133 345 2178 de
365 2133 432 2179 malis
444 2135 518 2190 eulpae
531 2130 620 2176 tonttrm
635 2147 641 2173 ι
657 2143 710 2173 nam
722 2130 735 2174 t
749 2132 796 2175 Deo
816 2127 864 2174 fleri

61 2198 122 2242 ιιιΙι
141 2207 221 2253 poenoe
243 2197 336 2251 pianum
355 2201 403 2250 est,
422 2197 488 2251 Juxta
502 2195 557 2241 iilud
570 2193 651 2242 Amos,
666 2193 707 2248 111,
720 2205 780 2238 vers.
793 2192 822 2237 o:
838 2193 866 2238 St

59 2262 109 2303 m't
122 2260 222 2304 mum
239 2259 268 2301 in
284 2259 382 2303 civitate
397 2259 461 2316 peno
480 2269 531 2301 oon
551 2257 637 2316 (eoerit
652 2254 786 2308 Dominio,-
800 2261 825 2300 nt
843 2261 866 2301 et

58 2321 135 2380 intra,
147 2335 190 2377 qu.
202 2319 247 2377 49,
259 2327 304 2365 ort,
316 2321 497 2378 2‚e1protosso
508 2319 605 2364 dinetus.
617 2317 661 2363 sed
673 2329 702 2362 sn
715 2319 794 2374 utiquo
806 2319 866 2363 mota

60 2384 136 2439 rntpae
149 2382 227 2428 videri
242 2383 331 2437 possint
343 2384 441 2439 positivo
457 2388 482 2427 et
499 2381 625 2439 positivam
641 2378 809 2425 deformitatem
830 2382 866 2425 vet

58 2446 178 2492 matium
199 2445 327 2504 tenentis,
346 2457 399 2503 quoe
414 2457 458 2490 nee
478 2445 493 2489 i
510 2447 559 2490 Deo
570 2449 647 2488 ereata
659 2442 716 2500 sint,
729 2454 773 2488 nee
786 2445 815 2489 ab
827 2443 867 2489 itto

58 2508 134 2552 etism
154 2512 311 2565 conservate,
326 2519 369 2552 nee
387 2508 412 2552 in
428 2508 511 2552 eodem
528 2506 641 2551 rationem
654 2505 771 2564 habeant,
791 2513 816 2552 ut
830 2502 867 2549 nto

59 2569 165 2618 inculcet
176 2573 201 2616 S.
216 2564 335 2615 Thomas?
344 2573 375 2616 Et
387 2571 455 2626 hnjns
465 2577 513 2614 tem
525 2567 629 2614 absurdo
639 2567 765 2626 opinionis,
777 2573 825 2614 tom
837 2569 867 2612 sb

57 2634 125 2678 iltius
142 2640 223 2678 mente
244 2632 338 2688 aliene,
353 2638 401 2677 tom
419 2635 448 2678 ab
468 2631 575 2676 omnibus
590 2628 772 2689 proscribendo,
793 2630 867 2687 poteri

57 2689 258 2749 memoremur?
276 2694 369 2739 seitieet
386 2707 437 2756 qum
454 2693 540 2751 aliquid
558 2693 712 2750 enitentem,
729 2692 867 2749 positivum,

59 2758 128 2802 reate
151 2757 224 2815 fingat
242 2757 310 2814 enjus
326 2758 407 2802 suthon
423 2763 446 2803 ot
465 2769 537 2802 eausa
550 2757 611 2800 Deus
624 2767 670 2798 non
692 2755 737 2808 sit;
760 2767 802 2800 nee
824 2754 868 2798 diei

59 2819 143 2875 possit
153 2833 222 2878 osse,
234 2819 280 2864 nisi
295 2819 349 2863 moti
366 2822 436 2865 etism
448 2821 484 2864 vet
499 2818 601 2875 poooeti,
620 2821 687 2872 prout
704 2819 788 2862 melum
799 2822 834 2861 est
846 2821 869 2859 et

58 2886 205 2942 pamm,
221 2882 307 2928 author
322 2886 345 2925 et
361 2895 430 2928 oinos
447 2877 599 2928 concedetur!
618 2880 660 2926 sed
681 2880 729 2924 hose
743 2879 831 2936 plenins
846 2877 869 2920 in

61 2944 175 2990 solertis.
