1992 3342
133 218 178 264 eat
345 221 405 255 unns
420 222 446 268 1,
462 222 553 264 onnes.
572 222 628 271 xru,
647 224 700 259 nnn.
719 224 762 259 ιιι.

133 303 230 367 simplex
253 316 259 349 :
282 298 323 347 sed
339 299 417 345 tannn
439 295 569 347 intellectus
590 300 667 347 noswr
687 300 813 349 secundnm
834 300 940 353 dirmms

134 373 296 437 conceptiones
312 368 387 431 ipson
399 368 529 431 cognoscit,
544 382 572 418 eo
585 366 646 431 qnod
658 382 705 418 non
720 374 796 432 potest
808 371 901 435 ipsum,
915 380 940 423 ut

133 448 158 495 in
179 444 254 507 seipso
272 444 321 502 est,
341 438 428 487 videre.
448 439 557 497 Quamuis
575 443 652 489 annm
668 439 782 503 intelligat
799 442 874 505 ipsum
895 446 940 495 suh

134 515 230 567 diversis
242 508 438 574 conceptionibus,
446 511 565 573 cognoscit
571 515 650 561 umen
658 510 719 575 quod
727 512 834 563 omnihus
847 514 896 565 suis
905 516 942 581 (l)

135 584 323 650 conceptionibus
333 582 456 643 respondet
465 596 512 632 una
520 584 630 633 etcadem
641 595 678 633 res
689 582 794 645 n'niplex.
807 586 872 634 lianc
882 599 941 649 ergo

135 658 301 721 pluralitatem,
314 674 365 721 quae
380 656 415 703 est
428 655 552 705 secundum
565 654 690 717 rationem,
702 659 851 717 representa
861 658 941 719 plura-

135 730 187 779 litas
204 730 321 793 praedicati
339 735 363 781 et
378 728 496 793 subjecti:
514 726 625 775 unitatem
638 725 693 776 reth
707 730 857 789 representat
870 730 942 781 iutel-

136 803 208 851 lectus
219 815 260 866 per
273 803 468 866 mnpostttouen.

167 873 201 921 nd
214 873 313 935 primurn
326 887 380 937 ergo
394 874 532 930 dicendum,
549 867 610 931 quod
623 868 744 932 dionysius
761 869 817 918 dicit
838 870 943 922 affirma·

137 942 212 991 tiones
226 943 255 992 dc
273 943 320 993 lieo
336 957 386 993 esse
401 944 575 1003 incompactas
589 939 625 989 rel
641 941 842 989 inconvenientes
855 954 944 991 secun
982 962 983 1013 ι

136 1014 191 1063 dum
204 1013 272 1063 aliam
286 1015 457 1065 translationem
467 1010 517 1076 (Ξ),
529 1010 554 1058 in
567 1013 677 1073 quantum
691 1010 778 1059 nullum
790 1024 879 1061 nomen
893 1015 942 1064 lieo
982 1022 983 1083 i

138 1084 248 1148 competit
263 1086 388 1135 secandum
400 1085 492 1135 ωοᾱιιιιι
512 1080 654 1143 significandi
661 1118 669 1143 ,
685 1084 710 1130 nt
723 1094 791 1144 sopra
804 1081 894 1133 dictum
908 1090 944 1135 est

138 1156 200 1219 (ort.
217 1154 260 1217 3.).

170 1227 204 1276 hd
212 1228 335 1277 secundum
348 1227 485 1286 dicendum,
497 1223 558 1287 qudd
573 1224 703 1273 intellectus
715 1226 792 1273 noster
804 1237 854 1273 non
866 1232 945 1289 polest
982 1216 983 1279 l

138 1297 222 1347 formas
239 1298 353 1361 simplices
374 1296 523 1347 mhsistentes
538 1296 661 1343 meandum
681 1296 741 1357 quod
754 1294 778 1343 in
790 1293 875 1358 seipsis
888 1304 945 1347 sunt
982 1290 983 1361 i

137 1369 344 1432 comprehendere3
360 1369 401 1419 sed
417 1365 568 1430 apprehendit
581 1378 620 1415 eas
633 1366 756 1415 secundum
772 1366 865 1415 modum
879 1382 946 1419 com·

137 1439 271 1503 positorum,
281 1440 307 1488 in
316 1439 398 1503 quihus
409 1442 445 1488 est
455 1435 542 1501 diquid
554 1437 615 1500 quod
627 1435 755 1499 subjicitur,
769 1439 793 1485 et
806 1440 842 1485 est
855 1439 946 1502 edmund
982 1438 983 1481 l

138 1512 199 1571 quod
211 1512 271 1560 inest
285 1527 292 1572 3
306 1509 392 1560 elidet
404 1508 555 1572 apprehendit
569 1509 664 1559 formam
675 1507 801 1571 simplicem
813 1506 838 1555 iu
851 1510 945 1561 ratione
982 1508 983 1519 ²

138 1581 249 1643 suhjecti,
263 1585 287 1629 et
300 1579 404 1629 attribuit
419 1580 443 1629 ei
454 1579 548 1643 aliquid.

170 1651 204 1698 lld
220 1650 313 1699 tertium
325 1649 460 1711 dicendum,
477 1650 538 1713 quod
551 1651 600 1699 hec
617 1648 742 1713 propositio
759 1664 765 1697 ε
780 1666 794 1695 u
807 1649 950 1702 Intellectus
982 1700 983 1717 ,

139 1720 270 1782 intelligens
278 1733 328 1768 rem
341 1720 406 1769 aliter
418 1720 488 1783 mam
499 1721 543 1783 sit,
554 1724 588 1771 est
600 1720 678 1781 lusus,
688 1736 703 1767 n
715 1722 750 1769 est
763 1720 856 1783 duplex,
871 1734 905 1771 ex
917 1738 948 1773 co

139 1790 199 1853 quod
220 1792 264 1840 hoc
283 1790 416 1841 adverbium
429 1793 505 1841 auter
518 1796 593 1853 potest
611 1791 762 1841 determinare
782 1792 826 1841 hoc
840 1794 947 1845 uerhurn
982 1814 983 1859 g

139 1862 279 1925 inteltiqens
289 1865 394 1925 exparte
404 1862 530 1925 intellecti,
542 1862 579 1911 vel
590 1874 618 1913 cx
630 1866 694 1925 parte
706 1862 865 1924 intellimntis.
880 1865 907 1914 Si
918 1880 950 1915 ex

140 1937 205 1996 parte
217 1933 343 1996 intellecti,
357 1932 391 1983 sic
403 1934 527 1997 propositio
540 1947 595 1983 vera
604 1939 652 1997 cst3
668 1937 692 1984 et
700 1938 734 1983 est
748 1947 828 1983 sensus
841 1950 848 1981 ι
861 1954 876 1983 ιι
889 1938 951 1995 Qui·

173 2096 204 2159 (l)
217 2102 268 2144 Hoc
279 2103 323 2157 est,
334 2100 422 2144 enim
431 2098 568 2143 intellector
577 2100 743 2155 collossense,
758 2108 842 2154 nempe
858 2100 952 2155 quihus

140 2161 249 2216 concipit.
260 2162 306 2206 Vel
322 2161 414 2217 passive
430 2160 548 2217 acceptis,
562 2160 606 2205 hcc
619 2166 657 2204 est
671 2160 728 2217 Dei,
743 2160 828 2214 quihns
843 2160 951 2217 ipsomet

140 2222 276 2277 concipitnr;
291 2223 366 2271 minus
378 2222 449 2268 latine
462 2233 505 2279 pro
518 2224 609 2280 ipsine.

173 2288 203 2351 (2)
216 2295 270 2344 oue
283 2293 385 2349 legitima
399 2293 449 2338 sola
462 2298 488 2337 et
503 2304 646 2349 congruens,
658 2304 686 2337 ex
699 2303 773 2349 greco
787 2281 953 2353 ἀνάρμοςτοι,

139 2354 175 2397 vel
189 2366 239 2397 non
252 2357 428 2404 convenientes,
439 2360 465 2398 ut
476 2355 601 2400 modernus
614 2355 728 2411 interpres
743 2366 836 2410 quoque
852 2357 950 2409 reddit;

139 2426 181 2458 seu
196 2416 358 2473 incooperta,
367 2422 394 2461 ut
404 2417 475 2469 alius3
491 2422 516 2463 et
531 2416 594 2461 reddi
608 2421 684 2472 potest
700 2429 751 2461 non
767 2424 936 2465 ammonentes
946 2456 957 2471 ,

139 2488 180 2531 per
188 2478 346 2533 metaphoram
355 2480 385 2523 ah
391 2479 512 2524 harmonia
523 2479 662 2539 inconcinna
671 2479 695 2523 in
704 2491 750 2534 que
760 2490 832 2525 voces
843 2480 957 2527 invicem

139 2550 186 2582 non
202 2540 351 2585 concordant.
367 2541 404 2585 Sic
417 2542 481 2585 enim
493 2542 654 2598 appellantur,
669 2541 735 2597 qnasi
748 2553 796 2584 non
810 2542 873 2587 tales
893 2557 957 2601 qum

139 2602 212 2657 aptari
229 2602 266 2646 vel
284 2604 407 2648 conuenire
426 2606 474 2648 Deo
488 2603 591 2659 possint,
602 2604 667 2659 iuxta
681 2615 774 2647 sensum
788 2600 828 2647 hic
841 2608 961 2661 explica·

138 2666 195 2720 tum,
206 2663 261 2708 licet
270 2664 347 2721 aliquo
358 2666 426 2710 modo
436 2665 593 2710 etsecundhm
605 2666 674 2709 alium
688 2678 781 2711 sensum
793 2666 860 2721 prius
872 2669 959 2715 eliani

139 2723 263 2769 indicatum
281 2738 329 2771 non
347 2727 471 2785 incongrue
490 2727 639 2772 conveniant.
659 2729 707 2772 Nec
725 2729 882 2785 incompacta
903 2731 961 2775 hoc

139 2785 252 2842 significat
270 2789 314 2834 nisi
334 2790 399 2835 valde
421 2790 513 2834 obtorto
534 2800 617 2848 sensu,
638 2790 786 2846 quasimodo
807 2795 964 2849 comperiret

140 2852 257 2916 dicantur,
276 2861 424 2915 quantumvis
443 2848 582 2919 ἅνάρμοςτοῑ
601 2860 729 2917 significare
750 2860 827 2915 possit
850 2864 959 2909 inconn-
982 2896 983 2919 ι

138 2923 235 2973 poem,
248 2928 273 2967 ut
283 2934 335 2967 cum
349 2934 402 2978 pom
414 2934 462 2967 una
475 2934 523 2967 non
540 2922 640 2967 cohaeret
652 2922 718 2967 elteri
729 2928 776 2967 etc.
