<?xml version="1.0" encoding="UTF-8"?>
<!DOCTYPE html PUBLIC "-//W3C//DTD XHTML 1.0 Transitional//EN"
    "http://www.w3.org/TR/xhtml1/DTD/xhtml1-transitional.dtd">
<html xmlns="http://www.w3.org/1999/xhtml" xml:lang="en" lang="en">
 <head>
  <title>
</title>
<meta http-equiv="Content-Type" content="text/html;charset=utf-8" />
  <meta name='ocr-system' content='tesseract 3.04.00' />
  <meta name='ocr-capabilities' content='ocr_page ocr_carea ocr_par ocr_line ocrx_word'/>
</head>
<body>
  <div class='ocr_page' id='page_1' title='image "./summatheologica04nicogoog_0164.png"; bbox 0 0 1992 3342; ppageno 0'>
   <div class='ocr_carea' id='block_1_1' title="bbox 362 205 896 252">
    <p class='ocr_par' dir='ltr' id='par_1_1' title="bbox 362 205 896 252">
     <span class='ocr_line' id='line_1_1' title="bbox 362 205 896 252; baseline 0.017 -9"><span class='ocrx_word' id='word_1_1' title='bbox 362 206 395 244; x_wconf 78' lang='lat' dir='ltr'><strong>or</strong></span> <span class='ocrx_word' id='word_1_2' title='bbox 410 208 452 244; x_wconf 77' lang='lat' dir='ltr'><strong>nrt</strong></span> <span class='ocrx_word' id='word_1_3' title='bbox 468 208 620 247; x_wconf 78' lang='lat' dir='ltr'><strong>ooorrruorr.</strong></span> <span class='ocrx_word' id='word_1_4' title='bbox 848 205 896 252; x_wconf 77' lang='lat' dir='ltr'><strong>its</strong></span> 
     </span>
    </p>
   </div>
   <div class='ocr_carea' id='block_1_2' title="bbox 58 282 911 2411">
    <p class='ocr_par' dir='ltr' id='par_1_2' title="bbox 58 282 901 1059">
     <span class='ocr_line' id='line_1_2' title="bbox 80 282 895 347; baseline 0.01 -14"><span class='ocrx_word' id='word_1_5' title='bbox 80 282 440 347; x_wconf 54' lang='lat' dir='ltr'><strong>Q,</strong></span> <span class='ocrx_word' id='word_1_6' title='bbox 454 284 483 333; x_wconf 84' lang='lat' dir='ltr'><strong>ud</strong></span> <span class='ocrx_word' id='word_1_7' title='bbox 502 284 545 335; x_wconf 87' lang='lat' dir='ltr'><strong>hoo</strong></span> <span class='ocrx_word' id='word_1_8' title='bbox 595 284 748 337; x_wconf 70' lang='lat' dir='ltr'><strong>erueretur</strong></span> <span class='ocrx_word' id='word_1_9' title='bbox 765 287 790 337; x_wconf 83' lang='lat' dir='ltr'><strong>in</strong></span> <span class='ocrx_word' id='word_1_10' title='bbox 809 293 895 341; x_wconf 65' lang='lat' dir='ltr'><strong>unum</strong></span> 
     </span>
     <span class='ocr_line' id='line_1_3' title="bbox 58 300 895 424; baseline 0.011 -22"><span class='ocrx_word' id='word_1_11' title='bbox 58 353 323 424; x_wconf 57' lang='lat' dir='ltr'><strong>Quin</strong></span> <span class='ocrx_word' id='word_1_12' title='bbox 335 348 411 416; x_wconf 64' lang='lat' dir='ltr'><strong>igtur</strong></span> <span class='ocrx_word' id='word_1_13' title='bbox 415 349 490 404; x_wconf 53' lang='grc' dir='ltr'>ᾗ</span> <span class='ocrx_word' id='word_1_14' title='bbox 500 300 611 406; x_wconf 55' lang='lat' dir='ltr'><strong>nuffirs</strong></span> <span class='ocrx_word' id='word_1_15' title='bbox 623 344 752 408; x_wconf 68' lang='lat' dir='ltr'><strong>unffilleetnu</strong></span> <span class='ocrx_word' id='word_1_16' title='bbox 763 362 835 409; x_wconf 81' lang='lat' dir='ltr'><strong>urenti</strong></span> <span class='ocrx_word' id='word_1_17' title='bbox 849 372 895 411; x_wconf 88' lang='lat' dir='ltr'><strong>non</strong></span> 
     </span>
     <span class='ocr_line' id='line_1_4' title="bbox 84 426 899 496; baseline 0.007 -19"><span class='ocrx_word' id='word_1_18' title='bbox 84 427 183 477; x_wconf 77' lang='lat' dir='ltr'><strong>sufiiciunt</strong></span> <span class='ocrx_word' id='word_1_19' title='bbox 195 427 226 477; x_wconf 86' lang='lat' dir='ltr'><strong>ud</strong></span> <span class='ocrx_word' id='word_1_20' title='bbox 236 426 419 477; x_wconf 77' lang='lat' dir='ltr'><strong>[leiossentium</strong></span> <span class='ocrx_word' id='word_1_21' title='bbox 432 426 569 489; x_wconf 78' lang='lat' dir='ltr'><strong>videndam,</strong></span> <span class='ocrx_word' id='word_1_22' title='bbox 581 432 606 479; x_wconf 89' lang='lat' dir='ltr'><strong>nt</strong></span> <span class='ocrx_word' id='word_1_23' title='bbox 617 432 734 479; x_wconf 81' lang='lat' dir='ltr'><strong>ostensum</strong></span> <span class='ocrx_word' id='word_1_24' title='bbox 747 434 793 496; x_wconf 83' lang='lat' dir='ltr'><strong>est,</strong></span> <span class='ocrx_word' id='word_1_25' title='bbox 805 437 899 496; x_wconf 81' lang='lat' dir='ltr'><strong>oportet</strong></span> 
     </span>
     <span class='ocr_line' id='line_1_5' title="bbox 85 497 901 565; baseline 0.005 -16"><span class='ocrx_word' id='word_1_26' title='bbox 85 498 145 563; x_wconf 81' lang='lat' dir='ltr'><strong>qnln</strong></span> <span class='ocrx_word' id='word_1_27' title='bbox 160 512 189 549; x_wconf 86' lang='lat' dir='ltr'><strong>ex</strong></span> <span class='ocrx_word' id='word_1_28' title='bbox 202 498 283 548; x_wconf 78' lang='lat' dir='ltr'><strong>diuina</strong></span> <span class='ocrx_word' id='word_1_29' title='bbox 298 497 372 560; x_wconf 74' lang='lat' dir='ltr'><strong>gratie</strong></span> <span class='ocrx_word' id='word_1_30' title='bbox 384 502 570 561; x_wconf 77' lang='lat' dir='ltr'><strong>supemooreseat</strong></span> <span class='ocrx_word' id='word_1_31' title='bbox 583 500 605 551; x_wconf 87' lang='lat' dir='ltr'><strong>ei</strong></span> <span class='ocrx_word' id='word_1_32' title='bbox 618 500 691 551; x_wconf 85' lang='lat' dir='ltr'><strong>virtus</strong></span> <span class='ocrx_word' id='word_1_33' title='bbox 700 500 854 565; x_wconf 80' lang='lat' dir='ltr'><strong>intelligendi.</strong></span> <span class='ocrx_word' id='word_1_34' title='bbox 869 504 901 555; x_wconf 89' lang='lat' dir='ltr'><strong>Et</strong></span> 
     </span>
     <span class='ocr_line' id='line_1_6' title="bbox 87 568 900 633; baseline 0.006 -14"><span class='ocrx_word' id='word_1_35' title='bbox 87 571 131 619; x_wconf 80' lang='lat' dir='ltr'><strong>loo</strong></span> <span class='ocrx_word' id='word_1_36' title='bbox 142 574 293 633; x_wconf 68' lang='lat' dir='ltr'><strong>angmentum</strong></span> <span class='ocrx_word' id='word_1_37' title='bbox 300 568 394 622; x_wconf 63' lang='lat' dir='ltr'><strong>virtum</strong></span> <span class='ocrx_word' id='word_1_38' title='bbox 401 569 550 620; x_wconf 77' lang='lat' dir='ltr'><strong>intellective</strong></span> <span class='ocrx_word' id='word_1_39' title='bbox 562 570 753 622; x_wconf 64' lang='lat' dir='ltr'><strong>imminutionem</strong></span> <span class='ocrx_word' id='word_1_40' title='bbox 765 572 900 625; x_wconf 79' lang='lat' dir='ltr'><strong>intelteuuns</strong></span> 
     </span>
     <span class='ocr_line' id='line_1_7' title="bbox 89 640 896 707; baseline 0.009 -16"><span class='ocrx_word' id='word_1_41' title='bbox 89 654 208 705; x_wconf 80' lang='lat' dir='ltr'><strong>nominos,</strong></span> <span class='ocrx_word' id='word_1_42' title='bbox 221 642 282 693; x_wconf 87' lang='lat' dir='ltr'><strong>siout</strong></span> <span class='ocrx_word' id='word_1_43' title='bbox 291 644 317 691; x_wconf 88' lang='lat' dir='ltr'><strong>et</strong></span> <span class='ocrx_word' id='word_1_44' title='bbox 328 640 406 704; x_wconf 78' lang='lat' dir='ltr'><strong>ipsum</strong></span> <span class='ocrx_word' id='word_1_45' title='bbox 425 640 570 704; x_wconf 74' lang='lat' dir='ltr'><strong>intelligibile</strong></span> <span class='ocrx_word' id='word_1_46' title='bbox 581 647 674 697; x_wconf 80' lang='lat' dir='ltr'><strong>vocatur</strong></span> <span class='ocrx_word' id='word_1_47' title='bbox 687 644 780 707; x_wconf 86' lang='lat' dir='ltr'><strong>lumen,</strong></span> <span class='ocrx_word' id='word_1_48' title='bbox 796 646 835 695; x_wconf 83' lang='lat' dir='ltr'><strong>rel</strong></span> <span class='ocrx_word' id='word_1_49' title='bbox 845 646 896 699; x_wconf 81' lang='lat' dir='ltr'><strong>lnx.</strong></span> 
     </span>
     <span class='ocr_line' id='line_1_8' title="bbox 89 711 896 778; baseline 0.01 -17"><span class='ocrx_word' id='word_1_50' title='bbox 89 712 118 761; x_wconf 82' lang='lat' dir='ltr'><strong>Et</strong></span> <span class='ocrx_word' id='word_1_51' title='bbox 128 711 187 762; x_wconf 87' lang='lat' dir='ltr'><strong>istud</strong></span> <span class='ocrx_word' id='word_1_52' title='bbox 197 714 330 772; x_wconf 76' lang='lat' dir='ltr'><strong>esttamen,</strong></span> <span class='ocrx_word' id='word_1_53' title='bbox 343 712 372 762; x_wconf 85' lang='lat' dir='ltr'><strong>de</strong></span> <span class='ocrx_word' id='word_1_54' title='bbox 385 724 432 774; x_wconf 80' lang='lat' dir='ltr'><strong>qno</strong></span> <span class='ocrx_word' id='word_1_55' title='bbox 445 711 529 763; x_wconf 82' lang='lat' dir='ltr'><strong>lioitnr</strong></span> <span class='ocrx_word' id='word_1_56' title='bbox 540 714 615 776; x_wconf 79' lang='lat' dir='ltr'><strong>Aper.</strong></span> <span class='ocrx_word' id='word_1_57' title='bbox 628 715 688 777; x_wconf 80' lang='lat' dir='ltr'><strong>xxi,</strong></span> <span class='ocrx_word' id='word_1_58' title='bbox 700 713 763 778; x_wconf 77' lang='lat' dir='ltr'><strong>qnod</strong></span> <span class='ocrx_word' id='word_1_59' title='bbox 775 733 789 763; x_wconf 80' lang='lat' dir='ltr'><strong>u</strong></span> <span class='ocrx_word' id='word_1_60' title='bbox 802 716 896 769; x_wconf 81' lang='lat' dir='ltr'><strong>claritas</strong></span> 
     </span>
     <span class='ocr_line' id='line_1_9' title="bbox 88 782 895 844; baseline 0.01 -13"><span class='ocrx_word' id='word_1_61' title='bbox 88 782 129 831; x_wconf 85' lang='lat' dir='ltr'><strong>llei</strong></span> <span class='ocrx_word' id='word_1_62' title='bbox 144 782 284 833; x_wconf 76' lang='lat' dir='ltr'><strong>illuminabit</strong></span> <span class='ocrx_word' id='word_1_63' title='bbox 303 795 370 844; x_wconf 81' lang='lat' dir='ltr'><strong>eum,</strong></span> <span class='ocrx_word' id='word_1_64' title='bbox 388 798 403 828; x_wconf 90' lang='lat'>»</span> <span class='ocrx_word' id='word_1_65' title='bbox 425 782 512 833; x_wconf 76' lang='lat' dir='ltr'><strong>seilicet</strong></span> <span class='ocrx_word' id='word_1_66' title='bbox 533 783 665 835; x_wconf 81' lang='lat' dir='ltr'><strong>societatem</strong></span> <span class='ocrx_word' id='word_1_67' title='bbox 686 786 805 837; x_wconf 79' lang='lat' dir='ltr'><strong>beatorum</strong></span> <span class='ocrx_word' id='word_1_68' title='bbox 822 788 895 839; x_wconf 81' lang='lat' dir='ltr'><strong>Deum</strong></span> 
     </span>
     <span class='ocr_line' id='line_1_10' title="bbox 86 852 898 919; baseline 0.009 -18"><span class='ocrx_word' id='word_1_69' title='bbox 86 852 221 904; x_wconf 79' lang='lat' dir='ltr'><strong>videntium.</strong></span> <span class='ocrx_word' id='word_1_70' title='bbox 238 854 409 903; x_wconf 82' lang='lat' dir='ltr'><strong>Etseonnrlum</strong></span> <span class='ocrx_word' id='word_1_71' title='bbox 422 854 466 903; x_wconf 86' lang='lat' dir='ltr'><strong>luoo</strong></span> <span class='ocrx_word' id='word_1_72' title='bbox 479 854 557 904; x_wconf 89' lang='lat' dir='ltr'><strong>lumen</strong></span> <span class='ocrx_word' id='word_1_73' title='bbox 573 854 703 906; x_wconf 79' lang='lat' dir='ltr'><strong>efficiuntur</strong></span> <span class='ocrx_word' id='word_1_74' title='bbox 716 856 853 919; x_wconf 82' lang='lat' dir='ltr'><strong>deiformes,</strong></span> <span class='ocrx_word' id='word_1_75' title='bbox 874 857 898 909; x_wconf 85' lang='lat' dir='ltr'><strong>id</strong></span> 
     </span>
     <span class='ocr_line' id='line_1_11' title="bbox 84 923 899 989; baseline -0.002 -14"><span class='ocrx_word' id='word_1_76' title='bbox 84 928 135 988; x_wconf 76' lang='lat' dir='ltr'><strong>est,</strong></span> <span class='ocrx_word' id='word_1_77' title='bbox 148 926 196 975; x_wconf 79' lang='lat' dir='ltr'><strong>lieo</strong></span> <span class='ocrx_word' id='word_1_78' title='bbox 206 924 448 987; x_wconf 85' lang='lat' dir='ltr'><strong>similos‚seonndnm</strong></span> <span class='ocrx_word' id='word_1_79' title='bbox 460 923 516 975; x_wconf 88' lang='lat' dir='ltr'><strong>illud</strong></span> <span class='ocrx_word' id='word_1_80' title='bbox 531 926 549 974; x_wconf 91' lang='lat' dir='ltr'><strong>i.</strong></span> <span class='ocrx_word' id='word_1_81' title='bbox 565 926 636 975; x_wconf 73' lang='lat' dir='ltr'><strong>loon.</strong></span> <span class='ocrx_word' id='word_1_82' title='bbox 650 926 682 975; x_wconf 92' lang='lat' dir='ltr'><strong>lli</strong></span> <span class='ocrx_word' id='word_1_83' title='bbox 698 941 704 974; x_wconf 89' lang='lat'><strong>:</strong></span> <span class='ocrx_word' id='word_1_84' title='bbox 723 944 736 975; x_wconf 82' lang='lat' dir='ltr'><strong>u</strong></span> <span class='ocrx_word' id='word_1_85' title='bbox 750 925 808 977; x_wconf 78' lang='lat' dir='ltr'><strong>Cium</strong></span> <span class='ocrx_word' id='word_1_86' title='bbox 828 940 899 989; x_wconf 80' lang='lat' dir='ltr'><strong>appe.</strong></span> 
     </span>
     <span class='ocr_line' id='line_1_12' title="bbox 84 994 826 1059; baseline -0.004 -13"><span class='ocrx_word' id='word_1_87' title='bbox 84 995 171 1059; x_wconf 81' lang='lat' dir='ltr'><strong>ruerit,</strong></span> <span class='ocrx_word' id='word_1_88' title='bbox 187 995 275 1048; x_wconf 85' lang='lat' dir='ltr'><strong>similes</strong></span> <span class='ocrx_word' id='word_1_89' title='bbox 289 995 312 1045; x_wconf 89' lang='lat' dir='ltr'><strong>ei</strong></span> <span class='ocrx_word' id='word_1_90' title='bbox 327 995 427 1057; x_wconf 86' lang='lat' dir='ltr'><strong>erimus,</strong></span> <span class='ocrx_word' id='word_1_91' title='bbox 441 997 465 1044; x_wconf 92' lang='lat' dir='ltr'><strong>et</strong></span> <span class='ocrx_word' id='word_1_92' title='bbox 477 994 606 1045; x_wconf 78' lang='lat' dir='ltr'><strong>videbimus</strong></span> <span class='ocrx_word' id='word_1_93' title='bbox 616 1008 669 1045; x_wconf 87' lang='lat' dir='ltr'><strong>enm</strong></span> <span class='ocrx_word' id='word_1_94' title='bbox 680 996 747 1047; x_wconf 69' lang='lat' dir='ltr'><strong>souti</strong></span> <span class='ocrx_word' id='word_1_95' title='bbox 758 1001 800 1047; x_wconf 88' lang='lat' dir='ltr'><strong>est.</strong></span> <span class='ocrx_word' id='word_1_96' title='bbox 811 1012 826 1043; x_wconf 89' lang='lat'>»</span> 
     </span>
    </p>

    <p class='ocr_par' dir='ltr' id='par_1_3' title="bbox 83 1066 909 1625">
     <span class='ocr_line' id='line_1_13' title="bbox 116 1066 896 1131; baseline 0 -14"><span class='ocrx_word' id='word_1_97' title='bbox 116 1068 151 1118; x_wconf 81' lang='lat' dir='ltr'><strong>ld</strong></span> <span class='ocrx_word' id='word_1_98' title='bbox 162 1068 266 1131; x_wconf 84' lang='lat' dir='ltr'><strong>primum</strong></span> <span class='ocrx_word' id='word_1_99' title='bbox 275 1081 332 1129; x_wconf 84' lang='lat' dir='ltr'><strong>ergo</strong></span> <span class='ocrx_word' id='word_1_100' title='bbox 340 1066 475 1129; x_wconf 79' lang='lat' dir='ltr'><strong>dicendum,</strong></span> <span class='ocrx_word' id='word_1_101' title='bbox 488 1066 550 1130; x_wconf 81' lang='lat' dir='ltr'><strong>quod</strong></span> <span class='ocrx_word' id='word_1_102' title='bbox 563 1068 641 1117; x_wconf 87' lang='lat' dir='ltr'><strong>lumen</strong></span> <span class='ocrx_word' id='word_1_103' title='bbox 654 1071 758 1119; x_wconf 80' lang='lat' dir='ltr'><strong>ereetum</strong></span> <span class='ocrx_word' id='word_1_104' title='bbox 768 1070 803 1119; x_wconf 84' lang='lat' dir='ltr'><strong>est</strong></span> <span class='ocrx_word' id='word_1_105' title='bbox 815 1080 896 1118; x_wconf 83' lang='lat' dir='ltr'><strong>neees-</strong></span> 
     </span>
     <span class='ocr_line' id='line_1_14' title="bbox 86 1136 896 1204; baseline 0.001 -17"><span class='ocrx_word' id='word_1_106' title='bbox 86 1138 173 1187; x_wconf 81' lang='lat' dir='ltr'><strong>sarinm</strong></span> <span class='ocrx_word' id='word_1_107' title='bbox 182 1140 211 1189; x_wconf 85' lang='lat' dir='ltr'><strong>ud</strong></span> <span class='ocrx_word' id='word_1_108' title='bbox 221 1138 348 1189; x_wconf 79' lang='lat' dir='ltr'><strong>videndum</strong></span> <span class='ocrx_word' id='word_1_109' title='bbox 365 1136 407 1189; x_wconf 83' lang='lat' dir='ltr'><strong>Dei</strong></span> <span class='ocrx_word' id='word_1_110' title='bbox 420 1138 559 1201; x_wconf 76' lang='lat' dir='ltr'><strong>essentiam,</strong></span> <span class='ocrx_word' id='word_1_111' title='bbox 573 1152 619 1190; x_wconf 89' lang='lat' dir='ltr'><strong>non</strong></span> <span class='ocrx_word' id='word_1_112' title='bbox 633 1138 694 1203; x_wconf 79' lang='lat' dir='ltr'><strong>quod</strong></span> <span class='ocrx_word' id='word_1_113' title='bbox 705 1153 747 1204; x_wconf 86' lang='lat' dir='ltr'><strong>per</strong></span> <span class='ocrx_word' id='word_1_114' title='bbox 756 1142 801 1191; x_wconf 85' lang='lat' dir='ltr'><strong>hoo</strong></span> <span class='ocrx_word' id='word_1_115' title='bbox 817 1140 896 1189; x_wconf 83' lang='lat' dir='ltr'><strong>innuen</strong></span> 
     </span>
     <span class='ocr_line' id='line_1_15' title="bbox 88 1206 898 1273; baseline 0.005 -16"><span class='ocrx_word' id='word_1_116' title='bbox 88 1208 129 1257; x_wconf 82' lang='lat' dir='ltr'><strong>liei</strong></span> <span class='ocrx_word' id='word_1_117' title='bbox 145 1210 244 1259; x_wconf 69' lang='lat' dir='ltr'><strong>essentia</strong></span> <span class='ocrx_word' id='word_1_118' title='bbox 260 1207 414 1271; x_wconf 77' lang='lat' dir='ltr'><strong>intelligibilis</strong></span> <span class='ocrx_word' id='word_1_119' title='bbox 427 1206 481 1271; x_wconf 83' lang='lat' dir='ltr'><strong>tut,</strong></span> <span class='ocrx_word' id='word_1_120' title='bbox 494 1223 545 1273; x_wconf 84' lang='lat' dir='ltr'><strong>qnae</strong></span> <span class='ocrx_word' id='word_1_121' title='bbox 558 1211 686 1261; x_wconf 86' lang='lat' dir='ltr'><strong>seeundum</strong></span> <span class='ocrx_word' id='word_1_122' title='bbox 704 1224 729 1261; x_wconf 88' lang='lat' dir='ltr'><strong>se</strong></span> <span class='ocrx_word' id='word_1_123' title='bbox 746 1208 898 1273; x_wconf 76' lang='lat' dir='ltr'><strong>intelligibilis</strong></span> 
     </span>
     <span class='ocr_line' id='line_1_16' title="bbox 85 1278 897 1344; baseline -0.004 -13"><span class='ocrx_word' id='word_1_124' title='bbox 85 1283 135 1343; x_wconf 79' lang='lat' dir='ltr'><strong>ert3</strong></span> <span class='ocrx_word' id='word_1_125' title='bbox 147 1280 190 1331; x_wconf 77' lang='lat' dir='ltr'><strong>seul</strong></span> <span class='ocrx_word' id='word_1_126' title='bbox 199 1282 230 1331; x_wconf 79' lang='lat' dir='ltr'><strong>ud</strong></span> <span class='ocrx_word' id='word_1_127' title='bbox 241 1282 287 1331; x_wconf 89' lang='lat' dir='ltr'><strong>luoo</strong></span> <span class='ocrx_word' id='word_1_128' title='bbox 300 1278 363 1343; x_wconf 80' lang='lat' dir='ltr'><strong>qnod</strong></span> <span class='ocrx_word' id='word_1_129' title='bbox 375 1279 507 1329; x_wconf 82' lang='lat' dir='ltr'><strong>intellectus</strong></span> <span class='ocrx_word' id='word_1_130' title='bbox 519 1279 559 1329; x_wconf 85' lang='lat' dir='ltr'><strong>liat</strong></span> <span class='ocrx_word' id='word_1_131' title='bbox 572 1284 654 1343; x_wconf 82' lang='lat' dir='ltr'><strong>potens</strong></span> <span class='ocrx_word' id='word_1_132' title='bbox 671 1281 700 1332; x_wconf 82' lang='lat' dir='ltr'><strong>ad</strong></span> <span class='ocrx_word' id='word_1_133' title='bbox 713 1279 897 1344; x_wconf 76' lang='lat' dir='ltr'><strong>intelligendum,</strong></span> 
     </span>
     <span class='ocr_line' id='line_1_17' title="bbox 83 1348 898 1415; baseline -0.004 -13"><span class='ocrx_word' id='word_1_134' title='bbox 83 1363 126 1414; x_wconf 82' lang='lat' dir='ltr'><strong>peu</strong></span> <span class='ocrx_word' id='word_1_135' title='bbox 138 1352 234 1402; x_wconf 87' lang='lat' dir='ltr'><strong>modum</strong></span> <span class='ocrx_word' id='word_1_136' title='bbox 248 1364 294 1415; x_wconf 87' lang='lat' dir='ltr'><strong>qno</strong></span> <span class='ocrx_word' id='word_1_137' title='bbox 306 1348 411 1415; x_wconf 86' lang='lat' dir='ltr'><strong>potentia</strong></span> <span class='ocrx_word' id='word_1_138' title='bbox 424 1349 450 1398; x_wconf 90' lang='lat' dir='ltr'><strong>lit</strong></span> <span class='ocrx_word' id='word_1_139' title='bbox 461 1350 578 1413; x_wconf 76' lang='lat' dir='ltr'><strong>potentior</strong></span> <span class='ocrx_word' id='word_1_140' title='bbox 590 1351 619 1401; x_wconf 84' lang='lat' dir='ltr'><strong>ad</strong></span> <span class='ocrx_word' id='word_1_141' title='bbox 630 1351 771 1413; x_wconf 78' lang='lat' dir='ltr'><strong>operandum</strong></span> <span class='ocrx_word' id='word_1_142' title='bbox 780 1364 822 1413; x_wconf 85' lang='lat' dir='ltr'><strong>per</strong></span> <span class='ocrx_word' id='word_1_143' title='bbox 832 1349 898 1399; x_wconf 83' lang='lat' dir='ltr'><strong>inubi-</strong></span> 
     </span>
     <span class='ocr_line' id='line_1_18' title="bbox 83 1418 909 1484; baseline 0.002 -13"><span class='ocrx_word' id='word_1_144' title='bbox 83 1426 133 1473; x_wconf 88' lang='lat' dir='ltr'><strong>tnm</strong></span> <span class='ocrx_word' id='word_1_145' title='bbox 149 1439 156 1472; x_wconf 88' lang='lat'>:</span> <span class='ocrx_word' id='word_1_146' title='bbox 171 1422 233 1473; x_wconf 78' lang='lat' dir='ltr'><strong>sinit</strong></span> <span class='ocrx_word' id='word_1_147' title='bbox 251 1422 323 1473; x_wconf 83' lang='lat' dir='ltr'><strong>etium</strong></span> <span class='ocrx_word' id='word_1_148' title='bbox 335 1425 359 1471; x_wconf 90' lang='lat' dir='ltr'><strong>et</strong></span> <span class='ocrx_word' id='word_1_149' title='bbox 371 1422 449 1471; x_wconf 84' lang='lat' dir='ltr'><strong>lumen</strong></span> <span class='ocrx_word' id='word_1_150' title='bbox 466 1421 585 1484; x_wconf 78' lang='lat' dir='ltr'><strong>eorporele</strong></span> <span class='ocrx_word' id='word_1_151' title='bbox 597 1418 752 1470; x_wconf 78' lang='lat' dir='ltr'><strong>necessarium</strong></span> <span class='ocrx_word' id='word_1_152' title='bbox 762 1425 797 1469; x_wconf 88' lang='lat' dir='ltr'><strong>est</strong></span> <span class='ocrx_word' id='word_1_153' title='bbox 810 1420 835 1468; x_wconf 93' lang='lat' dir='ltr'><strong>in</strong></span> <span class='ocrx_word' id='word_1_154' title='bbox 847 1419 909 1473; x_wconf 85' lang='lat' dir='ltr'><strong>visu.</strong></span> 
     </span>
     <span class='ocr_line' id='line_1_19' title="bbox 85 1490 899 1557; baseline -0.005 -12"><span class='ocrx_word' id='word_1_155' title='bbox 85 1493 208 1556; x_wconf 69' lang='lat' dir='ltr'><strong>moion,</strong></span> <span class='ocrx_word' id='word_1_156' title='bbox 218 1492 245 1542; x_wconf 91' lang='lat' dir='ltr'><strong>in</strong></span> <span class='ocrx_word' id='word_1_157' title='bbox 261 1495 373 1557; x_wconf 82' lang='lat' dir='ltr'><strong>qnantum</strong></span> <span class='ocrx_word' id='word_1_158' title='bbox 387 1491 443 1541; x_wconf 80' lang='lat' dir='ltr'><strong>lucit</strong></span> <span class='ocrx_word' id='word_1_159' title='bbox 460 1491 563 1541; x_wconf 85' lang='lat' dir='ltr'><strong>medinm</strong></span> <span class='ocrx_word' id='word_1_160' title='bbox 577 1494 725 1556; x_wconf 84' lang='lat' dir='ltr'><strong>tranupurens</strong></span> <span class='ocrx_word' id='word_1_161' title='bbox 742 1490 767 1539; x_wconf 92' lang='lat' dir='ltr'><strong>in</strong></span> <span class='ocrx_word' id='word_1_162' title='bbox 784 1492 853 1553; x_wconf 85' lang='lat' dir='ltr'><strong>antu,</strong></span> <span class='ocrx_word' id='word_1_163' title='bbox 873 1494 899 1541; x_wconf 86' lang='lat' dir='ltr'><strong>ut</strong></span> 
     </span>
     <span class='ocr_line' id='line_1_20' title="bbox 88 1562 393 1625; baseline 0 -12"><span class='ocrx_word' id='word_1_164' title='bbox 88 1564 159 1625; x_wconf 76' lang='lat' dir='ltr'><strong>possit</strong></span> <span class='ocrx_word' id='word_1_165' title='bbox 169 1562 263 1616; x_wconf 78' lang='lat' dir='ltr'><strong>moneri</strong></span> <span class='ocrx_word' id='word_1_166' title='bbox 275 1562 290 1612; x_wconf 82' lang='lat' dir='ltr'><strong>tr</strong></span> <span class='ocrx_word' id='word_1_167' title='bbox 307 1564 393 1613; x_wconf 82' lang='lat' dir='ltr'><strong>colore.</strong></span> 
     </span>
    </p>

    <p class='ocr_par' dir='ltr' id='par_1_4' title="bbox 83 1631 911 2043">
     <span class='ocr_line' id='line_1_21' title="bbox 117 1631 897 1699; baseline -0.001 -15"><span class='ocrx_word' id='word_1_168' title='bbox 117 1635 295 1687; x_wconf 70' lang='lat' dir='ltr'><strong>nomenoium</strong></span> <span class='ocrx_word' id='word_1_169' title='bbox 314 1634 449 1695; x_wconf 72' lang='lat' dir='ltr'><strong>dicendum,</strong></span> <span class='ocrx_word' id='word_1_170' title='bbox 460 1631 525 1697; x_wconf 79' lang='lat' dir='ltr'><strong>qnod</strong></span> <span class='ocrx_word' id='word_1_171' title='bbox 541 1633 619 1684; x_wconf 85' lang='lat' dir='ltr'><strong>lumen</strong></span> <span class='ocrx_word' id='word_1_172' title='bbox 637 1632 698 1684; x_wconf 88' lang='lat' dir='ltr'><strong>istud</strong></span> <span class='ocrx_word' id='word_1_173' title='bbox 711 1644 757 1683; x_wconf 88' lang='lat' dir='ltr'><strong>non</strong></span> <span class='ocrx_word' id='word_1_174' title='bbox 773 1632 897 1699; x_wconf 82' lang='lat' dir='ltr'><strong>requiritur</strong></span> 
     </span>
     <span class='ocr_line' id='line_1_22' title="bbox 85 1704 911 1770; baseline -0.005 -16"><span class='ocrx_word' id='word_1_175' title='bbox 85 1706 114 1755; x_wconf 78' lang='lat' dir='ltr'><strong>uui</strong></span> <span class='ocrx_word' id='word_1_176' title='bbox 130 1707 258 1758; x_wconf 84' lang='lat' dir='ltr'><strong>ridendum</strong></span> <span class='ocrx_word' id='word_1_177' title='bbox 275 1705 318 1760; x_wconf 82' lang='lat' dir='ltr'><strong>liei</strong></span> <span class='ocrx_word' id='word_1_178' title='bbox 334 1704 475 1767; x_wconf 82' lang='lat' dir='ltr'><strong>essentiam,</strong></span> <span class='ocrx_word' id='word_1_179' title='bbox 493 1704 559 1769; x_wconf 87' lang='lat' dir='ltr'><strong>quusi</strong></span> <span class='ocrx_word' id='word_1_180' title='bbox 572 1704 710 1770; x_wconf 84' lang='lat' dir='ltr'><strong>similitudo,</strong></span> <span class='ocrx_word' id='word_1_181' title='bbox 727 1706 752 1755; x_wconf 83' lang='lat' dir='ltr'><strong>&#39;rn</strong></span> <span class='ocrx_word' id='word_1_182' title='bbox 770 1718 816 1769; x_wconf 83' lang='lat' dir='ltr'><strong>qne</strong></span> <span class='ocrx_word' id='word_1_183' title='bbox 837 1706 911 1755; x_wconf 80' lang='lat' dir='ltr'><strong>Dens..</strong></span> 
     </span>
     <span class='ocr_line' id='line_1_23' title="bbox 85 1776 898 1845; baseline 0 -20"><span class='ocrx_word' id='word_1_184' title='bbox 85 1776 203 1842; x_wconf 78' lang='lat' dir='ltr'><strong>vitientur,</strong></span> <span class='ocrx_word' id='word_1_185' title='bbox 219 1778 263 1843; x_wconf 61' lang='lat' dir='ltr'><strong>seo</strong></span> <span class='ocrx_word' id='word_1_186' title='bbox 282 1790 350 1843; x_wconf 65' lang='lat' dir='ltr'><strong>om</strong></span> <span class='ocrx_word' id='word_1_187' title='bbox 361 1776 473 1843; x_wconf 56' lang='lat' dir='ltr'><strong>mmmm</strong></span> <span class='ocrx_word' id='word_1_188' title='bbox 489 1776 593 1844; x_wconf 66' lang='lat' dir='ltr'><strong>Qaedum</strong></span> <span class='ocrx_word' id='word_1_189' title='bbox 606 1776 749 1845; x_wconf 37' lang='lat' dir='ltr'><strong>integſtrlotns</strong></span> <span class='ocrx_word' id='word_1_190' title='bbox 765 1776 898 1826; x_wconf 75' lang='lat' dir='ltr'><strong>confortans</strong></span> 
     </span>
     <span class='ocr_line' id='line_1_24' title="bbox 86 1844 896 1913; baseline -0.007 -14"><span class='ocrx_word' id='word_1_191' title='bbox 86 1844 441 1913; x_wconf 59' lang='lat' dir='ltr'><strong>Qfflmm</strong></span> <span class='ocrx_word' id='word_1_192' title='bbox 454 1848 482 1897; x_wconf 79' lang='lat' dir='ltr'><strong>lit</strong></span> <span class='ocrx_word' id='word_1_193' title='bbox 494 1846 546 1897; x_wconf 81' lang='lat' dir='ltr'><strong>ideo</strong></span> <span class='ocrx_word' id='word_1_194' title='bbox 559 1851 634 1911; x_wconf 87' lang='lat' dir='ltr'><strong>potest</strong></span> <span class='ocrx_word' id='word_1_195' title='bbox 650 1848 695 1899; x_wconf 86' lang='lat' dir='ltr'><strong>diei</strong></span> <span class='ocrx_word' id='word_1_196' title='bbox 700 1884 709 1911; x_wconf 89' lang='lat'><em>,</em></span> <span class='ocrx_word' id='word_1_197' title='bbox 724 1862 755 1911; x_wconf 88' lang='lat' dir='ltr'><strong>qn</strong></span> <span class='ocrx_word' id='word_1_198' title='bbox 799 1859 846 1895; x_wconf 87' lang='lat' dir='ltr'><strong>non</strong></span> <span class='ocrx_word' id='word_1_199' title='bbox 860 1847 896 1895; x_wconf 87' lang='lat' dir='ltr'><strong>est</strong></span> 
     </span>
     <span class='ocr_line' id='line_1_25' title="bbox 84 1918 907 1984; baseline 0 -15"><span class='ocrx_word' id='word_1_200' title='bbox 84 1921 198 1984; x_wconf 84' lang='lat' dir='ltr'><strong>notium,</strong></span> <span class='ocrx_word' id='word_1_201' title='bbox 208 1920 234 1970; x_wconf 91' lang='lat' dir='ltr'><strong>in</strong></span> <span class='ocrx_word' id='word_1_202' title='bbox 245 1934 292 1984; x_wconf 86' lang='lat' dir='ltr'><strong>qno</strong></span> <span class='ocrx_word' id='word_1_203' title='bbox 305 1921 366 1969; x_wconf 84' lang='lat' dir='ltr'><strong>lleus</strong></span> <span class='ocrx_word' id='word_1_204' title='bbox 384 1918 503 1982; x_wconf 80' lang='lat' dir='ltr'><strong>videatur,</strong></span> <span class='ocrx_word' id='word_1_205' title='bbox 524 1919 564 1968; x_wconf 84' lang='lat' dir='ltr'><strong>sed</strong></span> <span class='ocrx_word' id='word_1_206' title='bbox 577 1934 622 1983; x_wconf 80' lang='lat' dir='ltr'><strong>quo</strong></span> <span class='ocrx_word' id='word_1_207' title='bbox 635 1919 734 1971; x_wconf 85' lang='lat' dir='ltr'><strong>ridetur.</strong></span> <span class='ocrx_word' id='word_1_208' title='bbox 749 1919 777 1966; x_wconf 79' lang='lat' dir='ltr'><strong>m</strong></span> <span class='ocrx_word' id='word_1_209' title='bbox 791 1918 836 1967; x_wconf 89' lang='lat' dir='ltr'><strong>lroe</strong></span> <span class='ocrx_word' id='word_1_210' title='bbox 850 1927 907 1969; x_wconf 85' lang='lat' dir='ltr'><strong>non..</strong></span> 
     </span>
     <span class='ocr_line' id='line_1_26' title="bbox 83 1989 507 2043; baseline 0 -4"><span class='ocrx_word' id='word_1_211' title='bbox 83 1990 141 2041; x_wconf 81' lang='lat' dir='ltr'><strong>tollit</strong></span> <span class='ocrx_word' id='word_1_212' title='bbox 155 1991 320 2043; x_wconf 74' lang='lat' dir='ltr'><strong>immediatum</strong></span> <span class='ocrx_word' id='word_1_213' title='bbox 328 1989 446 2041; x_wconf 63' lang='lat' dir='ltr'><strong>unionem</strong></span> <span class='ocrx_word' id='word_1_214' title='bbox 456 1990 507 2039; x_wconf 83' lang='lat' dir='ltr'><strong>llei.</strong></span> 
     </span>
    </p>

    <p class='ocr_par' dir='ltr' id='par_1_5' title="bbox 82 2055 896 2411">
     <span class='ocr_line' id='line_1_27' title="bbox 113 2055 893 2125; baseline -0.009 -12"><span class='ocrx_word' id='word_1_215' title='bbox 113 2064 149 2113; x_wconf 77' lang='lat' dir='ltr'><strong>uto</strong></span> <span class='ocrx_word' id='word_1_216' title='bbox 158 2063 256 2113; x_wconf 87' lang='lat' dir='ltr'><strong>tertium</strong></span> <span class='ocrx_word' id='word_1_217' title='bbox 269 2062 411 2125; x_wconf 78' lang='lat' dir='ltr'><strong>dicendum,</strong></span> <span class='ocrx_word' id='word_1_218' title='bbox 423 2060 484 2125; x_wconf 82' lang='lat' dir='ltr'><strong>qood</strong></span> <span class='ocrx_word' id='word_1_219' title='bbox 495 2060 614 2125; x_wconf 80' lang='lat' dir='ltr'><strong>dispositio</strong></span> <span class='ocrx_word' id='word_1_220' title='bbox 625 2062 655 2112; x_wconf 84' lang='lat' dir='ltr'><strong>ud</strong></span> <span class='ocrx_word' id='word_1_221' title='bbox 666 2060 763 2111; x_wconf 84' lang='lat' dir='ltr'><strong>formam</strong></span> <span class='ocrx_word' id='word_1_222' title='bbox 772 2055 834 2120; x_wconf 74' lang='lat' dir='ltr'><strong>ignis</strong></span> <span class='ocrx_word' id='word_1_223' title='bbox 847 2068 893 2107; x_wconf 88' lang='lat' dir='ltr'><strong>non</strong></span> 
     </span>
     <span class='ocr_line' id='line_1_28' title="bbox 83 2127 894 2196; baseline -0.015 -8"><span class='ocrx_word' id='word_1_224' title='bbox 83 2138 158 2196; x_wconf 74' lang='lat' dir='ltr'><strong>potest</strong></span> <span class='ocrx_word' id='word_1_225' title='bbox 168 2148 222 2187; x_wconf 84' lang='lat' dir='ltr'><strong>esse</strong></span> <span class='ocrx_word' id='word_1_226' title='bbox 235 2134 348 2185; x_wconf 73' lang='lat' dir='ltr'><strong>naturalis</strong></span> <span class='ocrx_word' id='word_1_227' title='bbox 363 2133 409 2184; x_wconf 90' lang='lat' dir='ltr'><strong>nisi</strong></span> <span class='ocrx_word' id='word_1_228' title='bbox 424 2133 519 2183; x_wconf 80' lang='lat' dir='ltr'><strong>habenti</strong></span> <span class='ocrx_word' id='word_1_229' title='bbox 536 2134 632 2183; x_wconf 83' lang='lat' dir='ltr'><strong>formum</strong></span> <span class='ocrx_word' id='word_1_230' title='bbox 650 2130 718 2195; x_wconf 82' lang='lat' dir='ltr'><strong>ignis.</strong></span> <span class='ocrx_word' id='word_1_231' title='bbox 736 2127 799 2180; x_wconf 82' lang='lat' dir='ltr'><strong>Unde</strong></span> <span class='ocrx_word' id='word_1_232' title='bbox 815 2128 894 2177; x_wconf 90' lang='lat' dir='ltr'><strong>lumen</strong></span> 
     </span>
     <span class='ocr_line' id='line_1_29' title="bbox 82 2199 896 2270; baseline -0.007 -16"><span class='ocrx_word' id='word_1_233' title='bbox 82 2205 160 2267; x_wconf 73' lang='lat' dir='ltr'><strong>glorie</strong></span> <span class='ocrx_word' id='word_1_234' title='bbox 173 2220 222 2257; x_wconf 90' lang='lat' dir='ltr'><strong>non</strong></span> <span class='ocrx_word' id='word_1_235' title='bbox 238 2208 317 2270; x_wconf 82' lang='lat' dir='ltr'><strong>potest</strong></span> <span class='ocrx_word' id='word_1_236' title='bbox 330 2217 384 2256; x_wconf 87' lang='lat' dir='ltr'><strong>esse</strong></span> <span class='ocrx_word' id='word_1_237' title='bbox 400 2204 504 2256; x_wconf 78' lang='lat' dir='ltr'><strong>nutmule</strong></span> <span class='ocrx_word' id='word_1_238' title='bbox 519 2207 644 2266; x_wconf 75' lang='lat' dir='ltr'><strong>creature,</strong></span> <span class='ocrx_word' id='word_1_239' title='bbox 660 2199 704 2253; x_wconf 86' lang='lat' dir='ltr'><strong>nisi</strong></span> <span class='ocrx_word' id='word_1_240' title='bbox 717 2203 820 2252; x_wconf 80' lang='lat' dir='ltr'><strong>creature</strong></span> <span class='ocrx_word' id='word_1_241' title='bbox 834 2200 896 2249; x_wconf 87' lang='lat' dir='ltr'><strong>esset</strong></span> 
     </span>
     <span class='ocr_line' id='line_1_30' title="bbox 83 2268 896 2342; baseline -0.011 -15"><span class='ocrx_word' id='word_1_242' title='bbox 83 2282 172 2329; x_wconf 71' lang='lat' dir='ltr'><strong>nature)</strong></span> <span class='ocrx_word' id='word_1_243' title='bbox 185 2277 273 2329; x_wconf 73' lang='lat' dir='ltr'><strong>divino</strong></span> <span class='ocrx_word' id='word_1_244' title='bbox 278 2315 287 2341; x_wconf 89' lang='lat'><em>,</em></span> <span class='ocrx_word' id='word_1_245' title='bbox 301 2277 365 2342; x_wconf 84' lang='lat' dir='ltr'><strong>qnod</strong></span> <span class='ocrx_word' id='word_1_246' title='bbox 375 2279 411 2326; x_wconf 88' lang='lat' dir='ltr'><strong>est</strong></span> <span class='ocrx_word' id='word_1_247' title='bbox 425 2274 576 2339; x_wconf 77' lang='lat' dir='ltr'><strong>impossihile.</strong></span> <span class='ocrx_word' id='word_1_248' title='bbox 591 2274 634 2323; x_wconf 89' lang='lat' dir='ltr'><strong>Per</strong></span> <span class='ocrx_word' id='word_1_249' title='bbox 647 2274 692 2324; x_wconf 89' lang='lat' dir='ltr'><strong>hoo</strong></span> <span class='ocrx_word' id='word_1_250' title='bbox 706 2272 767 2324; x_wconf 90' lang='lat' dir='ltr'><strong>enirn</strong></span> <span class='ocrx_word' id='word_1_251' title='bbox 778 2272 856 2321; x_wconf 88' lang='lat' dir='ltr'><strong>lumen</strong></span> <span class='ocrx_word' id='word_1_252' title='bbox 870 2268 896 2319; x_wconf 84' lang='lat' dir='ltr'><strong>tit</strong></span> 
     </span>
     <span class='ocr_line' id='line_1_31' title="bbox 83 2346 659 2411; baseline -0.003 -11"><span class='ocrx_word' id='word_1_253' title='bbox 83 2352 188 2401; x_wconf 80' lang='lat' dir='ltr'><strong>mentera</strong></span> <span class='ocrx_word' id='word_1_254' title='bbox 198 2348 319 2403; x_wconf 82' lang='lat' dir='ltr'><strong>rationulis</strong></span> <span class='ocrx_word' id='word_1_255' title='bbox 327 2346 456 2411; x_wconf 76' lang='lat' dir='ltr'><strong>deiformis,</strong></span> <span class='ocrx_word' id='word_1_256' title='bbox 468 2350 495 2397; x_wconf 91' lang='lat' dir='ltr'><strong>nt</strong></span> <span class='ocrx_word' id='word_1_257' title='bbox 508 2346 659 2398; x_wconf 79' lang='lat' dir='ltr'><strong>dictumest..</strong></span> 
     </span>
    </p>
   </div>
   <div class='ocr_carea' id='block_1_3' title="bbox 0 0 1000 3342">
    <p class='ocr_par' dir='ltr' id='par_1_6' title="bbox 0 0 1000 3342">
     <span class='ocr_line' id='line_1_32' title="bbox 0 0 1000 3342; baseline 0 1"><span class='ocrx_word' id='word_1_258' title='bbox 0 0 1000 3342; x_wconf 95' lang='lat' dir='ltr'><strong> </strong></span> 
     </span>
    </p>
   </div>
  </div>
 </body>
</html>
