1992 3342
335 238 367 275 nr
381 240 509 277 romnus
524 241 573 278 nar.
809 236 852 283 les

53 310 152 373 {Utraque
166 314 245 361 tamen
255 312 350 361 nomina
361 318 503 379 extemporo
520 318 547 367 de
564 320 611 368 ileo
624 318 731 367 liniuntur
744 324 853 382 quantum

52 383 78 429 ul
92 381 266 444 habitudinem,
281 396 351 445 qoam
362 384 486 448 important
497 388 535 437 vel
549 388 712 451 principaliter,
724 392 762 439 vel
775 404 854 440 conse-

51 457 162 515 quenter,
175 467 224 502 non
237 458 316 504 autem
329 460 440 518 quantum
456 458 486 507 ad
498 458 542 507 hoo
560 460 620 521 qnod
633 460 763 522 significant
777 476 855 513 essen-

51 523 119 585 tiam,
129 524 168 573 rel
179 524 269 575 dheotl
274 562 284 588 ,
298 527 337 575 vet
348 526 467 576 monent.

83 594 118 642 ll
131 596 261 645 mundum
274 598 410 661 uiuendum
424 598 486 662 quod
501 601 559 651 siem
572 603 695 655 relationes
707 620 758 667 quae
770 606 798 654 de
809 607 855 655 heo

50 665 159 713 alienatur
167 680 197 716 ex
205 671 321 731 tempore,
330 682 376 719 non
388 674 443 721 sunt
452 671 478 719 in
488 673 535 721 ileo
543 672 587 722 nisi
594 676 718 724 meandum
726 676 837 726 rationem
848 693 853 724 :

51 735 82 783 ita
93 749 137 786 nee
154 738 229 801 fieri,
243 752 287 789 nee
297 740 395 801 saetam
409 755 461 791 esse
473 742 557 791 dioitm
571 744 598 793 de
617 746 663 794 lleo
677 745 721 795 nisi
732 748 854 797 secondum

53 806 174 870 rohonem,
186 811 250 859 nulla
261 812 391 863 mutatione
404 812 465 862 eirea
477 813 552 877 ipsum
560 814 684 877 existente
696 816 753 865 sieut
766 821 800 865 est
812 818 836 866 id
849 854 853 864 .

54 893 67 920 o
78 878 190 942 Domine,
204 882 321 944 retugium
334 884 408 935 maus
418 898 443 935 os
455 885 528 935 nohis.
541 901 555 930 n

82 949 116 997 hd
134 951 231 1000 tertium
248 953 389 1017 dicendum,
402 955 463 1018 quhd
475 956 578 1019 operatio
590 957 719 1007 intellectus
737 963 761 1009 et
775 960 856 1009 volun·

54 1020 105 1067 tatis
115 1025 152 1069 est
162 1020 190 1070 in
200 1028 320 1087 operante.
328 1026 358 1073 nt
363 1026 416 1075 ideo
424 1027 527 1088 nomina,
537 1040 587 1090 que
596 1027 724 1090 significant
735 1030 857 1079 relationes

55 1097 220 1153 oomeqoentes
231 1095 352 1146 actionum
365 1097 494 1148 intellectos
504 1099 542 1147 vel
552 1098 689 1161 voluntatis,
707 1100 811 1149 diamtur
829 1101 857 1149 de

56 1160 103 1207 lleo
118 1162 147 1209 ah
163 1167 259 1215 aeterno.
275 1170 330 1225 Quas
342 1167 397 1218 rer‘o
407 1172 575 1231 consequuntur
589 1169 690 1220 actiones
708 1173 857 1233 procedentes

54 1232 180 1282 seeundum
190 1238 284 1286 modum
294 1238 448 1302 intelligendi,
459 1241 488 1289 atl
496 1239 621 1290 exteriores
631 1241 739 1308 effeetus,
751 1243 858 1293 dicuntur·

53 1301 81 1349 ile
92 1304 140 1353 ileo
150 1318 180 1355 ex
192 1312 311 1371 tempore,
325 1313 352 1357 ut
364 1310 491 1371 Salvator,
508 1310 616 1359 Creator
630 1316 653 1361 et
666 1312 804 1376 hujusmodi.

82 1376 115 1424 td
140 1381 250 1439 quartum
276 1380 415 1443 dicendum,
433 1380 494 1443 quod
515 1381 637 1430 relationes
660 1382 794 1443 significatae
817 1399 858 1447 per

53 1443 183 1507 hujusmodi
197 1449 295 1500 nomina
308 1464 359 1514 que
372 1451 477 1501 dicuntur
490 1452 518 1501 de
534 1453 581 1501 lleo
595 1465 624 1501 ex
634 1457 755 1516 tempore,
770 1455 859 1503 suntin

52 1516 99 1564 heo
111 1520 240 1569 seeundum
258 1522 373 1572 rationem
390 1521 493 1585 tanthm3
509 1523 619 1588 oppositae
637 1528 715 1573 autem
734 1524 856 1577 relationes

52 1587 78 1634 in
92 1591 202 1641 creaturis
213 1595 269 1641 sunt
279 1594 406 1643 seeundum
416 1606 473 1643 rem.
487 1596 535 1644 Nee
545 1598 579 1645 est
591 1595 757 1646 inconveniens
769 1596 831 1660 quhd
846 1598 859 1647 h

52 1661 202 1713 relationibus
221 1664 318 1714 realiter
334 1665 485 1715 existentibus
501 1666 525 1715 in
544 1672 661 1731 ereatura,
683 1669 743 1718 heus
759 1670 861 1720 denomi-

52 1735 121 1783 netur
133 1737 215 1785 tamen
228 1736 360 1785 secundnm,
375 1736 435 1799 quod
456 1737 642 1800 cointelliguutur
659 1752 701 1803 per
718 1740 860 1790 intellectum

54 1808 155 1854 nostum
169 1806 287 1869 oppositae
298 1806 423 1857 relationes
433 1808 458 1855 in
471 1810 533 1870 lle03
546 1812 572 1859 ut
584 1809 617 1859 sie
630 1811 689 1860 heris
702 1810 790 1860 ditatur
802 1810 860 1859 rela-

52 1872 100 1922 tive
120 1877 150 1925 ad
169 1877 388 1940 creaturamque
408 1881 511 1928 ereatura
527 1880 625 1929 refertur
642 1883 670 1931 ad
690 1881 766 1943 ipsum
782 1897 787 1929 z
803 1882 861 1930 sieut

51 1944 208 2011 Philosophus
218 1947 279 1997 dieit
291 1948 317 1997 in
328 1948 409 2011 quinto
419 1950 531 2012 Meropa
543 1950 602 2013 quod
613 1952 697 2001 scibile
710 1952 792 2000 dieitur
802 1952 861 2000 rela-
956 1948 966 1967 ⁸

50 2016 110 2079 tire,
124 2019 181 2081 quia
193 2019 304 2069 seientia
314 2019 414 2070 retertur
424 2022 453 2070 ad
465 2022 548 2084 ipsum.

80 2089 117 2138 hd
127 2090 241 2153 quintum
254 2091 380 2142 mannum
388 2091 462 2155 quod,
473 2092 527 2143 ehm
534 2106 567 2149 ‚ea
578 2094 666 2143 ratione
680 2093 791 2143 referatur
801 2098 861 2142 heus

50 2159 241 2222 recreaturum,
259 2175 307 2224 qua
324 2166 430 2212 oreatma
447 2165 544 2213 retertur
558 2165 586 2214 ad
602 2163 692 2227 ipsum,
712 2164 764 2213 ehm
781 2164 861 2214 relatio

50 2230 208 2292 sth'eetionis
225 2232 320 2281 realiter
337 2232 368 2282 sit
382 2232 407 2281 iu
419 2238 537 2298 ereatura,
549 2234 649 2298 sequitur
663 2234 722 2297 ou'od
738 2236 797 2300 Deus
815 2249 861 2285 non

51 2303 182 2351 meandum
193 2302 311 2353 rationem
320 2302 411 2353 tanthm
417 2341 425 2366 ,
439 2304 479 2354 sed
488 2306 580 2355 realiter
591 2306 620 2355 sit
630 2304 747 2356 Dominus.
759 2308 791 2355 ho
800 2306 861 2356 enim

52 2373 119 2422 modo
130 2373 222 2423 (licitur
230 2374 366 2437 Dominus,
374 2387 419 2436 quo
430 2379 534 2426 ereatura
548 2376 570 2426 ei
579 2377 681 2439 suhjeota
693 2381 735 2427 est.

81 2444 116 2493 ‚td
132 2447 228 2494 sexum
245 2446 369 2495 dicentium
377 2482 387 2507 ,
400 2445 460 2508 quod
475 2448 504 2496 ad
521 2449 703 2510 cognoscendum
717 2448 794 2498 utrhm
806 2450 863 2497 rela-

52 2512 97 2562 tiva
111 2516 161 2565 sint
176 2515 247 2565 mmul
261 2519 345 2565 natura
357 2516 396 2565 vel
414 2530 475 2579 uon,
489 2531 536 2568 non
549 2522 638 2582 oportet
651 2519 793 2569 considerare
804 2520 864 2569 ordi·

53 2599 104 2635 nem
119 2600 218 2649 rerum,
235 2588 264 2637 (le
283 2586 368 2649 quihus
386 2588 480 2638 relativa
499 2590 621 2652 dictantur,
635 2592 675 2639 sed
689 2588 866 2653 significationes

54 2672 156 2718 ipsorum
167 2659 328 2709 relativorum,
341 2658 366 2707 Si
378 2659 518 2710 enimunum
528 2660 596 2710 insui
607 2661 723 2711 intellectu
734 2660 767 2725 (l)
775 2662 865 2711 claudat

56 2798 109 2843 uicit
119 2803 285 2847 Damascenus
297 2801 338 2845 lih.
353 2802 401 2859 111,
412 2802 485 2847 Fidei
499 2803 605 2851 orthod„
619 2816 670 2859 oap.
683 2781 721 2861 ts,
733 2804 865 2847 Dominum
942 2834 943 2842 r

57 2860 184 2914 signttcme
198 2870 319 2921 naturam,
331 2869 379 2907 eto.

93 2929 121 2991 li)
131 2936 158 2979 ln
167 2942 205 2980 est
212 2936 238 2978 in
247 2935 283 2979 sui
295 2934 389 2993 notitia,
401 2935 433 2979 ita
444 2940 469 2979 ut
480 2936 576 2992 intelligi
586 2948 632 2981 non
643 2937 717 2993 possit
725 2937 775 2981 sine
784 2935 863 2978 altero.
