1992 3342
348 268 381 305 nn
392 268 521 307 summane
537 270 585 309 naa.
825 270 870 317 lid

61 343 142 393 latione
162 342 259 404 malua,
273 343 303 392 ad
315 340 368 407 qua
379 344 442 395 ratio
455 347 565 397 maridis
578 362 623 399 non
637 350 747 415 pertingit
761 357 785 403 ut
800 356 871 407 Deum

60 428 134 465 «esse
151 413 240 463 triumn
257 417 282 463 et
294 428 377 465 unum.
390 431 406 461 c

88 486 272 537 sesecundum
290 486 430 550 dIcenduur,
448 486 509 551 qudd
527 503 556 539 er
573 492 783 559 phantasmatibus,
803 498 871 548 uela

61 572 130 607 sensu
141 557 246 620 acceptis
259 558 388 610 secundum
402 561 533 611 naturalem
543 563 645 613 ordinem
652 601 661 627 ,
676 566 834 619 retddulnitus
846 570 871 619 ia

64 629 225 691 imaginatione
237 629 359 692 formate,
372 634 438 681 tanto
447 634 596 685 excellentior
603 634 702 698 cognitio
710 634 871 691 intellectualia

64 701 167 763 babetur,
181 704 271 764 quanto
289 703 370 751 lumen
387 702 534 766 intelligibile
548 704 573 753 in
587 708 679 759 bomine
693 708 775 761 lortius
790 712 868 761 luerit.

65 770 94 819 Et
112 771 156 834 sic,
168 785 213 835 per
230 772 399 822 revelationem
412 786 443 823 ex
459 776 656 837 phantasmatibus
668 780 757 843 plenior
770 781 870 844 cognitio

65 842 173 906 comptor
184 856 216 893 cr
228 843 347 893 inmeone
357 843 433 894 diuini
445 845 547 897 luminis.

93 914 127 963 ald
140 914 236 963 tertium
251 914 391 978 ditandum,
405 914 466 978 qudd
477 916 534 967 tides
548 918 647 980 cognitio
662 922 830 985 euadentem,
845 924 870 975 iu

64 988 172 1046 quanm
181 985 317 1036 intellectus
327 986 492 1037 determinatur
502 1002 544 1051 per
553 988 621 1039 lldem
634 993 663 1041 ad
674 991 764 1056 aliquod
776 1006 871 1056 cognos-

66 1056 131 1105 cibile
138 1072 145 1105 ε
152 1058 194 1107 md
204 1058 258 1109 bac
269 1058 432 1108 determinatio
443 1060 472 1108 ad
483 1073 554 1109 unum
565 1074 611 1111 uon
624 1063 726 1125 procedit
739 1076 767 1113 ex
783 1062 871 1114 abiona

66 1127 184 1191 credentis,
197 1128 239 1179 sed
252 1128 267 1177 d
282 1128 373 1179 risione
382 1128 443 1193 ejus,
454 1131 491 1179 cui
506 1130 615 1183 creditur.
626 1135 653 1183 Et
662 1134 707 1197 sio,
721 1134 746 1183 in
759 1138 871 1198 quantum

66 1198 132 1247 deest
140 1197 209 1261 risio,
217 1198 320 1250 deficiti
329 1199 576 1265 ratIonecognltionis,
583 1217 634 1266 quae
643 1209 678 1255 est
686 1204 713 1253 ln
725 1204 820 1255 scientia
827 1204 870 1270 (t).

65 1270 122 1318 Nam
130 1269 226 1321 scienda
239 1270 383 1321 determinat
392 1271 533 1323 intellectam
547 1275 659 1325 adunam
670 1288 712 1339 per
725 1276 837 1327 visionem
848 1278 872 1325 et

64 1339 205 1392 intellectum
216 1342 348 1405 primorum
358 1342 533 1405 principiorum.

354 1530 502 1601 damnato
513 1531 587 1595 XIII.

125 1674 160 1718 Dc
173 1674 320 1720 mintius
335 1673 397 1723 Ded,
409 1674 439 1717 iu
450 1673 577 1719 duodecim
590 1674 709 1720 articulos
719 1674 808 1721 diuisa.

96 1823 293 1875 Comidcratisbis
302 1836 356 1887 qna
366 1820 396 1871 ad
406 1820 508 1871 diuinam
520 1822 673 1885 cognitionem
686 1823 811 1887 pertinent,
822 1834 874 1886 pro·

64 1895 189 1945 cedendum
199 1895 278 1945 estad
291 1891 502 1945 considerationem
510 1894 638 1945 divinorum
645 1894 781 1956 Nominum3
793 1906 874 1943 unum·

62 1967 166 2047 quodque
181 1966 248 2016 enim
259 1965 394 2016 nominatur
405 1962 418 2011 a
429 1964 508 2027 nobb,
523 1964 648 2014 secundum
663 1964 723 2030 quod
734 1964 811 2027 ipsum
823 1976 875 2023 cog-

62 2049 209 2159 afflgoe
217 2109 418 2172 ergoquaeruntur
425 2106 557 2158 duodecim:
566 2110 592 2155 1⁰
604 2104 685 2155 Utrdm
694 2106 754 2154 Deus
765 2103 794 2155 sil
803 2104 876 2155 nomi-

92 2226 124 2289 (l)
139 2229 205 2273 Hinc
220 2226 279 2271 tides
293 2225 421 2282 aliqnando
434 2224 574 2281 significatur
590 2224 686 2270 visionis
701 2224 794 2269 nornine
810 2231 836 2269 ut
848 2230 871 2269 ct

61 2292 215 2347 cognitionis,
231 2295 328 2345 propter
341 2289 440 2344 primam
458 2288 627 2340 conditi0nem;
648 2292 673 2331 ut
686 2286 738 2331 edm
753 2286 836 2331 dicitur
850 2288 873 2343 Ι,

62 2354 92 2397 ud
108 2352 239 2401 Corinth„
255 2353 399 2409 xl11‚vers.
416 2349 462 2393 12:
479 2350 592 2394 Ve'demos
605 2362 672 2394 mooe
689 2350 718 2393 in
734 2351 874 2406 aenigmate,

61 2416 124 2471 quod
137 2415 168 2461 ad
183 2413 255 2458 fidem
269 2426 299 2457 ex
311 2411 443 2469 Augustino
454 2412 515 2457 Beda
525 2412 606 2457 refert.
616 2414 646 2457 Et
657 2423 709 2455 mor
720 2428 725 2454 :
737 2411 810 2459 Nunc
822 2424 877 2469 ocg-

62 2490 133 2523 aoaeo
146 2491 180 2524 ca·
191 2476 268 2534 parte
278 2490 287 2529 ;
307 2476 368 2519 sicut
385 2479 411 2518 et
432 2475 500 2529 pauld
523 2486 591 2529 supra
608 2484 614 2519 :
635 2474 675 2519 Ida
691 2476 762 2531 porte
778 2486 876 2530 cognoc-

63 2541 158 2594 cc'mc5
170 2543 256 2584 cutem
265 2539 363 2583 ococrc't
375 2536 439 2594 quod
451 2537 505 2580 clem
517 2536 651 2594 perfectum
662 2538 709 2586 cst,
718 2534 877 2581 mccocottcr

63 2602 126 2658 guod
142 2614 178 2647 cx
190 2604 267 2659 porte
284 2602 327 2644 cst.
344 2600 547 2644 Evacuaturenlm
559 2599 608 2643 sola
619 2597 691 2656 tides,
711 2610 758 2642 non
775 2598 875 2654 cognitio

64 2664 246 2719 qualiscunque.
258 2664 303 2707 Per
313 2661 447 2719 oppositum
459 2661 514 2704 verb
530 2659 652 2717 aliquando
666 2666 763 2717 negatur
776 2672 827 2704 esse
840 2658 876 2703 acl

65 2728 165 2783 cognitio
177 2727 216 2773 vel
228 2721 288 2770 risio
298 2729 396 2781 propter
401 2724 525 2767 secundam
534 2723 647 2767 rationem
657 2740 662 2765 r
672 2722 755 2766 utcdm
766 2716 876 2778 agnitioni

67 2786 133 2833 fidem
147 2788 253 2846 opponit
268 2786 408 2843 (Imperium
423 2785 474 2830 caim
490 2784 632 2841 Augtistlnus
647 2784 715 2829 fidem
733 2782 812 2827 definit
825 2786 877 2825 csso¹

69 2862 114 2904 gu
136 2851 281 2897 creduntur
304 2860 359 2906 qaeoe
383 2860 436 2891 moos
460 2847 596 2899 videntum
618 2847 670 2891 oium
696 2844 822 2900 Apostolus
849 2841 876 2883 ad

70 2912 146 2963 flou„
157 2914 232 2971 vm,
249 2911 308 2956 dicit
319 2928 325 2954 :
341 2924 356 2954 o
373 2909 444 2965 Quod
454 2909 519 2955 videl
532 2908 659 2966 qudquid
672 2910 763 2965 speret.
781 2900 877 2950 Perarida

70 2975 218 3034 addicat,
232 2973 297 3032 guid
311 2972 413 3019 credit?
587 2994 589 2997 ·
