1992 3342
131 225 177 272 oto
325 233 385 270 naus
402 235 424 283 ι,
441 233 534 279 euasi.
552 234 607 284 mx,
625 233 679 271 aaa.
697 233 732 270 uu.

129 308 281 362 existentibus
291 307 394 359 immittit
408 307 518 360 bonitatis
533 321 580 360 sue
599 307 682 360 radios.
695 325 709 356 n
722 309 769 358 Sed
790 321 859 359 omne
877 308 931 374 quoi

130 380 179 445 agit
188 393 230 445 par
247 379 402 442 voluntatem,
417 379 465 443 agit
477 383 504 430 ut
514 379 654 432 ratiocinans
666 383 690 430 ει
705 379 842 444 praefigens
860 396 867 430 :
883 394 932 444 ergo

55 480 57 484 ·
129 453 191 502 {teus
207 463 254 501 non
266 449 315 513 agit
327 462 370 513 per
387 451 546 515 voluntatem
566 454 589 501 ει
607 450 640 502 sio
654 451 761 501 volumtas
780 451 822 502 Dei
836 465 887 504 nou
904 455 933 502 εει

130 534 199 573 caim
211 534 297 573 renim.
970 547 971 586 ι

163 597 188 642 t.
207 591 376 654 mammasti
395 593 457 657 quot
477 597 513 644 εει
533 607 575 659 por
594 591 731 656 essentiam,
745 596 781 642 est
798 593 935 657 primumin

131 663 233 728 quotibet
252 662 332 715 ordine
348 662 399 728 (t);
412 663 473 716 siout
492 665 517 716 in
533 664 613 718 ordino
626 664 750 728 iguimmm
768 668 806 714 est
823 664 935 729 primum,

131 735 192 799 quon
208 739 244 785 εει
260 733 321 798 ignis
333 748 376 802 per
391 735 524 789 essentiam
545 736 591 786 Sed
612 737 671 787 Deus
683 737 719 786 εει
731 734 834 800 nmmum
847 749 936 800 agens:

132 819 188 868 orgo
206 810 243 856 ost
260 818 331 869 agens
350 820 392 872 per
409 807 530 859 essentiam
548 820 612 858 anam
621 845 630 872 ‚
649 820 701 874 que
717 809 754 857 εει
769 809 853 859 notura
872 809 937 872 ejus;

133 877 181 940 agit
188 876 306 942 igiturper
313 881 430 941 naturam,
443 883 467 928 ει
477 891 524 930 non
532 892 574 943 per
585 879 741 942 voluntatem
752 879 864 932 uoluntas
873 879 938 943 igitur

133 947 211 999 divina
221 952 312 1000 nonest
322 963 392 1000 eausa
403 964 488 1003 rorum.

166 1023 189 1069 3.
203 1022 316 1072 Pretemo
323 1058 332 1085 ,
348 1020 457 1088 qmceuio
468 1024 503 1072 εει
514 1035 582 1073 eausa
594 1021 691 1085 atioujus
703 1033 745 1084 por
761 1021 808 1072 hoe
829 1021 894 1086 quon
908 1026 939 1072 εει

131 1091 195 1154 tale,
209 1096 244 1142 ost
256 1105 323 1158 eausa
338 1105 380 1156 per
395 1095 516 1156 naturam,
531 1095 555 1143 ει
573 1105 620 1143 non
637 1105 679 1156 per
697 1091 863 1156 uoluntatem
883 1093 942 1158 iguis

132 1161 195 1213 enim
207 1175 277 1214 musa
288 1167 325 1214 est
334 1162 505 1226 calefactionis,
520 1162 574 1228 quia
588 1166 624 1216 εει
636 1161 737 1224 ualidum
751 1162 794 1212 sed
804 1163 894 1215 artifex
906 1168 938 1214 ost

131 1247 200 1285 eausa
209 1235 299 1298 domus,
310 1234 363 1298 quia
373 1235 482 1285 vulteum
491 1235 577 1286 facere.
589 1234 635 1285 Sed
644 1232 784 1297 Augustinus
796 1233 859 1285 ‹tioit
876 1236 902 1285 in
916 1237 939 1297 1,

133 1305 166 1354 ate
181 1305 253 1356 Doot.
275 1305 383 1369 christ„
403 1319 455 1373 cap.
471 1309 517 1369 ει,
538 1303 615 1372 quod,
630 1321 644 1353 e
657 1304 710 1368 quia
724 1305 785 1354 Dens
798 1305 880 1358 bonus
895 1313 941 1369 ost,

132 1391 210 1428 summ
222 1393 228 1428 :
241 1395 256 1425 ε
267 1391 323 1442 ergo
334 1378 395 1428 Deus
411 1390 454 1441 per
472 1391 538 1428 suam
551 1379 656 1428 naturam
673 1379 708 1427 est
721 1387 790 1427 eausa
809 1389 906 1442 nerum,
920 1381 942 1426 ot

132 1462 180 1499 non
192 1463 235 1513 per
243 1450 394 1502 voluntatem.

166 1523 189 1571 t.
200 1523 322 1584 Promea,
335 1519 405 1572 unius
418 1519 452 1570 rei
465 1532 512 1570 uana
522 1522 558 1570 εει
566 1532 645 1570 eausa.
659 1519 705 1570 Son
717 1531 795 1569 rerum
808 1523 943 1572 creatarum

133 1605 202 1642 eausa
216 1596 252 1643 εει
263 1592 360 1646 seientia
372 1591 415 1642 ltoi
422 1629 431 1655 ,
445 1595 472 1641 ut
483 1590 554 1659 supra
569 1591 828 1657 dictumest(qa.1t,
844 1597 890 1644 art.
905 1593 942 1655 8).

111 1678 113 1682 ⁸
135 1663 307 1729 amoventem
319 1662 420 1715 Boinoa
432 1663 501 1713 debet
514 1662 570 1730 poni
582 1675 651 1712 eausa
662 1675 748 1713 renum.

165 1733 210 1782 Sed
222 1736 301 1783 contra
316 1738 368 1796 est,
381 1734 442 1797 quod
456 1733 539 1785 dieitur
556 1733 628 1798 Sap„
638 1734 685 1784 XI:
701 1751 715 1782 ε
728 1734 849 1794 Quomodo
862 1739 946 1800 posset

134 1800 220 1864 aliquid
232 1815 366 1866 permanere
373 1839 382 1865 ,
396 1802 442 1855 nisi
455 1806 482 1852 tu
497 1802 654 1854 uoluissests

166 1872 323 1938 (Coumusno.
331 1873 430 1926 -oem
439 1872 491 1924 oium
501 1873 530 1924 ait
541 1873 641 1940 primum
651 1886 731 1938 agens,
741 1886 785 1938 por
794 1871 949 1926 intellectum

135 1949 159 1996 et
171 1945 310 1996 uoluntatem
320 1948 404 1998 onneta
415 1958 509 1998 causare
522 1945 632 1996 dicendus
644 1945 704 2010 εει.)

167 2017 303 2082 Respondeo
317 2015 438 2070 dicendum
447 2015 507 2080 quot
517 2029 610 2068 neeesse
619 2020 655 2068 εει
663 2017 739 2069 dicero
747 2017 899 2070 voluntatem
907 2017 952 2070 net

136 2102 186 2140 εεεε
201 2102 292 2139 oausam
305 2101 397 2151 mmm,
409 2091 433 2138 et
443 2089 516 2138 neum
530 2101 598 2152 agere
611 2102 653 2156 per
665 2088 824 2152 voluntatum,
839 2102 893 2140 nou
907 2104 951 2154 per

135 2160 296 2211 ueoessitatem
312 2163 416 2222 natura,
429 2163 456 2208 ut
473 2159 565 2222 quidam
588 2159 785 2212 existimauerunt.
809 2161 881 2219 Quod
897 2161 951 2224 qui-

136 2233 189 2282 dem
199 2243 309 2296 apparere
321 2233 397 2294 potest
409 2229 538 2294 tripliciter,

167 2301 380 2365 Primoquidemou
389 2301 440 2366 ipso
448 2299 529 2351 ordine
539 2313 658 2355 causarum
666 2299 791 2364 agentium.
804 2299 866 2351 Ciam
880 2303 954 2354 enim

135 2376 229 2438 propter
241 2372 311 2422 tinem
324 2376 377 2436 agat
389 2371 521 2425 intellectus
536 2376 560 2422 ει
573 2376 653 2422 uatum
670 2373 711 2438 (ut
732 2371 843 2440 probatur
863 2373 895 2423 in
918 2376 953 2438 11,

137 2443 246 2504 anysio,
261 2446 318 2494 text.
332 2445 383 2507 ta),
394 2454 487 2494 neeesse
502 2447 537 2495 εει
551 2447 576 2493 ει
589 2442 667 2507 agouti
679 2457 721 2508 per
730 2446 836 2493 uatnmm
850 2448 957 2512 praede·

136 2514 273 2566 terminetur
284 2515 337 2567 fluis
351 2519 376 2565 et
388 2515 464 2569 modia
477 2527 606 2568 necessaria
617 2515 646 2567 ao
656 2515 726 2564 finem
739 2512 858 2583 abaliquo
874 2531 958 2582 supe-

137 2585 193 2637 riori
205 2585 339 2650 mtotteota3
355 2585 415 2638 siout
427 2586 516 2649 sagitta
530 2585 742 2651 praedetormiuatm
754 2583 808 2638 fluis
823 2589 847 2636 ot
863 2593 961 2641 certus

171 2702 276 2766 (iituxta
285 2705 309 2750 in
317 2706 380 2763 qnod
390 2709 410 2766 1,
419 2705 524 2762 itetoptt.
536 2717 589 2762 oap.
600 2705 624 2765 1,
634 2716 706 2762 propo
716 2703 785 2750 tinem
794 2703 958 2752 insinuatur:

141 2767 330 2826 Unumquodque
349 2769 378 2814 m
394 2782 441 2814 esse
457 2767 776 2825 postcommunionem
794 2767 860 2824 qood
886 2773 962 2819 alite

139 2831 280 2876 univocatio
293 2831 369 2884 inem
382 2832 446 2877 otest
457 2830 623 2876 calidissimus
635 2835 669 2876 eat
681 2831 761 2889 teoto,
771 2831 831 2888 oeta
846 2837 966 2880 ceum

139 2905 214 2938 coneo
230 2897 257 2938 aot
272 2892 354 2938 aalide
365 2895 425 2938 aiot.
437 2893 497 2938 Hine
511 2893 602 2937 axioma
613 2892 667 2938 ittud
683 2907 689 2934 ι
704 2894 819 2939 Primum
833 2893 861 2938 te
883 2907 966 2942 unn-

140 2967 233 3013 qeoqee
243 2965 328 3012 qaaere
344 2960 377 2999 est
390 2967 463 3000 oeoso
476 2959 626 3000 ceterorum.
