1992 3342
351 264 523 300 concurremus
540 265 587 299 nnc
825 262 869 305 207

63 350 163 398 nomen,
179 338 261 395 Duco,
275 336 376 387 univoce
391 337 473 387 dicitnr
488 340 516 389 do
532 342 577 390 lloo
591 342 716 390 secundnm
734 342 869 408 veritatem,

61 411 127 459 etde
140 410 190 457 ileo
203 409 330 458 secundum
344 408 484 471 opinionem.

91 485 115 529 3.
138 481 269 541 preterca,
285 478 385 529 univoca
402 480 508 530 dicuntur
527 493 622 543 quorum
637 487 671 531 est
688 484 745 533 ratio
766 498 810 534 uua
827 485 869 550 (l).

60 551 106 601 Sed
123 549 267 612 catholicus,
285 549 338 599 cum
351 549 422 599 dicit:
439 552 521 600 Unum
533 565 587 599 erce
600 552 692 607 Deum,
710 554 816 617 intelligit
829 571 871 607 no-

62 622 126 672 rnine
141 620 185 671 Dei
198 633 248 670 rem
259 620 446 684 omnipotentem
458 624 483 670 et
494 635 562 685 super
578 622 653 673 omnia
667 627 832 690 venerandam
848 632 871 678 et

59 696 103 744 troc
117 693 183 743 idem
197 692 309 755 intelligit
322 692 415 754 gentilis
430 692 482 741 crim
498 692 572 743 dicit:
592 694 693 743 Idolum
711 710 763 745 erce
778 698 870 761 Deum;

58 778 113 827 ergo
128 766 175 815 lroc
189 777 277 813 nomen
295 763 395 814 univoce
412 764 495 813 dicitnr
509 764 634 827 utrobique.

90 836 137 885 Sed
147 838 251 897 contra;
262 835 330 898 illud,
345 836 406 899 quod
422 835 491 885 estin
505 836 623 886 intellectu
636 841 670 886 est
684 838 806 889 similitudo
821 840 871 903 ejus

60 908 119 968 quod
135 909 173 956 est
190 905 217 955 in
235 921 280 969 ro,
294 910 321 955 ut
338 906 421 957 dicitur
436 907 461 956 in
474 908 493 956 l.
509 908 645 957 Peritum.
660 908 703 973 (2).
717 910 761 959 Sed
775 904 872 961 animal

59 978 145 1029 dictum
155 979 186 1028 de
197 976 293 1027 animali
307 992 362 1029 vero
373 980 435 1028 etde
449 978 542 1028 animali
554 980 625 1043 picto,
636 980 750 1043 aequivoce
765 979 845 1030 dicitur
863 998 868 1030 :

60 1061 114 1109 ergo
125 1052 171 1099 hoc
184 1062 282 1111 nomen,
292 1050 371 1106 Deus,
386 1050 469 1099 dictum
483 1051 511 1099 de
525 1050 572 1099 lieo
585 1064 639 1099 vero
652 1052 714 1101 etde
727 1052 772 1101 Deo
785 1065 869 1101 secun-

61 1119 116 1167 dun
124 1121 259 1183 opinionem
267 1157 275 1184 ,
288 1120 407 1183 equivoce
418 1121 510 1171 dicitnr.

95 1194 118 1236 5.
131 1190 263 1254 preterea,
278 1192 356 1241 nullus
373 1195 449 1255 potest
462 1192 552 1254 signare
566 1192 589 1260 id
602 1194 662 1255 quod
675 1206 721 1242 non
737 1194 867 1257 cognoscin

60 1260 101 1309 sed
112 1261 204 1322 gentilis
217 1276 267 1312 non
285 1263 402 1325 cognoscit
416 1276 493 1313 veram
504 1262 617 1313 lleitctem
632 1278 637 1311 ε
658 1276 711 1325 ergo
726 1263 777 1311 cum
795 1264 867 1314 dicit:

59 1332 161 1381 Idolum
175 1340 215 1383 est
229 1336 313 1387 Deio,
328 1347 375 1383 non
391 1332 465 1395 signet
479 1347 559 1383 verdun
575 1332 695 1383 Deitatem.
713 1334 776 1383 Hanc
791 1338 868 1384 eutem

58 1403 134 1465 signat
152 1404 285 1454 catholicus
303 1404 381 1455 diceus
399 1421 404 1453 :
423 1420 437 1451 c
454 1406 529 1454 Unum
546 1418 596 1455 esse
616 1404 686 1453 ileum
701 1420 707 1465 3
724 1420 737 1451 u
755 1418 809 1466 ergo
823 1407 868 1454 troc

58 1487 154 1538 nonen,
173 1484 259 1532 Deus,
277 1488 324 1525 nou
342 1475 425 1525 dicitnr
440 1475 536 1525 univoce
541 1513 551 1539 ,
571 1476 611 1525 sed
632 1474 748 1538 uquivocl
769 1476 796 1524 de
820 1481 866 1525 Deo

60 1557 114 1597 vero
123 1548 186 1597 etde
203 1547 254 1596 ileo
265 1545 393 1596 secundum
406 1545 556 1611 opinionem(
574 1546 591 1610 ).

93 1619 251 1683 (Cuncnusro.
265 1646 296 1657 -
309 1618 367 1669 Cum
384 1621 445 1669 Dens
463 1619 621 1683 participative
636 1624 660 1669 et
674 1618 806 1670 estimati've
820 1632 867 1669 non

59 1688 144 1739 nisiex
156 1691 208 1740 reri
217 1689 263 1741 Dei
267 1688 352 1770 gtione
363 1690 512 1752 intelligatur,
524 1692 567 1739 hoc
580 1704 671 1754 nomen,
686 1694 764 1747 Deos,
776 1692 804 1741 de
819 1693 865 1741 lleo
927 1684 932 1698 '

59 1760 236 1825 partiupative,
250 1761 382 1824 opinative,
394 1764 418 1810 et
428 1774 483 1810 vero
496 1761 557 1824 Deo,
572 1776 615 1812 nec
629 1762 738 1826 univoce,
752 1776 795 1813 nec
809 1762 866 1826 pure

58 1832 189 1896 concoct,
203 1833 246 1883 sed
260 1831 378 1895 analogice
389 1832 481 1882 dicitur.

89 1902 229 1967 despondeo
247 1902 385 1965 dicendum,
405 1902 466 1966 qntd
483 1904 527 1954 hoc
545 1918 642 1968 nomon,
666 1908 746 1960 Deus,
765 1905 790 1953 in
807 1918 866 1968 prae·

57 1972 130 2025 mincis
151 1975 229 2024 tribus
244 1973 450 2036 significationibus
469 1988 515 2024 non
533 1974 642 2039 accipitur
661 1988 733 2037 neque
754 1974 866 2037 nuncet,

88 2128 119 2189 ll)
131 2130 179 2175 Vel
191 2129 287 2187 plenius
300 2141 329 2174 cx
342 2130 408 2173 initio
424 2131 603 2187 categoriarum,
619 2142 724 2187 quorum
739 2142 865 2173 commuue

55 2204 157 2241 inemec,
178 2196 201 2237 ct
225 2192 294 2236 rollo
312 2193 419 2237 essentie
431 2192 565 2237 decumum
582 2192 648 2237 illud
664 2204 751 2237 oromate
765 2204 816 2236 creo
836 2192 865 2237 de

57 2254 137 2323 (λόγος
149 2252 249 2318 αὐτὸς).
718 2268 720 2273 ’

89 2331 120 2393 (2)
135 2337 183 2379 Seu
193 2342 250 2392 περι
260 2323 382 2392 ἑρμηνείας
392 2335 428 2378 vel
440 2334 469 2378 de
479 2335 689 2391 interpretatione,
698 2336 781 2389 utjnm
794 2346 862 2389 supra

56 2402 162 2441 notntum
172 2402 218 2441 nrt.
235 2394 258 2439 1.

88 2464 118 2525 (3)
134 2468 214 2513 Minus
233 2462 325 2511 videtur
341 2465 478 2511 concludere
499 2466 703 2523 superficietenus
722 2465 791 2523 quum
809 2478 862 2521 pro·

56 2535 138 2587 ponet,
151 2530 209 2586 quio
225 2528 321 2573 lenium
334 2528 525 2584 significationem
539 2529 659 2587 proposuit
667 2542 712 2585 quo
723 2530 788 2573 Deus
800 2529 860 2573 ecci-

57 2591 116 2642 pitnr
133 2605 176 2648 pro
195 2594 246 2636 uec
263 2590 399 2635 eeceodltm
410 2593 636 2649 participationem.
657 2591 701 2635 Sed
719 2592 767 2635 hec
790 2592 861 2645 oequi-

57 2653 160 2698 rrlenter
173 2652 255 2710 quoad
272 2665 367 2698 censum
387 2653 472 2697 includi
489 2660 567 2710 potest
585 2654 608 2697 in
628 2652 794 2710 significatione
815 2653 862 2696 Det

58 2716 189 2761 mecedem
207 2715 366 2773 opinionem,
378 2715 430 2759 cum
444 2727 488 2759 nec
502 2719 562 2761 Deus
576 2716 734 2772 participative
748 2716 777 2759 sit
793 2726 860 2758 verus

60 2776 128 2829 lteunr
148 2779 187 2824 vel
206 2781 282 2823 Deum
303 2777 394 2821 tontum
414 2778 548 2821 muudum
569 2778 709 2833 opinionem
733 2776 860 2833 exprimere

61 2839 137 2896 potnit,
152 2840 210 2897 qnia
224 2840 353 2896 opponitur
370 2841 465 2883 omnino
481 2852 535 2884 vero
549 2842 612 2895 Deo,
632 2852 679 2884 non
700 2845 776 2883 nutem
796 2838 860 2882 Deru

60 2902 242 2960 uertuipalioe,
253 2902 295 2957 qni
305 2906 400 2957 propter
409 2902 524 2958 quandem
535 2902 685 2947 imitationem
694 2900 860 2957 perfectionum

61 2961 106 3005 Vtri
121 2965 158 3010 uei
170 2966 205 3011 nic
219 2964 362 3021 appelletur.
