1992 3342
133 206 180 251 tte
332 212 391 247 eins
409 210 538 258 1,ouner.
557 210 608 258 xiv,
624 209 678 245 rur.
699 207 731 243 rx.

165 291 326 354 (maurusio.
340 314 371 324 -
384 286 505 347 manescit
516 286 577 335 Dens
594 298 640 335 nou
655 286 719 336 entia
733 288 859 337 secundum
872 288 944 353 quid,

134 360 336 424 quomodocunque
356 371 402 407 non
422 358 470 408 sint
487 358 583 409 scientie
602 356 697 408 visionis
715 372 720 406 :
738 370 785 408 non
802 357 867 408 entia
886 360 944 411 verb

134 430 278 495 simpliciter,
289 429 371 479 notitin
382 427 493 492 simplicis
503 427 686 492 intelligentia.)

167 501 302 564 Respondeo
319 500 456 562 dicendum,
475 498 537 561 quod
556 500 616 549 lleus
636 499 679 549 scit
700 499 777 549 omnia
797 512 946 565 quecunque

136 577 189 622 sunt
205 584 341 636 quocunque
362 571 438 621 niodo.
458 569 521 619 Nihil
539 574 616 619 nutem
634 569 739 633 prohihet
757 584 801 633 ee,
821 584 880 633 que
899 586 945 622 non

136 647 189 693 sunt
201 642 344 706 simpliciter,
355 642 430 705 aliquo
442 642 510 691 modo
521 654 580 691 esse.
593 640 733 704 Simpliciter
742 641 881 706 culusum,
894 658 945 707 que

136 718 190 763 nutu
201 718 262 763 sunt.
278 716 311 763 Eu
326 712 382 763 reri>
398 726 451 776 quae
468 726 516 762 non
528 715 581 761 sunt
595 715 663 774 ectu,
673 714 727 761 sunt
740 713 765 761 in
779 712 899 777 potentin,
910 719 947 765 vel

137 784 209 847 ipsius
219 784 270 847 llei,
285 784 324 833 rel
333 787 453 843 creaturos,
469 781 518 831 sive
530 781 556 829 iu
570 781 673 844 potentie
686 782 775 845 notius,
787 782 836 831 sire
851 782 880 833 iu
894 800 947 848 pas-

137 854 199 916 sive,
221 854 311 904 sivein
330 853 433 917 potentin
453 851 576 915 opinandi,
598 852 634 901 rel
654 852 809 915 imaginandi,
830 856 871 904 rel
891 870 947 919 quo·

138 938 228 988 cunque
238 926 305 975 modo
318 924 468 986 significandi.
480 925 628 987 Quocunque
638 922 707 985 igitur
717 928 813 987 possum
825 938 870 987 per
882 941 947 977 cren·

138 996 289 1059 unmfieri,
302 995 462 1058 recogitet,
476 994 514 1045 rel
533 994 592 1057 dici,
609 998 633 1045 et
648 994 717 1044 etiam
733 1008 881 1059 quecunque
898 998 947 1062 ipse

138 1067 214 1117 iacere
226 1071 315 1131 potest,
329 1066 406 1116 omnin
420 1065 538 1129 cognoscit
550 1067 623 1127 Deus,
637 1065 708 1114 etium
722 1064 741 1114 si
754 1069 805 1114 ectu
820 1080 871 1117 nou
890 1070 944 1120 sint.

139 1140 166 1187 Et
174 1152 216 1202 pro
226 1142 290 1188 tento
300 1138 346 1188 dici
355 1141 430 1201 potest
437 1138 497 1200 quoti
507 1137 576 1187 habet
583 1136 652 1186 etium
660 1149 706 1185 non
713 1135 800 1185 entium
808 1138 942 1190 scientium.

168 1211 213 1260 Sed
228 1212 326 1273 horum,
340 1222 391 1272 quoe
409 1212 461 1257 actu
481 1221 528 1257 non
544 1211 611 1269 sunt,
632 1210 666 1257 est
681 1208 820 1257 attendenda
839 1214 945 1276 quodam

138 1281 267 1331 diversitas.
286 1282 393 1339 Quodam
407 1279 468 1328 enim
481 1278 537 1327 licet
550 1292 596 1328 non
609 1277 654 1327 sint
670 1278 768 1327 nuncin
782 1282 852 1343 ector,
867 1286 945 1333 tomen

137 1353 174 1402 vel
187 1353 289 1415 inerunt,
299 1353 337 1401 rel
347 1355 425 1414 erunt,
432 1355 456 1399 et
466 1350 544 1399 omnin
554 1350 599 1399 ista
610 1350 693 1399 dicitur
702 1351 762 1401 lleus
772 1350 834 1401 scire
847 1354 945 1404 scientia

136 1424 239 1475 visionis.
256 1424 314 1483 Quia
327 1437 377 1472 eum
390 1423 528 1484 intelligere
538 1422 585 1471 Dei
594 1420 655 1484 quud
666 1425 700 1471 est
711 1420 761 1485 ejus
772 1436 836 1477 eone,
854 1426 946 1476 oeterni-

139 1498 185 1545 tate
199 1498 357 1556 mensuretur,
368 1507 418 1555 qun
432 1493 480 1543 sine
494 1493 637 1542 successione
652 1491 753 1541 existens
765 1495 842 1543 totum
855 1501 947 1560 tempus

138 1565 319 1629 comprehendit,
329 1576 431 1625 presens
441 1563 538 1612 intuitus
548 1562 589 1611 llei
602 1563 674 1613 fertur
686 1563 711 1611 iu
723 1566 916 1633 totumtempus,
925 1561 947 1617 et

139 1636 163 1683 iu
176 1634 253 1685 onnia
271 1647 321 1697 que
335 1633 425 1683 suntin
440 1647 576 1697 quocunque
593 1637 710 1697 tempore,
725 1633 784 1683 sicut
796 1634 823 1685 in
840 1638 947 1702 subjecte

138 1705 182 1774 sibi
198 1704 381 1769 presentialiter.
392 1706 500 1763 Quaednrn
521 1704 575 1756 verit
586 1708 653 1765 sunt„
669 1719 719 1768 quae
737 1706 829 1755 suntin
840 1712 948 1773 potentia

140 1776 197 1839 liei,
217 1775 255 1827 rel
274 1779 402 1838 crentrnae,
421 1790 471 1839 quoe
485 1781 562 1827 tumen
580 1781 702 1839 noceant,
716 1783 857 1844 uenerunt,
872 1796 948 1846 neque

65 1845 73 1862 ¹
141 1843 240 1897 luerunt.
260 1847 290 1896 Et
312 1849 418 1908 respectu
440 1848 521 1897 nomm
545 1861 591 1897 nou
611 1847 693 1898 dicitnr
712 1848 796 1899 habere
821 1852 947 1904 scientiam

140 1918 250 1981 ononis,
263 1918 304 1968 sed
316 1916 426 1980 simplicis
443 1916 608 1991 intelligentie.
627 1919 691 1978 Quod
707 1918 758 1969 ideo
777 1918 884 1986 dicitur,
897 1925 947 1989 quiu

141 2006 168 2073 en
188 2006 239 2056 quae
258 1990 364 2041 uidentur
389 1990 450 2055 apud
473 2004 528 2053 noe,
550 1992 635 2041 hebent
653 2006 706 2041 ecoe
724 1991 862 2051 distinctum
886 2002 947 2049 extra

141 2066 318 2197 Vldieilmpffirnum
331 2147 385 2197 ergo
404 2104 538 2195 dicendun',
560 2134 621 2197 quod
635 2136 759 2195 secuudum
774 2139 839 2203 quud
853 2148 911 2191 suunt
926 2143 948 2190 ir
976 2130 977 2165 ¹

140 2205 256 2268 potentia,
269 2205 303 2255 sic
318 2205 402 2254 habeut
414 2204 534 2254 veritatem
551 2217 579 2253 ea
590 2218 642 2269 quoe
655 2218 702 2255 non
718 2210 771 2255 sunt
784 2210 855 2273 actu,
869 2226 947 2263 vorum
976 2208 977 2235 ³

140 2280 176 2326 est
187 2276 249 2327 euin
262 2289 290 2325 ea
300 2289 349 2326 esse
363 2276 387 2323 in
400 2275 502 2338 potentia
516 2290 521 2323 :
537 2278 560 2325 ct
574 2274 606 2325 sic
619 2276 720 2328 sciuntrn
732 2277 745 2327 'a
755 2279 810 2337 ileo.
976 2278 977 2309 l

173 2348 207 2397 iu
219 2348 345 2396 secundum
359 2346 494 2409 dicentium,
508 2346 568 2411 quod
577 2347 629 2396 οὺω
640 2349 699 2399 Deus
709 2349 739 2399 sit
750 2349 827 2413 ipsum
840 2367 912 2416 esse,
928 2357 951 2405 in
976 2350 977 2385 l

651 2432 654 2437 Δ
976 2422 977 2451 l

142 2488 189 2520 non
198 2480 253 2519 snut
262 2486 302 2530 per
312 2480 421 2520 nurnero
431 2476 658 2535 predestinationem
667 2488 694 2521 ec
708 2478 727 2521 si
739 2484 827 2523 essent.
843 2484 886 2527 sio
895 2486 951 2529 lliu-
976 2498 977 2533 r

142 2551 215 2586 reor..
225 2539 245 2593 Ι,
257 2549 318 2583 vers.
330 2536 362 2579 5:
376 2539 524 2595 Primnum
535 2540 700 2597 latiomorum
712 2540 741 2583 s'ot
754 2543 825 2584 utero
840 2548 908 2591 osopo·
922 2553 949 2592 ee.

142 2599 275 2647 Generaliter
295 2604 371 2643 nutem
391 2600 496 2652 Booten,
515 2602 601 2660 xxm,
620 2614 681 2647 vere.
700 2600 730 2647 29
745 2616 752 2645 t
766 2600 881 2653 nonem
902 2609 950 2654 Deo
976 2638 977 2651 r

142 2666 270 2719 alequas»
280 2666 433 2712 crearentur,
440 2666 524 2723 moto
534 2664 694 2721 euotnpm'tn.
704 2662 759 2717 oute
767 2667 839 2721 perro
849 2674 950 2717 necesso
976 2690 977 2723 t

142 2730 179 2769 est
193 2724 297 2769 mentm
314 2724 457 2775 animem,
477 2737 546 2783 quern
563 2726 680 2772 veteribus
696 2726 841 2784 incognitum
863 2732 952 2779 letetur
976 2754 977 2785 r

143 2783 951 2851 cinnanum,eddaesuprudictisitlninvelflutitinnuejnsobjoctnm
976 2828 977 2863 p

142 2850 278 2905 supponitur
290 2848 406 2904 futurum,
416 2850 485 2895 etsie
495 2851 597 2907 pertinet
607 2851 636 2897 nd
647 2850 768 2897 scientium
779 2852 886 2903 ῆείοιιὶι
897 2876 905 2904 :
918 2860 951 2903 rot

143 2922 190 2954 nou
203 2911 317 2969 tutorum,
329 2918 353 2955 et
364 2911 398 2955 sic
406 2912 534 2967 simplicem
549 2913 723 2969 intelligentium
735 2926 782 2959 non
796 2920 908 2967 excedit.
976 2898 977 2993 ἶ
