1992 3342
195 249 225 286 nn
241 247 385 288 manuonuun
399 247 498 288 nunna
513 248 596 294 onom
613 248 716 288 mnata.
807 240 854 288 titt

58 329 83 376 ui
94 323 238 390 vineuntium
252 325 319 390 dicit,
338 327 376 378 lll.
395 329 432 378 De
451 329 525 378 cinit.
545 329 602 379 Dei.
620 329 649 378 iit
663 325 716 378 ideo
732 336 811 378 omnen
829 325 855 378 in

57 398 130 461 maiia
142 397 227 460 creati,
237 397 261 447 iu
271 398 346 462 primo
357 399 452 450 innanti
462 404 608 463 mememnt3
620 399 661 451 aed
675 397 765 462 quidum
775 410 855 448 eorum

57 468 133 518 entim
142 468 329 533 impedimentum
344 469 499 534 prestiterunt
509 485 556 522 aaa
565 469 854 533 lenitumnifflnaoedena

56 538 163 590 meritum
176 540 351 604 mortificantem
366 540 453 592 otiien
461 541 614 604 beatitudine,
625 555 693 606 quam
715 541 854 601 meruerant,

57 615 112 661 nunt
125 610 218 674 privati.

348 691 506 744 lll'l'iCllLllS
522 692 560 741 Vl.

60 803 146 849 Utrinm
154 805 236 863 atiquo
245 807 397 862 morasaeeit
405 807 470 854 inter
479 807 623 853 creationem
630 810 655 852 et
664 807 758 865 lupam
765 805 854 864 meli.

90 921 122 971 td
132 924 220 972 sextum
229 922 262 972 sio
272 922 399 986 proceditur
404 923 449 987 (l).
460 922 555 974 videtur
564 922 623 987 qula
633 922 708 986 aliqua
718 936 779 974 monn
789 922 857 974 luerit

57 991 641 1057 interaneationemetlnpsumangeliiliciturenim
649 993 854 1050 naecmxvlll:

58 1079 73 1109 ε
84 1062 208 1114 imbulnsti
220 1065 332 1128 pellemus
346 1065 370 1114 in
380 1065 425 1116 niis
434 1065 479 1116 tuis
492 1063 550 1117 ilie
561 1063 698 1116 conditionis
714 1068 759 1115 tna
767 1103 775 1126 ,
784 1065 857 1118 donee

57 1133 151 1185 inventa
168 1139 202 1185 εει
214 1135 322 1198 iniquitas
335 1135 360 1186 in
376 1140 435 1186 ιε.»
451 1135 495 1187 Sed
512 1136 651 1197 ambulatio,
667 1134 720 1186 cim
734 1135 766 1187 ait
778 1140 855 1187 motus

57 1203 186 1266 continuus,
198 1206 292 1270 requirit
300 1205 399 1271 aliquam
408 1219 503 1258 moram.
516 1209 574 1272 Ergo
586 1207 660 1273 aliqua
671 1219 733 1257 mora
742 1206 786 1257 iuit
794 1205 855 1258 iuter

57 1275 196 1327 creationem
208 1277 290 1328 diaboli
304 1277 387 1342 atejus
400 1279 497 1342 lapsum.

88 1351 113 1396 2.
135 1347 261 1412 Preterion,
280 1349 388 1411 Origenes
403 1349 512 1413 (Homul.
531 1351 547 1400 1
557 1349 583 1398 ia
600 1348 705 1411 Bacch.)
721 1347 776 1399 dicit
795 1347 855 1412 quin

57 1434 73 1466 n
82 1429 175 1482 serpeus
188 1419 293 1484 antiquus
309 1433 355 1470 non
369 1420 445 1470 statim
459 1434 527 1484 supra
541 1423 620 1484 pcctm
631 1422 655 1469 et
670 1422 771 1469 ventrem
788 1432 855 1470 cunm

56 1489 196 1553 ambulavit,
206 1507 220 1537 u
230 1505 271 1554 per
280 1491 481 1556 quodinteiligilur
490 1492 540 1555 ejus
550 1493 675 1556 poenum
684 1492 743 1553 Engo
752 1489 856 1540 diabolus

56 1574 104 1611 nou
115 1561 191 1611 statim
204 1567 255 1628 post
266 1563 364 1628 primum
375 1562 462 1614 instans
473 1577 519 1614 sua
529 1561 651 1613 creationis
662 1562 775 1626 peccavit.

91 1635 114 1681 8.
130 1633 255 1694 Praeterea,
267 1647 332 1698 posse
344 1647 440 1700 peccare
452 1647 571 1684 commune
580 1638 616 1684 εει
627 1631 715 1683 homiui
727 1636 751 1683 ct
763 1631 853 1696 angelo.

56 1702 110 1754 Fuit
124 1706 199 1753 autem
220 1705 294 1768 aliqua
310 1717 372 1766 mora
392 1705 452 1755 inter
473 1705 630 1756 formationem
646 1703 745 1755 hominia
763 1707 787 1754 et
805 1703 856 1766 ejua

56 1776 186 1838 peceatum.
204 1773 262 1838 lingo
276 1775 426 1840 maritatione
443 1775 488 1826 luit
501 1775 576 1841 ilique
593 1788 656 1826 mora
669 1775 729 1826 inter
740 1773 857 1825 formatio-

57 1856 112 1896 nem
128 1844 212 1894 uialoll
225 1848 247 1895 et
261 1845 312 1909 ejus
324 1850 450 1910 peecatum.

91 1919 114 1966 l.
132 1917 253 1980 Preteren,
263 1917 322 1968 aliud
336 1917 423 1968 instans
434 1917 479 1968 luit
490 1917 516 1968 in
527 1931 572 1982 quo
581 1917 686 1968 diabolus
698 1916 816 1980 manvu,
826 1914 856 1968 al

57 1987 156 2037 instanti
174 1987 197 2037 in
211 2001 256 2052 quo
269 1991 359 2039 creatus
374 1989 424 2040 luit.
438 1990 482 2040 Sed
498 1989 557 2039 iuter
570 1987 677 2054 qualibet
691 1987 736 2038 luo
748 1985 857 2037 ἰεειειιιίι
949 2042 951 2047 ,

57 2058 121 2110 eadit
137 2062 225 2124 tempus
238 2060 345 2110 medium.
355 2062 413 2124 Ergo
428 2061 504 2125 aliqua
515 2073 577 2111 monn
591 2058 703 2110 luitiutcu
718 2057 856 2109 creationem

58 2129 111 2194 ejus
122 2133 146 2180 ει
157 2131 255 2193 lapsum.

91 2200 136 2252 sel
149 2204 226 2252 contra
240 2205 289 2264 est,
303 2203 362 2266 quod
374 2200 454 2252 dicitur
466 2203 548 2258 loon..
560 2201 626 2263 Vlli,
636 2199 664 2251 ‹le
676 2198 779 2262 diabolo,
796 2197 857 2262 culi

60 2291 75 2321 ε
89 2273 115 2322 in
132 2273 228 2323 ueritate
239 2286 285 2322 nou
298 2272 369 2324 stetit.
381 2289 396 2319 a
408 2275 437 2323 ut
449 2274 510 2323 sieut
527 2271 667 2335 Augustiana
685 2270 754 2331 dicit,
765 2269 805 2322 xl.
818 2270 856 2320 De

61 2346 139 2394 civit.
156 2345 217 2403 Dei,
229 2361 243 2392 n
253 2348 341 2408 oportet
355 2348 380 2394 ut
393 2345 437 2396 hoc
450 2345 483 2396 sic
499 2343 636 2409 accipiamus
649 2341 710 2407 quid
723 2342 747 2392 in
760 2342 856 2394 veritate

59 2415 142 2480 luerit,
158 2415 198 2466 sed
209 2428 255 2465 non
268 2416 452 2478 permanserit»

94 2486 255 2550 (Conclusio.
267 2485 445 2538 -Prohallliua
462 2491 497 2537 est
513 2490 538 2537 ει
554 2489 683 2537 aneorum
702 2482 769 2535 dictis
785 2484 858 2548 magia

58 2570 198 2621 consonum,
211 2557 315 2621 angelum
326 2557 402 2608 statim
414 2563 465 2623 post
475 2557 573 2622 prinmm
584 2558 671 2608 innam
680 2569 727 2608 aaa
738 2555 858 2608 creationis

58 2641 180 2696 peccasse,
196 2627 311 2694 precipui
325 2628 344 2678 ai
357 2627 400 2677 iuit
419 2629 443 2678 in
458 2629 531 2692 gnatia
548 2630 650 2690 creatus,
668 2640 713 2677 uon
726 2626 858 2678 inconvenit

58 2704 151 2760 autem,
166 2699 186 2750 si
200 2712 245 2750 non
262 2698 304 2749 iuit
323 2697 348 2749 in
364 2699 436 2763 gnatia
449 2704 553 2763 creatas,
570 2711 655 2750 moram
671 2697 769 2763 uinum
788 2697 857 2750 luae

59 2773 122 2822 inter
135 2769 271 2822 creationem
281 2774 305 2834 ει
316 2769 428 2834 lapsum.)

93 2841 229 2906 Respondeo
239 2841 368 2902 dicendum,
377 2840 504 2905 quodcirca
513 2842 557 2891 hoc
570 2844 606 2892 est
617 2841 701 2906 duplex
708 2839 786 2904 opinio
798 2854 805 2890 :
817 2839 858 2890 aed

96 2957 571 3022 (nino.un0umo·oec..1x.m.a.
