1992 3342
132 161 161 208 rt
350 168 411 204 rins
428 167 449 218 1,
467 168 559 212 oum.
577 169 608 217 u,
624 169 679 206 aar.
699 169 723 205 r.

130 247 270 314 appetitum,
298 248 333 295 cst
351 243 414 296 enim
429 244 514 294 bonurn
534 245 595 306 quod
612 245 691 296 omnia
702 249 830 312 appstuut3
845 253 869 300 et
880 249 933 302 idco

130 321 199 372 habet
213 319 324 370 rationem
340 316 405 380 tinis;
420 329 474 366 narn
488 316 602 380 appetitus
617 320 653 367 cst
664 317 731 381 quasi
752 319 845 383 quidam
859 326 935 373 nous

129 393 157 442 ad
173 403 230 441 rem.
246 389 369 438 Pulchrum
381 391 457 438 autem
471 386 564 451 respicit
574 387 621 439 nm
634 389 826 454 cognominum,
835 393 933 455 pulchra

129 462 191 513 enim
205 461 311 512 dicuntur
321 472 371 522 qua
386 458 436 508 uisa
445 459 539 523 placsnt
550 459 586 523 (1)
599 475 606 507 :
619 461 679 510 unde
688 461 809 523 pulchrrun
818 462 932 514 indebita

128 533 272 598 proportione
285 529 408 593 consistit,
422 530 475 594 quia
486 544 568 581 sensus
580 532 722 582 delectantur
737 532 763 582 iu
772 533 843 584 celtus
854 535 934 586 debite

128 604 317 670 proportionatis,
333 603 392 653 sicut
413 602 438 652 in
457 603 502 654 sibi
524 602 648 666 simitum
663 617 717 654 narn
735 608 761 654 ct
773 619 856 656 sensus
873 608 934 658 mtto

128 678 232 740 quadam
244 680 292 738 est,
307 679 331 724 ct
350 674 425 725 omnis
438 674 511 724 uirtus
528 671 691 736 cognoscitira.
712 677 740 725 at
755 676 810 739 qun
828 677 935 741 cognitio

128 749 153 798 lit
170 762 214 813 per
231 746 435 810 assimilationem,
454 745 580 797 similitudo
602 750 679 798 autem
702 747 796 812 rospmt
818 749 932 814 tomam,

128 821 249 884 pulchrum
268 818 359 884 proprie
373 818 473 883 pertinet
485 819 514 870 ad
527 818 641 870 rationein
654 832 729 870 causa
742 819 853 870 formulis.

159 893 192 941 dd
205 892 330 942 secundum
338 890 472 952 dicendum,
486 889 546 954 putu
556 890 642 942 bonurn
655 889 739 941 dicitur
750 891 882 944 didosiruur
896 894 934 945 sui

126 975 155 1012 eo
171 965 255 1025 niodo,
267 975 312 1025 quo
325 960 377 1012 linis
394 961 476 1012 dicitur
490 975 591 1012 mouere.

156 1039 189 1088 rtd
211 1039 304 1088 tertium
324 1037 460 1100 dicendum,
473 1036 534 1102 quod
553 1037 651 1102 quilibet
666 1037 755 1089 lubens
773 1038 933 1103 uolumutem,

123 1109 206 1160 dicitur
215 1109 288 1160 bonus
295 1147 304 1173 ,
318 1109 343 1160 in
353 1113 462 1172 quantum
480 1110 549 1160 nabet
560 1109 645 1160 bonam
655 1110 811 1172 uoluntatem,
822 1110 877 1173 quin
886 1125 933 1175 per

123 1181 264 1232 uoluntatem
284 1181 368 1234 utimur
388 1181 564 1244 omnibusque
587 1181 612 1230 in
633 1181 701 1232 notis
716 1185 778 1232 suut.
798 1183 862 1232 Unde
880 1195 933 1234 non

122 1252 205 1304 detur
220 1253 293 1304 bonus
309 1255 393 1316 homo,
414 1252 453 1316 qui
466 1253 537 1305 habat
555 1253 643 1304 honum
661 1252 821 1316 nolum,
833 1254 875 1303 sed
889 1255 931 1319 qui

122 1323 285 1376 hunctionem
300 1325 455 1387 uoluntatem
469 1325 575 1374 solonas
592 1329 670 1375 antem
688 1323 783 1388 respicit
801 1324 891 1388 tinem,
906 1332 933 1377 ut

121 1395 237 1460 objectum
261 1396 378 1462 proprium
393 1411 398 1444 :
413 1399 439 1446 et
454 1396 502 1458 sic,
522 1395 583 1458 quod
601 1395 694 1457 dicitur,
708 1412 723 1442 u
736 1395 794 1454 Quia
815 1399 878 1446 nous
895 1403 933 1448 cst

120 1467 206 1531 bonus
218 1481 260 1518 nos
275 1481 396 1530 sumum
410 1468 508 1518 retertur
520 1469 549 1517 ad
563 1480 656 1518 causant
669 1467 761 1518 finalem
773 1467 817 1532 (a).

351 1583 355 1590 '
417 1602 579 1653 iuncosus
591 1603 620 1651 u.

179 1713 265 1757 noum
274 1712 337 1757 ratio
347 1713 400 1756 botri
409 1713 522 1758 moesiam
531 1713 557 1757 ist
566 1713 649 1765 modo,
663 1712 738 1769 specie
747 1715 771 1755 et
779 1711 872 1757 ordisse.

151 1833 185 1885 dd
199 1831 304 1895 quintum
319 1831 352 1881 sic
365 1830 494 1896 procedito
501 1829 547 1895 (t).
562 1828 655 1881 Videtur
664 1827 725 1892 quod
738 1830 796 1880 ratio
809 1830 867 1880 boni
878 1845 930 1883 uon

115 1904 230 1956 ‘sensim
246 1903 270 1954 in
292 1905 374 1967 modo,
398 1902 474 1968 specie
490 1908 514 1953 et
528 1901 617 1953 ordine.
640 1903 729 1953 Bonum
750 1901 814 1952 cuin
835 1905 860 1953 et
884 1919 931 1956 ens

120 1975 207 2026 radone
221 1975 343 2038 ditlcrunl,
360 1979 385 2024 ut
402 1988 469 2039 supra
487 1973 573 2024 dictrrnu
592 1976 645 2036 est3
662 1973 703 2024 scd
722 1974 817 2035 modus,
835 1977 932 2039 species

119 2051 143 2098 st
160 2049 215 2099 ordo
236 2048 351 2112 pertinere
372 2048 399 2098 ad
421 2046 534 2098 rationem
556 2044 617 2095 entis
640 2044 763 2111 uidentem
789 2043 845 2107 cuia
866 2047 930 2100 sicut

118 2118 201 2170 dicitur
216 2125 277 2182 sop.
294 2119 341 2172 tn:
362 2136 376 2168 (ι
390 2117 472 2170 Omnia
485 2117 511 2167 in
530 2129 640 2179 numero,
657 2117 758 2181 pondero
775 2119 799 2166 ct
817 2129 930 2169 mansm

117 2189 230 2254 isposuisti
244 2189 277 2255 (t)
289 2205 294 2239 :
305 2206 319 2236 o
330 2191 356 2240 ad
368 2203 419 2253 quae
427 2188 471 2239 tria
480 2190 628 2250 reducuntur,
640 2187 731 2251 specics
738 2187 818 2238 modus
826 2191 851 2238 ct
859 2189 928 2252 ord03

148 2335 179 2398 (1)
193 2339 319 2395 Utrumque
339 2343 418 2384 temen
439 2333 512 2393 pecc
526 2325 606 2396 talou,
621 2335 676 2392 quio
695 2334 786 2380 scilicet
804 2335 929 2383 ornatores

115 2409 185 2454 voluti
197 2409 226 2455 ed
236 2423 261 2456 se
273 2415 340 2454 uocat
355 2399 498 2470 (ttltllsssive
511 2408 590 2465 allicit,
601 2413 627 2452 ut
639 2406 786 2464 ernyoutsto
797 2406 928 2464 colligitur.

149 2477 179 2539 (ἓ)
195 2481 251 2534 Quia
264 2481 355 2526 bouitas
368 2482 419 2535 eius
433 2480 545 2526 motivum
557 2479 602 2524 tuit
616 2490 659 2523 uos
672 2477 777 2524 creandi.

148 2548 178 2611 (3)
193 2555 226 2597 De
240 2553 276 2597 tiis
291 2553 360 2597 stiam
374 2553 448 2612 intra,
459 2556 542 2608 quaest.
553 2548 597 2610 ts,
609 2556 653 2595 ort.
663 2549 692 2604 ἴς
707 2557 730 2595 ct
744 2554 827 2606 quast.
839 2549 882 2612 at,
894 2553 926 2597 de

114 2623 224 2681 ueritate,
237 2629 281 2668 art.
293 2622 317 2667 6.
841 2620 844 2624 ’

146 2692 177 2755 (t)
193 2696 237 2742 Vct
250 2697 280 2740 tu
299 2707 414 2742 mmuro
427 2699 449 2741 et
461 2707 564 2740 sumo
578 2699 599 2740 ct
611 2693 734 2752 pondere,
747 2697 773 2738 nt
793 2689 923 2740 ordinatim

113 2757 179 2813 ponit
198 2755 274 2804 ndito
287 2757 386 2816 Vulgata
399 2771 460 2804 vers.
474 2756 517 2816 at,
530 2764 555 2803 st
563 2757 644 2803 cadent
657 2755 716 2801 seris
733 2759 924 2814 grmustsxtus.

113 2819 173 2864 Hinc
187 2823 210 2864 ct
223 2821 325 2867 ordinem
339 2821 402 2874 illum
416 2821 558 2878 Augustinus
570 2821 595 2865 in
608 2817 734 2877 appendice
748 2829 799 2874 ques
818 2817 924 2876 subiun-

114 2881 182 2940 gitur,
197 2891 308 2940 sequutus
325 2891 371 2940 est,
393 2883 491 2938 indeque
504 2884 548 2927 tria
563 2881 601 2928 illa
615 2894 667 2938 quse
681 2880 741 2925 velut
755 2892 825 2938 supra
846 2879 925 2929 dictis
