1992 3342
146 219 193 269 ton
328 229 391 269 rnre
405 230 431 279 r,
446 227 540 276 orror.
556 228 638 279 mn,
656 228 711 267 ιιι.
728 230 764 270 rr.

145 308 180 359 sic
188 310 249 359 emet
259 306 375 372 processio
385 308 414 357 ad
425 310 499 358 extra.
513 306 572 371 llrgo
588 305 649 371 quod
660 307 766 372 procedit
779 306 805 357 in
815 305 899 359 diuinis
908 315 942 369 per

146 380 239 429 modum
253 379 349 443 umoris,
362 378 499 444 proceditnt
514 380 630 447 petritum
640 384 781 430 etncreens.

177 454 201 500 r.
214 452 344 513 proterea,
359 450 417 501 sicut
431 450 556 502 similitudo
574 454 609 501 est
622 454 650 502 de
663 451 751 504 ratione
768 451 854 515 Verbi,
869 451 901 502 itu
916 451 942 497 esl

146 522 216 573 etlam
237 522 369 574 deuotione
387 524 486 586 amoris3
505 524 566 574 unde
582 523 664 574 dicitnr
689 525 783 575 Eccler.
807 526 877 590 XIII,
896 520 944 587 qnid

148 611 163 641 ι(
175 608 243 645 omne
258 595 345 645 animal
363 596 438 659 diligit
456 595 530 646 simile
548 595 599 646 sibi.
615 612 629 642 n
646 596 670 646 Si
683 595 753 659 igitur
770 597 864 648 ratione
878 593 944 647 sinili-

145 666 244 730 todinis,
260 668 335 717 Verbo
352 668 488 732 procedenti
498 666 607 718 conuenit
622 667 728 730 generari
738 671 762 718 et
774 670 855 735 nasci,
867 668 942 719 videtu

147 737 285 802 etiamqudd
294 739 366 789 emori
374 740 508 804 procedenti
517 739 625 791 conuenit
639 740 752 802 generari.

180 814 203 859 3.
225 812 353 875 Praeterea,
367 825 413 862 oon
425 811 494 861 estin
508 826 591 875 genere
607 813 667 876 qnod
681 826 728 862 non
737 812 806 863 estin
819 810 945 879 aliquaejn

146 882 232 946 specie.
250 882 276 935 Si
295 884 366 947 igitur
384 883 410 933 in
432 883 517 934 diuinis
538 885 568 935 sit
591 886 693 949 quedem
713 880 832 948 processio
855 884 946 941 amoris,

147 958 237 1019 oportet
253 956 315 1021 qudd
333 959 418 1022 preter
434 956 479 1006 hoc
496 970 582 1007 nomen
602 969 740 1021 commune,
759 956 848 1008 habeat
868 952 946 1020 aliquod

147 1040 232 1080 nomen
240 1030 348 1093 speciale.
359 1030 404 1080 Sed
412 1042 460 1080 non
468 1031 504 1079 est
517 1028 580 1079 aliud
589 1033 673 1079 nome‘n
683 1030 736 1079 dere
747 1028 792 1079 nisi
803 1027 946 1093 percernere:

148 1112 202 1163 ergo
219 1100 309 1152 ridetur
322 1100 384 1166 qnod
397 1101 512 1167 processio
524 1101 606 1151 amoris
619 1100 644 1150 iu
655 1100 739 1151 diuinis
751 1100 781 1151 sit
794 1101 926 1165 generatio.

179 1172 224 1223 Sed
238 1178 318 1225 contra
335 1177 382 1239 est,
395 1172 455 1238 qndd
469 1172 596 1225 secundiun
614 1174 659 1224 lnoc
677 1177 812 1237 sequeretm
831 1173 896 1239 qudd
910 1168 949 1234 Spi-

147 1243 205 1295 ritus
223 1250 315 1297 sanctus
332 1247 372 1311 qui
391 1245 493 1311 procedit
512 1249 538 1297 ut
555 1258 633 1309 emor,
651 1246 786 1309 procederet
803 1250 835 1297 ut
851 1246 946 1310 genium

147 1318 208 1380 qnod
222 1323 258 1369 est
270 1322 350 1369 contra
362 1318 419 1370 illud
432 1318 565 1369 Athanasii
578 1333 587 1367 .·
603 1317 727 1383 «Spiritus
743 1322 842 1369 sauctus
859 1320 875 1371 t
893 1321 949 1369 Patre
966 1330 967 1337 ι

147 1393 171 1440 el
183 1390 241 1441 Filio
249 1405 296 1442 non
305 1392 393 1455 tactus,
401 1404 447 1441 nec
459 1393 551 1442 creatus
557 1427 566 1454 ‚
577 1402 620 1440 uec
632 1388 784 1453 genitus,sed
793 1390 930 1453 procedens.
938 1402 948 1430 u

180 1462 332 1529 (Conclusio.
348 1490 379 1501 —
387 1464 444 1515 Clrm
454 1462 570 1529 processio
581 1460 664 1513 amoris
676 1473 723 1511 non
736 1461 766 1511 sit
779 1464 911 1514 secundum
921 1473 951 1510 rn-

147 1534 234 1587 tionem
247 1536 417 1601 similitudinis,
434 1548 463 1586 ea
480 1534 575 1586 mtnimd
589 1532 705 1599 generatio
718 1536 766 1597 est3
786 1538 811 1584 et
826 1537 892 1601 quod
908 1548 952 1599 pro

148 1607 211 1657 cedit
226 1607 251 1657 in
264 1620 306 1671 en,
323 1622 371 1660 non
384 1608 476 1672 genitus
486 1620 528 1659 seu
540 1606 626 1673 Filius,
639 1607 679 1659 sed
692 1606 791 1671 Spiritus
805 1614 853 1659 est.

181 1681 317 1744 Respondeo
332 1681 468 1746 dicendum,
480 1680 542 1746 qudd
552 1678 668 1746 processio
677 1678 761 1730 amoris
773 1678 799 1729 iu
811 1680 901 1733 dielnis
914 1694 954 1730 non

150 1751 218 1803 debet
233 1752 278 1802 dici
291 1754 417 1815 generatio.
434 1753 471 1804 nd
484 1752 552 1817 crpus
562 1750 702 1803 euidentiam
715 1750 837 1803 selendum
848 1758 884 1805 est
898 1752 953 1817 quir

149 1824 199 1875 hec
212 1829 247 1876 est
263 1824 393 1876 differentia
405 1826 466 1876 inter
479 1824 623 1875 intellectum
636 1827 660 1875 el
674 1822 818 1875 voluntatem
824 1863 834 1889 ,
847 1826 911 1891 qudd
925 1826 954 1873 in·

149 1896 253 1947 tellectns
263 1898 288 1947 tlt
300 1896 325 1947 in
338 1901 391 1949 notu
399 1910 441 1963 per
450 1898 495 1948 hoc
506 1896 567 1962 quod
577 1910 614 1947 res
623 1895 740 1947 intellecta
751 1894 821 1947 estin
836 1896 956 1949 intelleclv

149 1969 274 2020 secundum
283 1984 348 2021 suam
359 1969 531 2021 similitudinem
540 1987 547 2035 3
556 1969 662 2023 volontas
674 1968 820 2023 antemittit
831 1975 900 2035 netu,
913 1986 957 2021 nur.

149 2056 191 2106 per
203 2043 248 2093 hoc
259 2041 320 2107 quod
334 2042 410 2107 aliqua
426 2042 551 2093 simililudo
565 2041 631 2092 uoliti
646 2041 676 2092 sit
693 2041 718 2091 in
729 2041 863 2107 uoluntate,
873 2043 919 2095 sed
934 2056 960 2091 ex

150 2113 194 2164 hoc
206 2112 267 2179 quod
278 2115 385 2165 uoluntas
398 2114 468 2165 habet
480 2114 596 2179 quandem
608 2112 784 2163 inclinationem
797 2112 822 2163 in
836 2128 886 2165 rem
902 2116 960 2164 uoli-

150 2189 205 2236 tem.
218 2186 336 2237 Processio
346 2186 417 2249 igitur
428 2199 480 2250 qoae
490 2184 616 2235 attenditur
628 2183 753 2235 secundum
763 2184 877 2235 rationem
889 2186 967 2252 turcl-p

149 2254 237 2321 lectuls,
249 2262 285 2308 est
294 2258 420 2310 secondirm
433 2258 546 2309 radonem
557 2255 720 2319 similitudInis,
736 2259 760 2307 et
772 2256 797 2306 in
807 2260 903 2310 tentum
919 2254 967 2321 pri-l

149 2331 195 2379 test
202 2331 287 2381 habere
294 2331 406 2381 rationem
413 2328 577 2394 generationis,
583 2328 636 2393 quia
644 2342 716 2377 omre
723 2342 845 2392 penerons
850 2334 967 2393 penerud

149 2400 200 2450 eidi
218 2403 320 2467 slmile;
338 2403 454 2467 processio
470 2405 547 2453 auum
569 2414 618 2465 qnae
635 2399 762 2451 attenditur
775 2401 902 2453 secundum
923 2400 967 2469 rel

149 2471 236 2522 tionem
250 2475 389 2539 voluntatis,
400 2489 446 2526 non
459 2474 618 2525 consideratur
626 2470 753 2521 secundlrm
766 2474 877 2524 rationem
891 2474 967 2535 simil

149 2543 266 2608 litndinis‚
274 2548 315 2597 sed
324 2547 397 2610 magis
405 2546 531 2598 secumdum
540 2544 653 2597 rationem
662 2542 803 2608 impellentis
810 2549 833 2595 et
842 2549 967 2617 moventis

150 2616 175 2665 in
187 2614 274 2681 aliquid
288 2622 330 2671 :et
342 2619 395 2671 ideo
404 2620 466 2684 qnod
475 2615 580 2683 procedit
596 2615 622 2665 in
634 2614 718 2667 diuinis
732 2628 776 2679 per
788 2618 879 2668 modum
890 2630 959 2668 amr·

151 2783 306 2845 nnscriptum‚
320 2783 349 2831 io
360 2787 567 2837 similitudidem,
577 2792 603 2833 ut
615 2783 747 2843 expressius
758 2783 805 2831 dici
816 2784 887 2842 solet,
899 2786 962 2839 qul.

151 2848 256 2906 procedit
272 2845 363 2906 nempc'
374 2855 400 2895 nt
411 2852 442 2896 sit
458 2850 533 2896 slmile
547 2850 678 2905 iunctura,
691 2847 754 2905 quod
765 2861 810 2905 per
822 2852 967 2916 processuri

151 2910 385 3018 iotrtmils'todo'oem
400 2910 484 2975 (qnasi
497 2912 621 2959 terminum
635 2908 683 2973 rui)
698 2907 871 2975 signiticantins
881 2920 967 2965 ertpr:¹

153 2986 184 3017 ml
195 2986 230 3018 ur.
674 2999 679 3007 ¹
733 2988 734 2991 ¹
