1992 3342
117 206 165 253 lia
250 247 253 254 ‚
301 213 361 250 aras
377 213 401 260 1,
418 212 510 257 cuasa.
527 212 608 261 xxxin,
626 212 681 249 aar.
699 214 736 251 ru.

118 294 186 346 niens
200 307 207 341 ε
219 291 260 342 sed
273 289 297 338 in
307 290 374 339 Patre
388 292 479 352 oportet
495 302 546 339 esse
559 288 694 341 relationem
706 291 808 355 realem,
821 303 865 356 qua
877 303 919 341 re-

119 366 191 416 fertur
205 363 234 413 ad
251 361 333 411 Filium
344 364 369 409 et
383 359 494 423 Spiritum
507 365 613 411 sanetum
628 399 634 409 .
647 362 706 411 unde
722 362 847 413 secundum
859 364 921 413 drms

118 435 239 487 relationes
251 431 304 481 Filii
313 436 336 481 et
347 430 443 495 Spiritus
456 432 530 482 sancti
540 431 622 495 prium
632 432 762 485 referuntur
775 436 804 485 ad
817 437 921 498 Patrem,

119 510 209 571 oportet
221 502 319 567 intelligi
335 504 392 554 duae
404 503 527 558 remiiones
539 503 564 553 in
577 504 659 567 Patre,
671 505 754 569 quibus
767 507 878 557 referatur
890 508 923 557 ad

119 580 202 631 Filium
211 582 234 627 et
242 575 352 639 Spiritum
362 579 467 626 sanctum
478 575 628 639 :mda,cl1m
638 590 686 627 nou
695 576 725 627 sil
734 577 779 629 nisi
788 590 834 628 una
843 579 924 629 Patris

120 664 233 715 persona,
248 661 341 699 necesse
362 647 407 697 luit
421 661 524 700 morsum
538 646 661 710 significari
677 650 801 703 relationes
816 651 842 699 in
866 652 924 703 abs

119 726 206 785 tracto,
218 734 270 784 qum
280 719 387 770 dicuutur
399 720 570 783 proprietates
582 724 606 771 et
616 722 735 779 notiome.

151 796 185 846 ud
198 793 297 858 primum
315 806 370 855 erpo
383 792 521 855 dicendum,
533 791 594 856 qudd
606 791 660 843 ficit
675 794 703 843 de
723 793 854 847 notionibus
873 808 925 846 mon

120 867 160 916 liat
173 865 259 926 mentio
277 865 304 917 in
315 877 380 915 saera
392 862 521 927 Scriptura,
535 864 562 913 tlt
575 868 652 915 tamen
662 865 748 917 nuntio
761 868 788 917 de
800 868 926 931 personis,

119 939 146 989 in
153 938 237 1003 quibus
244 936 404 999 malignatur
415 935 521 985 nouenae
526 972 535 999 ‚
546 936 604 987 sicud
617 937 754 987 ahsmactum
762 938 788 990 in
803 943 926 991 concreto.

152 1012 187 1061 ad
198 1010 325 1062 secuudum
341 1007 463 1058 dicandum
470 1044 478 1070 ,
490 1006 551 1070 dudd
566 1008 672 1060 notiones
685 1008 841 1073 munificantur
852 1009 877 1059 in
892 1012 928 1061 di·

121 1082 195 1147 vinis,
205 1096 251 1133 non
268 1084 295 1131 ut
307 1094 358 1143 res,
369 1079 412 1132 sed
422 1081 449 1127 ut
463 1078 587 1131 relatioms
602 1082 718 1145 quedam,
730 1072 814 1143 quium
826 1092 929 1143 metros-

121 1159 203 1209 cuntur
213 1166 334 1218 personae3
347 1150 402 1202 licit
415 1151 471 1215 ipse
483 1151 589 1203 notiones
601 1153 639 1203 ael
652 1152 772 1203 relationes
781 1150 817 1217 (1)
830 1153 929 1205 realiter

119 1226 204 1277 sintin
227 1228 287 1289 lieo,
298 1229 324 1276 nt
334 1224 403 1289 snprl
417 1224 549 1275 dictumest
562 1226 613 1291 (pu.
625 1230 669 1289 28,
681 1228 723 1275 art.
736 1224 773 1289 l).
785 1226 815 1275 ut
830 1225 885 1277 ideo
901 1242 928 1277 ea

121 1312 172 1363 quae
182 1299 269 1349 halent
279 1297 382 1354 ordinem
391 1296 492 1360 aliquem
499 1296 528 1347 ad
538 1300 614 1347 actum
623 1296 720 1361 aliquem
728 1294 876 1349 essentialem
890 1299 929 1349 vel

121 1372 279 1435 personalem,
295 1384 342 1421 non
357 1374 454 1433 possunt
467 1368 514 1419 dici
527 1369 557 1419 de
572 1368 712 1432 modoaldus,
729 1369 784 1433 quia
797 1372 842 1421 lroc
854 1384 929 1435 repu-

124 1447 180 1506 gnat
194 1444 262 1495 modo
274 1441 418 1505 significandi
434 1440 536 1505 ipsarum
552 1456 557 1490 :
572 1441 632 1493 unde
649 1454 694 1491 non
709 1452 831 1505 possumus
849 1442 928 1495 dicere

124 1514 185 1579 qudd
200 1514 326 1579 paternitas
341 1517 435 1577 generet
449 1514 487 1562 vel
497 1517 574 1576 creet,
586 1526 658 1577 neque
672 1511 733 1576 quid
748 1512 929 1581 sitsapienarel

122 1586 254 1649 intelligens
261 1602 268 1648 3
276 1585 408 1635 essentialia
415 1584 470 1636 rard
477 1598 527 1649 qaae
536 1598 581 1635 nou
589 1580 672 1635 habeut
678 1584 781 1635 ordinem
789 1582 818 1635 ad
824 1585 928 1653 aliquem

125 1663 200 1709 actum
205 1694 215 1720 ‚
223 1658 264 1707 sed
273 1659 392 1707 removent
402 1656 545 1707 conditiones
552 1662 661 1709 creaturae
670 1654 738 1707 tileo
744 1694 753 1721 ,
762 1662 861 1720 possum
869 1673 929 1723 prae·

125 1728 196 1780 dicari
209 1729 237 1779 de
252 1727 383 1778 nodonibus
396 1744 402 1776 :
415 1742 537 1792 possumru
550 1728 612 1779 enim
629 1726 705 1779 dicere
723 1726 785 1791 qudd
800 1731 929 1793 paternitas

124 1804 160 1850 est
173 1804 257 1851 aleam
266 1801 303 1850 rel
315 1800 441 1863 immensa,
453 1802 491 1851 rel
505 1802 662 1863 quodcumque
672 1800 813 1863 hujusmodi.
824 1801 854 1850 Et
865 1802 930 1853 sinai·

125 1872 177 1923 liler
191 1877 284 1937 propter
296 1872 443 1922 identitatem
454 1872 489 1921 rei
502 1876 597 1935 possunt
608 1872 750 1922 substantiva
760 1873 894 1935 personalia
907 1878 930 1923 et

126 1945 258 1997 essentialia
278 1944 396 2009 predicari
412 1946 441 1994 de
459 1944 590 2007 oddonibus
610 1958 750 2008 :pomanus
769 1944 834 1994 enim
853 1946 930 1998 dirrare

126 2017 187 2083 qudd
202 2037 215 2068 u
228 2017 353 2082 paternitas
363 2022 400 2068 cst
413 2018 488 2081 iteum
504 2022 528 2068 et
541 2018 616 2069 licitas
628 2020 664 2067 est
676 2018 778 2067 Pater.»

157 2091 192 2142 ld
206 2091 301 2143 tertium
312 2088 447 2153 dicendum,
460 2089 522 2153 qudd
539 2089 592 2141 licat
608 2102 711 2154 persona
730 2090 777 2141 sint
794 2090 929 2157 simplices,

126 2164 205 2214 umen
217 2164 302 2227 absque
312 2160 446 2227 prejudicio
455 2160 608 2225 simplicitatis
615 2164 711 2226 possunt
719 2166 818 2227 propriae
830 2164 930 2216 radonea

128 2246 276 2298 maenarum
288 2234 316 2285 ln
326 2234 440 2284 maneto
452 2233 576 2297 significari
582 2270 591 2298 ,
605 2238 631 2284 ut
645 2233 732 2285 dictum
742 2238 786 2285 est.

420 2347 580 2439 anniculus
596 2388 636 2437 lll.

341 2493 427 2549 Utrr'cm
436 2505 486 2575 sirei
495 2504 598 2563 parioque
608 2505 721 2549 rectiones.

160 2626 194 2675 lld
205 2624 298 2674 tertium
309 2622 343 2674 sic
350 2622 482 2687 proceditur
491 2598 536 2689 (a).
548 2623 642 2673 Videtur
650 2622 711 2687 quiid
719 2636 765 2675 noa
774 2622 821 2673 sint
831 2624 932 2689 quinque

129 2697 244 2748 notiones
256 2695 360 2760 Proprie
372 2697 435 2746 enim
447 2695 554 2747 notiones
567 2709 714 2760 personarum
728 2698 781 2746 sunl
798 2696 931 2760 relationes,
984 2698 985 2723 ¹

164 2813 198 2879 (l)
212 2818 234 2862 A
244 2816 326 2873 majori
337 2822 403 2872 porte
416 2816 600 2869 denominando;
614 2828 667 2861 euru
678 2812 763 2873 elioqui
775 2816 885 2863 nodonea
899 2818 932 2863 di·
984 2842 985 2863 r

130 2887 213 2926 cantru
226 2880 328 2935 quinque
339 2911 346 2937 ,
358 2880 483 2938 relationes
497 2886 576 2927 autem
591 2885 689 2936 quatuor
701 2878 797 2925 tantum.

165 2949 196 3013 (2)
205 2954 238 2997 De
247 2952 284 2996 iris
294 2950 365 2996 elium
373 2952 394 3011 1,
403 2951 482 3001 Serri..
493 2952 548 2997 dist.
558 2950 597 3013 26,
610 2964 650 3009 qu.
661 2950 686 3011 ἢ,
697 2958 740 2997 art.
751 2950 777 3007 33
788 2956 813 2997 ct
822 2952 879 2999 dist.
892 2952 930 3013 ll,
