1992 3342
183 229 228 274 358
374 237 435 273 nens
451 239 475 286 r,
492 237 583 282 oum.
601 237 659 287 xxc,
677 237 731 274 err.
750 239 783 276 ιν.

212 316 236 360 ss.
248 311 376 374 Preteoee,
390 313 513 374 Apostotus
525 313 554 362 ad
568 313 636 361 nom.
649 311 699 376 XV,
710 311 870 364 conversionem
879 309 939 359 Juoeo

179 395 232 430 rum
246 380 348 430 attribuit
362 381 458 443 justitie
475 386 502 432 et
516 382 621 445 veritati,
640 382 811 434 conversionem
825 383 890 432 enen
903 379 941 452 ten

181 451 238 500 tium
252 450 413 502 misericordiae
424 468 430 501 ;
442 466 497 516 ergo
511 452 592 503 nonin
605 453 706 516 quolibet
715 467 784 518 opere
795 453 834 502 Dei
845 454 875 501 cst
882 445 943 512 insito

181 525 205 570 et
217 521 381 572 misericordia.

213 596 235 640 3.
251 593 382 655 Praeoereu,
400 594 468 643 motti
480 593 538 656 justi
557 596 582 644 iu
605 597 649 644 hoc
669 595 756 643 mundo
774 588 941 664 attinentuniot

180 665 257 712 autern
272 665 308 712 est
324 663 434 726 injustum
448 681 454 713 :
467 679 515 715 non
527 678 582 729 ergo
592 666 617 716 in
630 664 693 716 omni
706 678 776 728 opere
792 665 829 714 Dei
841 665 872 712 cst
883 661 941 724 jusoto

180 735 203 782 et
218 731 383 784 misericordia.
650 733 654 742 '
926 794 929 802 ,

213 805 236 851 t.
251 803 381 866 fictores,
398 804 495 867 justitiae
513 810 548 855 est
567 807 661 856 reddere
682 805 797 868 debitum,
816 796 942 872 misericorde

180 877 257 923 autem
270 874 389 924 subterere
404 875 535 939 miscriom3
550 880 574 926 ct
592 877 625 926 sic
641 880 688 926 tem
704 876 793 939 iustitia
807 873 869 938 quen
884 869 943 946 miii

181 944 259 994 cordia
276 943 361 1008 aliquid
378 946 533 1010 presupponit
553 948 578 997 in
599 961 640 998 suo
661 961 741 1011 opere.
764 947 806 997 scd
822 942 895 994 creatio
906 936 943 987 nid

182 1015 354 1078 praesupponit:
370 1029 424 1079 crgo
431 1017 456 1066 in
466 1017 582 1068 creatione
590 1031 665 1082 neque
678 1015 832 1068 misericordie
841 1017 883 1074 est,
894 1016 943 1070 neue

185 1084 283 1148 justitie.
932 1145 934 1152 Ι

216 1156 262 1206 Sed
279 1161 358 1207 contra
371 1161 421 1220 est,
433 1159 494 1221 qnod
505 1158 587 1208 dicitur
597 1159 623 1208 in
633 1158 702 1207 Prot.
714 1158 801 1208 xxii:
815 1171 831 1202 u
840 1155 910 1204 Omnes
920 1160 944 1193 di

186 1226 276 1276 Domini
286 1227 439 1278 misericordie
451 1233 475 1278 ct
487 1229 610 1280 ueritas.»
901 1289 923 1298 Η

216 1298 380 1361 (Coucnusro.
392 1324 423 1334 —
436 1298 492 1349 com
506 1299 532 1348 in
551 1299 642 1350 cunctis
659 1298 701 1348 Dei
714 1297 821 1362 operibns
830 1291 925 1370 qnodbsbl
934 1289 947 1332 o

184 1371 294 1418 creature
304 1369 400 1419 debetur
415 1370 478 1420 nullo
491 1383 584 1432 prorsus
594 1368 748 1420 modoetien
763 1363 894 1431 pmoermiiil
903 1368 948 1421 opu·

184 1442 247 1499 teat,
263 1443 286 1489 ct
299 1439 399 1490 debitum
412 1453 481 1490 omne
490 1439 515 1488 in
527 1439 613 1504 aliquid
626 1453 656 1490 cn
674 1438 752 1489 divine
765 1437 862 1488 bonitate
872 1431 948 1500 cedato

185 1510 321 1572 reducatur,
335 1522 427 1560 necesse
444 1514 480 1561 cst
492 1509 518 1559 in
531 1509 612 1574 quovis
624 1509 685 1560 iilius
697 1521 767 1572 opere
778 1505 882 1572 justitian
892 1504 911 1551 et
922 1508 949 1546 nr·

185 1578 330 1630 sericordiam
343 1579 467 1644 inueniri.)
921 1639 924 1648 ¹

217 1651 351 1713 Respondet)
371 1652 509 1714 dcendum,
527 1651 588 1715 quod
604 1664 696 1702 neceaee
714 1654 749 1700 est
766 1649 862 1714 quddin
879 1640 950 1717 outiii

185 1732 253 1782 onere
267 1720 308 1769 Dei
322 1719 476 1772 misericordia
487 1726 512 1772 et
528 1721 614 1772 ueritas
624 1721 771 1772 inveniantur
782 1736 789 1782 ;
801 1719 897 1769 sitencn
906 1723 937 1761 ms

185 1788 281 1838 ricordia
289 1803 331 1853 pro
341 1790 467 1842 remotione
476 1792 632 1855 cujuscunque
643 1790 746 1841 detectos
754 1789 887 1852 accipietur3
898 1789 946 1858 quan

184 1858 220 1908 vis
233 1873 279 1910 non
292 1859 366 1911 omnis
379 1861 482 1912 deiectus
492 1861 585 1926 proprii
601 1861 672 1926 possit
683 1859 728 1910 dici
739 1859 846 1922 miseria,
859 1851 939 1907 scistill

185 1929 288 1980 deiectus
299 1930 416 1980 mionelis
429 1935 517 1982 nature
531 1945 599 1995 quam
612 1930 724 1993 contingit
742 1943 792 1980 esse
808 1929 904 1987 felicem,

186 1999 279 2051 miseria
290 2001 394 2051 felicitati
408 2002 531 2065 opponitur
541 2001 588 2068 (1).
600 2001 673 2066 liujus
686 2005 764 2051 autern
776 1996 907 2050 necessitatis
917 1993 950 2060 fii}

187 2075 234 2134 est,
254 2070 308 2135 quia
322 2071 375 2120 cdm
393 2072 495 2122 debiturn
514 2074 574 2136 quod
592 2085 622 2121 ex
639 2071 717 2120 divina
729 2065 946 2134 justitiaeredditorr’v

46 2199 50 2206 ¹
104 2165 108 2172 ·
188 2144 226 2192 uel
238 2142 413 2206 denitumnco,
425 2143 464 2192 vel
473 2143 576 2193 debitum
588 2142 657 2192 elicui
666 2144 786 2204 creature,
797 2144 895 2190 neutrum
905 2136 945 2198 poi*

188 2213 213 2262 in
229 2213 304 2277 aliuco
315 2226 384 2276 opere
396 2212 438 2264 Dei
451 2213 604 2277 pretermitti.
621 2215 672 2263 Non
687 2213 750 2278 enim
763 2215 839 2275 potest
854 2210 917 2260 iacere
926 2212 946 2280 o

189 2283 243 2345 quid
264 2285 338 2348 Deos,
359 2283 420 2350 quod
438 2298 485 2335 non
508 2285 537 2335 sit
553 2284 693 2334 conueniens
712 2283 832 2348 sapientie
853 2285 875 2332 et
887 2279 948 2328 bondo

223 2425 255 2486 (i)
272 2431 337 2475 Unde
356 2431 417 2475 iliius
438 2431 526 2476 tanturn
544 2443 595 2476 esse
620 2433 709 2486 potest,
733 2431 801 2484 cujus
826 2433 861 2474 est
879 2423 949 2470 tettuo

190 2490 332 2536 Feiicitetern
349 2493 418 2549 porro
435 2495 506 2537 sotius
519 2498 630 2538 creature
642 2491 762 2536 rationeiis
776 2499 828 2536 esse
838 2481 946 2536 Philosoph

190 2552 300 2610 ostendit,
316 2555 384 2603 eo„
402 2557 428 2610 1,
446 2557 506 2610 quie·
519 2555 608 2599 soiticct
622 2554 722 2599 teiicitns
740 2552 901 2597 divinissimum
918 2553 948 2598 d¹¹¹

190 2614 244 2657 dem
261 2622 297 2660 cet
317 2621 341 2660 ct
362 2616 472 2672 optimum
493 2621 517 2660 et
535 2617 560 2660 iu
580 2617 670 2664 virtutis
690 2615 826 2671 oneratione
851 2610 949 2674 consisto

190 2676 256 2719 Unde
267 2689 311 2720 nec
321 2678 389 2722 bruta
400 2689 443 2721 nec
457 2679 523 2734 pueri
533 2675 641 2724 ieiioitate
655 2676 793 2734 participare
808 2679 913 2733 poscunt.
925 2681 946 2711 ⁵¹¹

191 2749 235 2782 nec
248 2739 384 2793 operatione
394 2740 498 2798 virtutis3
515 2746 541 2784 ut
556 2751 608 2796 cap.
629 2739 673 2797 io,
689 2739 830 2795 acceiae,
850 2737 920 2783 uidere
934 2742 945 2798 ξ’

192 2799 229 2844 uei
243 2812 295 2856 cep.
310 2799 348 2858 tt,
361 2801 385 2844 in
398 2802 509 2858 antiquis,
519 2807 543 2848 et
557 2803 617 2858 opud
632 2804 655 2848 S.
668 2801 794 2858 Tironem,
806 2801 863 2845 lect.
875 2796 910 2843 tt.
922 2797 940 2836 St

192 2859 269 2916 licque
282 2862 354 2907 hebet
365 2863 408 2907 tib.
421 2865 440 2909 1.
452 2864 617 2910 liudemiorurn
629 2875 670 2910 seu
683 2863 803 2909 moralium
815 2863 844 2908 ed
858 2860 943 2908 nudeno

193 2921 340 2982 directorum,
355 2935 408 2980 cen.
419 2924 443 2968 ⁷.
