1992 3342
227 229 259 267 nn
276 227 358 266 sunnin
373 227 541 267 nrsrrncrtonn
556 228 581 267 nt
597 204 712 268 srscnnus.
825 223 871 269 ott

67 309 139 358 nonte
152 319 219 370 aere,
229 305 268 370 qui
280 304 404 357 serundim
414 309 519 357 naturam
528 320 592 356 suum
606 309 641 358 est
650 307 785 370 diuphaous.
800 307 865 358 Simi·

68 379 119 430 liter
127 379 151 429 in
160 379 275 429 infinitum
282 383 357 443 potest
366 378 416 428 iiori
425 378 510 429 additio
520 379 545 428 in
553 379 714 444 prorutis,per
723 393 774 443 quae
782 393 872 444 semper

67 450 143 512 magis
155 463 183 500 so
197 449 269 514 magis
287 449 396 502 minuitur
413 449 521 500 habilitas
541 451 625 502 unimae
638 451 667 501 ad
680 451 777 515 gratiam
796 468 803 505 ;
818 465 871 516 quo

66 522 161 587 quidum
177 526 270 587 proruta
284 525 338 572 sunt
351 521 416 586 quasi
433 523 550 572 obstacula
561 522 695 586 interposita
713 523 774 573 inter
793 538 834 574 nos
849 527 873 574 et

66 596 154 654 Deum,
170 593 297 643 ssonndim
313 594 370 644 illud
383 595 455 651 troi„
473 595 524 644 Llii
539 610 546 643 :
562 611 576 642 u
590 596 685 645 Porotta
698 599 774 646 nostru
788 595 873 646 unno-

66 669 123 716 ruut
144 666 204 716 intur
219 678 261 716 nos
277 663 300 716 e't
313 667 398 728 Deum3
411 682 425 712 o
438 678 513 730 noque
529 670 607 716 umen
619 665 706 717 tottitur
721 667 822 718 totutiter
839 667 868 718 ab

67 738 146 790 anima
158 737 266 802 prndiotn
284 737 402 801 habilitas,
415 738 469 802 quia
481 738 627 802 consequitur
639 743 743 789 naturum
756 739 837 804 ipsius.

99 812 135 862 Ad
152 811 253 877 primum
271 825 326 874 ergo
342 811 477 874 dicendum,
491 811 551 876 quod
571 812 657 862 bonum
672 812 733 876 quod
749 813 873 877 opponitur

67 883 143 946 moto,
153 883 256 934 totaliter
273 883 373 947 tollitur;
387 885 427 934 sed
438 883 483 934 ulio
495 885 556 934 bona
568 896 615 934 non
628 884 731 934 totaliter
749 886 868 950 roduntur,

68 959 94 1005 ut
107 954 246 1006 dictumest.

101 1030 135 1080 nd
149 1029 275 1086 seeundum
289 1029 423 1094 dicendum,
438 987 498 1093 qnod
514 1028 619 1079 habilitas
630 1028 738 1093 praediutn
748 1033 784 1080 est
797 1030 873 1081 modia
961 1032 963 1036 ’

65 1101 299 1165 interaneorum
308 1105 398 1152 uotum
409 1101 469 1152 unde
479 1114 547 1151 exoa
556 1105 674 1165 partequa
683 1101 869 1166 uttnngntuctnm

68 1173 204 1225 diminuitur
216 1187 257 1237 per
268 1173 367 1236 mulum3
380 1174 420 1224 sud
433 1187 462 1224 ex
473 1187 500 1224 oa
510 1177 575 1237 parte
588 1187 633 1237 qna
643 1177 708 1224 trust
717 1187 742 1224 se
752 1188 805 1225 oum
815 1177 871 1225 sutt-

67 1245 147 1309 jecw,
156 1246 333 1307 romanettirgo
341 1244 395 1295 liott
402 1245 486 1296 bonum
496 1245 521 1294 in
531 1259 555 1295 se
566 1244 596 1296 sit
603 1244 771 1305 simite‚tomen
778 1251 873 1311 proptor

69 1316 263 1380 comparationem
271 1315 353 1380 ejusnd
361 1316 451 1367 diuersa
459 1318 612 1367 nontotaiiter
621 1317 873 1382 totlitur‚sodinpurts.

102 1388 137 1438 Ad
150 1388 242 1438 tertium
258 1387 393 1451 uiuendum,
413 1389 474 1452 putu
495 1389 587 1452 quidum
611 1387 762 1451 imaginantes
778 1389 875 1440 diminu-

70 1461 158 1512 tionem
164 1459 221 1510 boni
229 1459 331 1524 ptaedinti
341 1461 370 1510 ud
381 1459 552 1511 similitudinum
564 1459 721 1510 diminutionis
731 1461 873 1524 quantitatis,

69 1533 178 1583 dixerunt
193 1530 252 1594 quid
266 1531 327 1582 siout
341 1531 474 1582 continuum
485 1531 594 1582 dividitur
602 1531 628 1580 in
638 1531 754 1581 infinitum
765 1531 800 1597 (t)
812 1533 875 1584 farti

7 1601 8 1620 ³
69 1603 184 1655 divisione
197 1603 321 1656 secuntum
330 1604 432 1655 eamdem
444 1602 614 1668 proportionem
627 1603 667 1669 (ut
675 1603 731 1667 putt
741 1603 803 1668 qutd
814 1603 874 1654 noni-

70 1677 148 1742 piutnr
156 1675 256 1726 modium
265 1675 342 1740 medii,
353 1676 389 1726 vel
397 1675 489 1726 tortium
497 1674 590 1739 tertii),
602 1675 636 1726 sio
648 1676 674 1724 tn
683 1675 799 1740 proposito
811 1676 871 1726 usui·

69 1747 113 1800 dit.
126 1749 174 1798 Sed
184 1749 235 1798 hoo
249 1747 306 1798 rutio
320 1747 359 1798 hio
369 1748 444 1798 locum
458 1749 599 1810 nonhabet,
613 1747 666 1811 qnia
675 1748 701 1798 in
711 1747 832 1810 divisione,
843 1747 869 1798 in

70 1834 116 1884 qna
125 1823 229 1870 seruntur
236 1820 315 1870 erdem
321 1818 446 1883 proportio,
455 1833 547 1882 semper
552 1819 691 1870 subtrahitur
700 1819 786 1882 minns3
797 1820 874 1871 miuus

71 1891 137 1942 onium
154 1896 189 1943 est
201 1891 301 1942 medinm
315 1891 384 1942 medii
396 1889 465 1954 quim
478 1890 579 1940 medium
591 1891 662 1941 totins
676 1907 681 1940 :
694 1893 735 1942 sed
745 1891 871 1942 secundum

72 1967 193 2028 pennatum
202 1977 249 2014 non
259 1963 286 2014 de
297 1963 433 2014 nenessitate
446 1962 521 2012 minius
532 1963 638 2013 diminuit
647 1963 801 2014 durabilitate
812 1978 872 2027 pnae·

72 2035 135 2086 dintd
147 2036 215 2100 quim
227 2036 370 2099 procedens,
382 2037 423 2084 sed
434 2034 492 2084 torti
503 2038 542 2084 aut
555 2035 673 2098 aequaitor
687 2039 726 2085 aut
737 2035 818 2097 magis,
833 2034 872 2085 tti-

71 2109 170 2159 oendum
186 2111 220 2158 est
238 2120 291 2170 ergo
302 2105 362 2171 quid
374 2105 429 2156 tictt
440 2105 484 2156 ista
498 2106 604 2156 habilitas
610 2107 640 2156 sit
647 2106 760 2170 quondum
770 2105 870 2170 finitum,

71 2178 206 2232 diminuitur
215 2179 309 2230 tamum
302 2193 328 2229 ιιι
339 2178 467 2236 infinitum,
479 2191 527 2228 non
538 2191 580 2241 per
592 2191 632 2240 se,
644 2178 684 2227 sed
694 2190 736 2241 per
748 2177 870 2242 ncuidons3

71 2251 199 2304 semodium
214 2251 274 2316 quod
286 2249 404 2302 oontrmim
415 2249 592 2314 dispositiones
585 2265 611 2300 m
623 2249 738 2300 infinitum
749 2254 874 2351 suguntur,

73 2327 101 2374 ut
114 2323 201 2374 dictum
213 2326 255 2374 est
304 2351 307 2360 ·

108 2441 145 2508 (t)
160 2445 191 2490 Ut
206 2456 234 2489 ex
247 2444 290 2490 lib.
303 2445 336 2490 III
352 2444 528 2500 physicorum*
537 2443 616 2488 statim
631 2441 675 2488 ud'
670 2441 736 2486 initio
750 2442 872 2500 colligitur;

73 2508 114 2552 ubi
126 2508 210 2552 dicitur
220 2506 334 2551 infinitum
348 2507 420 2564 prinnd
432 2507 455 2551 in
468 2506 578 2552 continuo
593 2517 729 2562 upppnrero‚
743 2517 770 2549 uo
782 2510 875 2562 propte·

7 2607 8 2614 ,
74 2583 115 2616 ron
126 2569 263 2616 definientes
277 2570 411 2614 continuum
424 2567 484 2626 saepd
496 2569 588 2613 nomine
601 2581 627 2613 su
640 2568 730 2612 rationo
742 2567 823 2612 induiti
836 2579 873 2612 so-

74 2635 122 2742 idtrire
135 2634 188 2742 iffi,
203 2632 254 2677 risun
276 2633 408 2678 continuum
430 2631 452 2676 in
467 2631 582 2676 infinitum
601 2631 670 2676 dividi
685 2631 773 2689 possit,
790 2630 827 2675 uel
848 2631 878 2675 sit

100 2709 142 2744 urst
160 2709 200 2741 re.
