1992 3342
229 226 261 261 oa
273 226 410 265 nwuuaauu
424 227 582 267 msenaanu
598 230 749 267 occursione.
844 222 888 269 tub

83 302 139 353 talis
153 302 254 365 locutio,
269 304 309 353 sed
319 302 357 368 pie
367 305 519 369 exponenda,
529 306 601 357 sicubi
610 306 739 357 inveniatur
755 305 779 357 iu
792 309 888 358 authen-

86 373 134 424 tica
148 373 271 438 scripturn.

117 446 154 497 dd
164 446 264 509 prinum
276 460 332 510 ergo
345 447 480 513 dicendum,
491 449 552 514 qubd
563 449 616 499 cbm
626 450 681 501 dicit
693 450 801 503 Dominus
813 468 818 500 ι
833 454 889 503 «Te

84 518 162 569 solnm
171 520 244 568 lleum
257 533 349 583 rernm,
362 538 376 566 u
392 534 439 570 nnn
451 521 625 584 iutelligiturde
636 536 733 586 persona
745 524 832 587 Patris,
848 526 887 575 sed

84 589 115 639 de
132 594 180 639 tota
194 590 319 662 Trinitatep
330 595 355 641 ut
369 594 510 657 Augustinus
528 594 621 657 exponit
635 594 686 659 (lib.
703 595 731 643 Vl
752 594 784 643 de
805 596 886 652 Trio,

84 674 140 725 cap.
152 661 195 726 9);
204 664 253 726 uel,
264 663 285 712 si
293 664 432 729 intelligatur
441 666 468 715 de
477 677 576 729 persona
586 665 672 729 Patris,
682 679 729 715 non
738 664 889 719 exeluduntur

5 791 7 804 y
83 731 134 784 aliae
150 747 272 798 personae,
292 741 385 801 propter
401 738 505 788 essentie
526 736 654 800 unitatem,
671 741 738 803 prout
757 752 802 788 vox
818 738 889 789 solun

82 805 189 855 excludit
206 806 296 878 tantun]
313 800 437 867 nliud‚''ut
450 809 536 860 dietum
551 812 594 858 est.

114 878 144 927 ut
156 878 265 928 similiter
279 879 399 930 dicendum
415 884 450 931 est
465 882 494 931 ad
509 878 711 933 secunderinum
726 881 787 931 enirn
802 880 888 947 aliquid

5 971 6 974 ¹
82 950 209 1002 essentiale
224 950 306 1001 dicitur
317 953 345 1003 de
359 954 439 1017 Patre,
449 966 495 1006 uon
508 952 635 1003 excluditur
647 952 726 1015 Filius,
740 954 777 1003 vel
789 953 888 1018 Spiritus

82 1027 192 1084 sanctus,
209 1027 303 1087 propter
313 1024 419 1075 essentiae
433 1025 553 1075 unitatem.
569 1026 632 1075 Unde
648 1024 766 1075 sciendum
779 1030 813 1075 est
827 1026 888 1091 qurbd

5 1143 6 1150 ,
82 1093 110 1143 in
119 1095 259 1145 authoritate
272 1094 396 1160 predicta,
407 1097 458 1147 bac
468 1097 551 1160 dictio,
559 1112 644 1151 neoto,
655 1109 701 1145 non
711 1096 772 1145 idem
782 1100 817 1146 est
827 1098 888 1161 quod

5 1151 6 1218 f
83 1165 173 1215 nullus
186 1167 275 1231 domo,
288 1169 349 1231 quud
357 1168 448 1219 uidetur
459 1168 587 1232 significare
599 1168 737 1219 uocabulum
754 1167 810 1229 (non
826 1168 888 1219 enim

5 1233 6 1242 ’
84 1243 162 1301 posset
180 1240 260 1304 excipi
275 1254 372 1304 persona
389 1240 488 1304 Patrisb3
506 1242 545 1291 sed
562 1240 657 1291 sumitur
678 1238 804 1289 secundum
821 1254 887 1291 nsunt

83 1311 206 1375 loquendi,
222 1312 365 1361 distributive
378 1326 420 1377 pro
434 1326 574 1377 quacumque
587 1312 693 1363 rationali
707 1315 796 1361 natura.

116 1385 151 1433 dd
161 1383 258 1433 tertium
267 1382 400 1447 dicendum,
410 1384 471 1448 quod
482 1384 551 1435 dictio
560 1384 674 1435 exclusiva
685 1399 731 1434 uon
743 1384 842 1434 excludit
853 1384 892 1435 illa

85 1468 135 1519 que
148 1460 204 1507 sunt
217 1456 242 1505 in
252 1457 370 1508 intellectu
379 1457 471 1507 termini
484 1456 521 1507 cui
534 1457 673 1521 adjungitur,
688 1456 708 1507 si
721 1468 767 1505 non
781 1455 890 1507 dillerunt

86 1528 213 1578 secundum
222 1528 382 1593 suppositum,
391 1533 417 1579 nt
426 1533 511 1591 panset
525 1528 664 1579 uniuersale.
676 1528 721 1579 Sed
735 1526 806 1577 Filius
815 1526 893 1577 differt

84 1599 202 1665 supposito
214 1600 228 1661 a
242 1602 319 1664 Patre,
332 1604 356 1651 et
366 1600 418 1650 ideo
431 1615 478 1651 nou
489 1603 524 1649 est
533 1600 613 1651 sinrilis
622 1600 688 1650 ratio.

5 1675 6 1678 ’
85 1669 88 1678 “
115 1671 150 1722 dd
161 1676 269 1736 quartum
278 1672 408 1735 dicendum,
416 1672 477 1737 qubd
486 1686 533 1723 non
543 1672 638 1723 dicimus
647 1672 750 1723 absolute
760 1670 822 1735 quod
830 1672 891 1723 solus

5 1729 6 1780 l
83 1742 154 1816 lilius
166 1746 199 1795 sit
209 1744 348 1808 altissimus,
362 1746 400 1795 sed
416 1744 476 1809 qnbd
487 1746 549 1795 solus
562 1744 592 1797 sit
603 1745 727 1797 altissimus
737 1758 790 1796 oum
805 1743 890 1809 Spiritu

85 1820 165 1883 ¹scruto
177 1816 204 1869 in
219 1814 291 1883 gloria
305 1817 346 1871 liei
359 1817 442 1869 Putris.

349 2126 495 2198 ounsno
516 2126 631 2221 nurui.

90 2286 124 2340 oa
136 2286 287 2333 clinicorum
294 2294 459 2342 penaucrum
470 2281 608 2338 contuitione
620 2280 649 2325 iu
660 2280 766 2337 podoni·
774 2278 894 2323 articulos

447 2353 538 2398 dicke.

45 2496 49 2502 ’
120 2494 293 2557 consequenter
302 2464 463 2553 inquirendum
474 2490 510 2537 est
520 2486 548 2536 de
560 2484 689 2548 cognitione
701 2483 828 2533 divinarum
842 2495 892 2546 per·

90 2577 221 2688 witariinrca
241 2639 285 2687 boc
302 2636 435 2699 queruntur
447 2634 544 2697 qnamnr
562 2646 568 2679 ε
585 2633 611 2680 10
625 2624 705 2677 Utrum
722 2624 893 2691 perustionem

5 2711 7 2722 '
91 2711 217 2762 muralem
229 2708 318 2773 possint
330 2704 436 2771 cognosci
447 2704 529 2754 divinoe
544 2714 655 2767 persone.
668 2704 694 2763 2·
705 2698 784 2749 Utrirn
798 2696 843 2747 sint
853 2695 894 2745 ali·

90 2797 138 2846 pue
151 2781 260 2832 notiones
274 2778 359 2829 diruis
371 2775 475 2843 persenis
488 2772 647 2825 attribuendae.
659 2776 685 2819 3⁰
699 2772 730 2820 be
744 2781 838 2819 nurnero
852 2781 894 2818 ue-

90 2854 184 2914 tionum
203 2857 230 2903 t⁰
240 2850 323 2908 Utrbrn
336 2850 404 2904 liceat
417 2844 570 2903 diversimode
583 2844 642 2899 circa
653 2842 758 2895 notiones
770 2839 868 2907 opinari.
