1992 3342
138 253 185 303 iu
334 259 395 302 rans
411 261 433 314 r,
450 259 542 307 cnm.
559 258 615 311 mv,
632 260 687 300 aar.
704 261 742 300 ns.

138 341 208 394 ittet
217 337 353 392 miron
361 338 398 391 rel
411 337 558 408 simplicitur,
573 338 612 389 sel
626 336 751 389 semndim
761 337 818 403 qnid
834 353 842 388 t
856 339 945 406 simpli-

137 412 195 464 citer
210 413 315 478 quidem,
327 410 387 462 sient
404 409 560 476 dolellipeoe,
576 409 643 475 cnjus
658 409 777 474 objectum
791 413 829 462 esi
841 425 943 478 rernm,

137 487 163 536 el
174 484 250 545 nelle,
265 483 331 550 ccjns
347 484 463 548 objectum
478 487 514 536 stt
525 483 625 547 bononi,
636 494 732 548 quornm
747 485 875 549 mmmm
889 498 940 535 con-
984 504 985 523 1

138 556 235 608 nerdtnr
307 559 374 620 ente;
388 558 414 606 et
424 555 457 606 ita
471 553 616 620 intellipere
624 559 649 605 et
664 553 736 615 nelle,
745 558 862 619 mnium
873 557 943 608 eside

138 627 348 689 se‚telsentsend
365 626 455 690 omnin,
473 629 497 677 et
514 625 943 691 ntrnmpnerecipitspeciematols

136 698 208 764 J'ecto.
223 698 353 751 &nnnddm
366 699 422 763 qnid
440 701 517 752 antem
534 697 649 750 mirimm
664 701 701 749 est
716 699 828 756 mire,
845 699 910 764 qnod
921 714 944 751 se

138 771 209 822 intel
220 772 249 822 nd
260 771 336 822 omnia
346 771 476 834 sensibilia,
488 770 550 822 sient
557 768 621 820 rism
633 769 749 820 adomnia
761 769 876 822 mentm
887 773 944 822 lire

139 846 216 894 ratem
230 841 352 906 cnjnsliltet
366 843 474 894 emtore
491 842 529 893 est
543 840 718 892 determinatam
731 841 760 892 ad
775 855 853 892 nnnm
865 856 945 894 mnn-

139 911 193 964 ddm
210 927 283 978 genus
295 917 319 966 et
332 913 441 980 speciem.
456 913 531 964 Solios
542 916 621 964 eumne
633 913 675 964 liei
688 926 741 964 erne
757 916 795 964 est
808 913 944 980 simpliciter
984 968 985 971 ,

139 984 270 1050 inlinitum,
285 987 310 1037 in
320 999 345 1038 se
354 983 431 1038 omnia
440 986 649 1052 comprehendens,
664 988 691 1038 nt
703 985 760 1036 dicit
768 985 906 1053 llionpdns,
917 988 942 1051 l,

139 1071 191 1124 nep.
204 1059 242 1110 De
258 1059 312 1110 div.
327 1059 429 1110 Nomio.
442 1059 507 1110 Unde
520 1057 593 1112 solnm
609 1073 661 1110 esce
673 1057 776 1110 divinum
788 1063 828 1112 est
836 1059 943 1124 {dirmnn

141 1129 284 1198 inleliipere
295 1134 320 1183 ei
327 1130 430 1182 ditinum
441 1129 512 1182 veile.

172 1203 206 1254 td
216 1203 314 1269 primum
324 1215 379 1266 ergo
391 1201 528 1265 dicendum,
538 1199 599 1266 qnod
607 1202 690 1252 nivem
700 1201 838 1268 minioque
848 1204 943 1256 monitor

139 1287 181 1342 pro
198 1275 250 1342 ipso
261 1286 313 1326 esee
325 1273 441 1337 niventis,
451 1275 586 1340 quandoque
596 1273 652 1326 send
669 1287 711 1339 pro
727 1273 863 1340 operatione
877 1277 942 1339 rite,

140 1345 233 1412 idest,
247 1361 288 1414 per
303 1360 371 1415 qnam
389 1345 557 1398 demonstratur
574 1345 660 1410 aliquid
674 1360 727 1398 esse
747 1346 841 1400 vivens.
856 1349 887 1402 st
904 1351 944 1401 lton

141 1421 208 1472 modo
217 1419 370 1484 Philosophus
376 1415 499 1483 dicitquod
509 1435 524 1466 r
533 1416 942 1484 intelligereestvirereqnoddrm»

140 1489 174 1542 iti
188 1489 249 1542 enim
268 1489 389 1556 distinguit
403 1488 506 1541 diversos
522 1490 605 1554 prndm
621 1488 749 1542 virentium
768 1491 899 1544 secundem
911 1492 943 1544 di·

141 1576 206 1619 versa
219 1576 288 1628 opera
302 1563 366 1614 cite.
573 1620 576 1625 ¹

173 1635 207 1687 td
220 1634 344 1686 secundnm
357 1631 492 1698 dicendum,
503 1631 565 1698 qnid
575 1631 626 1699 ipse
639 1633 740 1686 essentia
750 1635 829 1698 enneli
837 1639 876 1688 est
889 1636 943 1690 sntio

141 1705 211 1758 totius
231 1705 282 1770 ejus
294 1720 356 1768 esso·
370 1719 415 1756 non
433 1707 509 1756 numm
524 1708 561 1755 est
579 1704 638 1759 ratio
654 1704 706 1770 ejns
719 1705 878 1773 inlellipene,
893 1708 943 1774 quir

142 1790 189 1830 non
205 1777 281 1830 omnia
294 1777 422 1840 intelligere
431 1779 508 1843 potest
520 1791 561 1842 per
574 1790 639 1831 suern
653 1777 786 1830 essentiam.
800 1779 830 1830 El
842 1780 897 1833 ideo
910 1795 942 1831 se

142 1848 241 1902 cundim
260 1847 375 1915 propriam
391 1847 517 1910 rollonem,
530 1848 556 1898 in
574 1851 683 1912 queninm
701 1851 738 1898 est
753 1849 806 1900 ielis
828 1851 942 1914 essentia,

143 1925 286 1988 nonpossint
295 1921 408 1988 adipsum
417 1936 467 1972 esse
478 1919 563 1984 angeli
575 1919 617 1970 sed
625 1920 654 1972 ed
665 1919 717 1984 ejus
727 1921 875 1988 inlelligere
885 1938 943 1976 eom-

142 1997 233 2060 paratur
245 1991 369 2045 secundirm
382 1992 494 2043 rationem
503 1991 676 2044 universalioris
684 1991 784 2057 objecti,
792 1994 884 2048 scilicet
894 1997 944 2046 ceri

143 2067 180 2118 vel
192 2067 267 2117 eolis.
277 2065 306 2116 lit
318 2065 352 2116 sic
364 2067 429 2130 patet
440 2063 502 2130 qndd
513 2062 567 2114 liodt
576 2063 608 2114 sii
619 2064 701 2114 eadem
711 2063 801 2130 dorma,
809 2080 859 2120 non
869 2070 942 2118 temen

142 2137 266 2190 secundini
277 2137 381 2190 eamdem
392 2136 504 2188 rationem
520 2139 556 2188 est
567 2135 704 2202 principium
717 2137 810 2188 essendi
822 2144 849 2190 et
862 2137 943 2190 intelli·

144 2210 219 2274 pondi.
232 2211 262 2262 lit
278 2213 370 2276 propter
387 2210 431 2260 noc
448 2221 496 2260 non
507 2206 608 2273 sequimi
621 2206 682 2272 qnod
700 2207 725 2259 in
737 2209 823 2273 angelo
837 2211 873 2266 sit
887 2209 942 2264 iden

143 2285 227 2335 enecet
244 2281 392 2347 inieliipere.

438 2405 597 2458 inflatilis
610 2405 653 2457 111.

214 2523 299 2570 illenim
312 2523 419 2582 potentin
427 2523 563 2569 ismllseter
571 2521 653 2579 sepeli
662 2521 695 2567 sit
703 2522 757 2578 ejice
767 2523 882 2569 m&

177 2643 211 2694 td
227 2641 317 2694 tertium
331 2641 365 2692 sio
379 2639 507 2707 proceditur
520 2639 564 2706 (t).
578 2639 674 2691 Videtur
685 2637 746 2706 qnid
763 2640 836 2692 cirins
852 2641 892 2694 sel
907 2656 944 2706 po

146 2713 218 2765 tende
232 2710 371 2766 intellectiva
387 2713 412 2764 in
424 2713 506 2776 mgelo
520 2725 567 2764 non
576 2711 608 2763 sit
617 2713 679 2764 eliud
691 2711 760 2777 onim
769 2712 821 2777 ejus
833 2714 941 2766 essentia

145 2786 209 2837 liene
220 2783 313 2836 enimet
324 2783 451 2838 intellectus
460 2783 581 2836 nominant
588 2783 714 2848 potentim
724 2784 898 2839 inlellenfirnm.
905 2785 943 2836 Sed

146 2925 260 3036 ¹wilzum
276 2927 311 2972 nir
324 2929 396 2976 etlnnn
411 2930 486 2991 iniri,
499 2943 542 2989 qn.
554 2930 599 2991 ri,
614 2937 660 2978 ert.
671 2927 702 2988 ¹3
717 2935 742 2978 et
758 2941 798 2990 qn.
809 2929 857 2992 ii,
876 2929 941 2980 orti

178 3003 204 3034 rn
230 3020 237 3035 .
