1992 3342
253 244 284 279 nu
300 241 413 279 reusorrrs
429 242 461 280 an
477 242 609 282 esseurrtsr
624 242 731 283 nnrnns.
844 233 888 279 eta

86 323 192 371 naturae
204 334 257 385 qnae
275 320 413 379 conueniunt
428 319 454 369 in
472 320 548 385 alioue
561 324 626 383 ectu,
644 320 703 370 sieut
715 318 791 369 emnia
808 318 889 369 ealef-

87 392 189 457 eientia3
201 392 244 442 sed
252 394 328 441 unies
338 394 450 441 essentie
463 392 507 442 diei
521 406 567 442 non
575 395 683 456 possunt,
693 391 738 441 nisi
747 404 841 454 quorum
855 394 890 441 est

86 478 161 513 unum
170 478 230 513 esse.
240 462 267 513 er
275 463 329 513 ideo
335 463 408 526 magis
416 462 551 531 exprimitur
559 463 718 514 unitasdiuina
727 476 768 527 per
778 464 889 527 lreequed

87 535 173 584 dieitrn
186 534 248 599 qrrdd
260 539 308 585 tres
317 548 419 599 personae
433 539 486 585 suut
501 536 576 585 enies
584 537 708 591 eseeeir'oe,
720 534 787 600 quarn
799 534 819 585 si
827 534 889 587 diee-

87 609 152 659 retrn
164 607 228 671 qued
237 608 380 666 suntantea
388 610 497 657 uetere.

119 679 273 742 telonarium
286 676 415 742 dicendum
424 678 489 743 quod>
496 679 569 731 terma
578 678 680 732 absolut
691 683 784 743 aereota
794 694 890 734 eonsue-

89 750 124 802 uit
137 749 263 812 significari
278 753 304 799 ut
319 750 371 815 ejus
387 751 454 815 eujus
469 755 509 808 est
525 751 611 813 torma,
631 756 656 802 ul
672 754 756 803 virtus
777 754 848 803 Petri
853 770 861 817 ,·
876 752 889 803 d

86 835 200 883 eonverse
211 824 302 885 auem,
314 835 351 873 res
360 823 447 873 liabens
457 823 553 874 formam
565 822 663 886 aliquam
674 836 721 875 non
731 824 848 877 eenareuit
858 825 890 876 si·

85 893 193 955 gnifieari
202 898 230 943 ut
240 894 299 957 eius,
311 894 356 945 nisi
364 893 416 948 adm
427 895 532 948 velumus
542 894 694 945 determinare
707 895 755 945 siue
770 895 889 959 designare

87 965 192 1015 termam.
208 967 237 1015 Et
249 970 304 1015 tune
313 967 459 1029 requiruntur
472 968 517 1017 duo
528 966 637 1030 genitivi,
645 980 742 1031 querum
753 982 811 1021 unus
820 968 889 1031 signi·

88 1036 143 1094 lieet
152 1038 264 1100 mamam,
278 1042 303 1088 et
313 1038 373 1089 alius
383 1039 597 1097 determinationem
611 1038 707 1101 lernae,
722 1042 747 1091 ut
756 1040 775 1091 si
784 1039 887 1093 ditatur:

90 1126 104 1155 u
114 1111 195 1168 Petrus
206 1113 241 1159 est
252 1122 341 1173 magnae
350 1110 454 1173 uirtutis3
464 1127 479 1157 u
492 1110 606 1161 ueletiam
618 1109 740 1173 requiritur
753 1124 813 1161 nnus
826 1112 890 1174 geni-

88 1180 150 1232 evus
161 1183 251 1235 tatem
261 1182 310 1231 uim
319 1183 414 1232 duorum
427 1182 595 1246 genitivorum,
610 1186 635 1233 nt
648 1182 700 1231 eim
712 1182 810 1233 dieitur:
826 1202 840 1232 u
851 1185 890 1235 llir

88 1254 226 1316 sanguinum
240 1257 281 1304 est.
287 1254 341 1317 iste,
348 1271 365 1301 n
376 1254 401 1305 id
407 1259 444 1309 ‚est
448 1292 457 1318 ,
471 1255 556 1305 elluser
566 1254 766 1317 multisanguiuis.
780 1256 837 1315 Ouia
847 1256 890 1319 igi-

87 1327 126 1375 lur
140 1323 240 1375 essentia
250 1326 327 1376 diviua
335 1325 475 1389 significatur
483 1330 508 1375 ut
521 1326 593 1376 ferma
602 1330 890 1389 respeetupersenae„een·

88 1398 211 1457 amnentur
221 1397 321 1449 essentia
330 1410 434 1462 mesenae
443 1397 537 1461 dieitur,
546 1410 594 1453 non
603 1402 679 1453 autem
691 1396 703 1446 d
716 1410 839 1461 eenuerso3
848 1398 892 1448 nisi

90 1470 175 1533 aliquid
189 1472 284 1522 addatur
296 1470 327 1521 ad
337 1468 518 1531 designationem
530 1468 651 1531 essentie,
664 1472 690 1520 ut
703 1468 722 1518 si
733 1468 820 1520 dicutur
829 1468 892 1532 qued

91 1560 105 1589 e
116 1543 185 1592 Pater
196 1548 233 1592 est
243 1540 435 1605 persenadiuinae
443 1540 559 1605 essentie,
570 1557 584 1589 a
594 1540 632 1591 uel
640 1539 700 1605 qudd
712 1556 725 1587 e
734 1543 781 1594 tres
789 1554 892 1604 persone

87 1617 144 1663 snut
156 1612 224 1663 mins
233 1612 347 1665 essentia.
356 1630 371 1659 u
678 1655 681 1670 .

118 1684 156 1738 nd
171 1684 278 1749 quintum
292 1685 427 1748 dicendum,
443 1684 504 1749 qued
518 1687 567 1737 haee
584 1684 714 1749 propositio
732 1699 778 1747 em,
793 1683 831 1734 uel
846 1682 893 1745 de,

89 1771 135 1807 uon
151 1756 258 1819 designat
270 1756 518 1816 haidudluemeausae
533 1757 651 1821 formalis„
665 1757 705 1813 sed
715 1757 787 1820 magis
801 1755 892 1807 habitu-

88 1829 168 1889 dinem
187 1828 395 1884 musaeilieientis
409 1829 448 1879 uel
463 1828 596 1881 materialis.
612 1832 666 1889 Quae
680 1828 770 1893 quidem
782 1841 855 1881 causae
867 1826 893 1875 iu

88 1900 197 1960 ominus
209 1900 379 1963 distinguuntur
392 1901 421 1951 alr
434 1902 470 1954 luis
480 1915 577 1964 querum
589 1903 642 1951 sunt
655 1912 745 1958 eamme
758 1898 816 1952 nitril
829 1897 891 1949 eninr

48 2021 54 2031 s
88 1977 125 2024 est
136 1986 179 2034 sua
194 1971 304 2036 mlada,
315 1986 391 2036 neone
402 1973 490 2036 aliquid
502 1976 536 2023 est
546 1986 612 2023 suum
626 1971 765 2035 principium
774 1970 888 2030 aetluum3

89 2043 177 2108 aliquid
185 2046 265 2093 tamen
275 2047 311 2093 est
323 2057 364 2096 sua
373 2044 460 2107 terrula,
469 2048 495 2093 ut
506 2047 569 2107 patet
580 2042 605 2096 in
616 2042 721 2103 emamus
731 2040 800 2091 retus
810 2040 893 2091 imma-

90 2115 218 2168 terialibus.
226 2116 254 2168 Et
261 2113 313 2167 ideo
324 2129 366 2178 per
375 2117 419 2165 hee
426 2116 489 2179 qued
498 2115 610 2168 dicimus:
622 2114 698 2163 «Tres
704 2125 817 2176 personas
825 2110 894 2159 nnius

89 2188 214 2249 essentia,
226 2203 242 2233 a
256 2186 404 2249 significando
416 2187 538 2239 essentiam
551 2188 574 2237 in
589 2183 722 2237 habitudine
732 2183 828 2245 lermae,
846 2196 893 2233 nen

89 2260 221 2312 ostenditur
233 2258 296 2315 aiud
309 2272 359 2309 esse
371 2258 552 2323 essentiaqutm
561 2270 675 2323 pensena3
689 2256 749 2319 quod
761 2254 892 2305 estendere·

90 2337 140 2396 tnr,
155 2331 332 2389 addiceremus:
348 2349 362 2379 e
371 2334 427 2384 Tres
433 2346 546 2396 personas
559 2344 587 2381 ex
599 2326 797 2388 eadem-essentia.
810 2343 824 2373 u

121 2406 156 2455 Ad
173 2407 265 2455 sextum
282 2402 420 2467 dicendum,
435 2404 496 2469 qudd
509 2404 569 2454 sieut
581 2400 680 2453 Hilarius
698 2398 752 2449 dieit
768 2399 792 2455 in
806 2395 847 2449 lilr.
864 2399 897 2449 de

88 2477 203 2541 §modis
210 2475 304 2541 (uersis
317 2474 412 2539 linemlr
421 2474 503 2529 «nate
516 2473 602 2525 sanetis
610 2472 679 2539 nehus
691 2469 863 2535 praejudicatur,
878 2470 898 2521 si

89 2548 146 2613 quia
158 2561 207 2607 non
217 2551 305 2603 sanetae
313 2548 348 2612 (l)
361 2547 519 2611 domtusdarn
531 2546 653 2605 habentur,
660 2555 710 2593 esse
720 2555 768 2600 non
779 2542 876 2593 debeant
890 2559 895 2591 :

90 2621 151 2672 ruald
159 2610 297 2683 intelligitur
308 2620 461 2684 nontermino,
469 2619 523 2683 quid
535 2618 562 2667 ad
572 2629 609 2665 me
619 2616 679 2664 bene
689 2613 871 2677 intelligentem?
882 2631 895 2661 u

90 2694 120 2743 nt
134 2691 207 2757 supra
220 2708 226 2741 z
239 2690 298 2740 «Sil
309 2697 364 2755 'erge
372 2704 419 2742 une
430 2688 557 2756 substaotia
567 2698 596 2737 ex
605 2697 650 2736 una
663 2684 735 2753 geniti
743 2684 892 2749 proprietate3
984 2718 985 2743 2

92 2779 139 2818 uon
147 2764 263 2817 silentem
271 2777 300 2815 err
307 2762 421 2829 pontone,
429 2766 469 2815 eut
476 2776 505 2815 ex
514 2758 609 2825 unione,
618 2760 657 2811 aut
666 2770 695 2809 ex
704 2755 871 2841 communione.
881 2774 895 2805 u

98 2902 158 2987 „lli
169 2907 217 2973 Vel
229 2935 281 2970 adet
291 2920 372 2970 ammte
385 2907 516 2975 leedeeter,
526 2890 552 2965 ¹id
564 2924 599 2967 est
610 2888 658 2968 nen
671 2890 724 2975 eom
734 2928 762 2963 ea
773 2888 898 2987 sanctitate

92 2993 223 3037 tractantur
236 2983 283 3045 qud
296 2986 371 3044 dignae
385 2992 453 3046 sunt,
468 2991 494 3030 ut
507 2996 550 3041 ege
564 2982 657 3042 quidem
673 2980 718 3039 legi
730 2978 816 3025 mulum.
