1992 3342
150 245 180 290 to
367 249 428 286 rene
441 196 466 298 ι’,
481 244 622 298 numm,
634 245 688 286 nnn.
703 248 730 285 11.
749 284 751 289 ,

150 325 250 392 eoquod
258 323 354 376 materia
365 322 390 374 in
401 327 512 388 muntem
524 323 668 388 hujumodi,
681 326 718 373 eet
725 321 869 388 imperfecta,
881 335 947 388 egem

150 397 219 460 vend,
232 396 257 447 in
272 399 382 460 quantum
396 395 541 460 hujusmodi,
554 398 591 446 est
603 394 739 459 perfectum.
755 396 812 444 Orm
825 407 879 458 ergo
893 397 951 446 Deus

150 469 180 520 sit
195 467 267 532 primu
283 479 350 517 musa
365 465 470 516 effectiva
480 479 571 530 rerum,
583 469 673 530 oportet
691 464 792 516 omnium
808 479 884 516 rerum
902 480 952 530 per·

149 538 261 591 lectiones
272 536 417 601 praeexistere
427 535 453 586 iu
468 539 516 588 lleo
525 537 650 588 secundum
663 535 836 586 eminentiorem
851 537 950 587 modum.

151 611 179 659 lit
195 610 255 659 hunc
273 606 387 658 rationem
400 607 475 670 ungit
490 606 625 672 Dionysius,
640 607 659 655 V
674 620 725 670 cup.
742 606 775 655 de
792 607 847 656 dio.
866 608 952 661 Nom„

151 679 230 730 dicens
241 677 270 728 de
284 680 346 741 Duo,
361 695 376 726 u
389 679 449 741 quod
466 692 513 729 non
530 678 622 742 quidem
633 677 678 727 lroc
694 680 731 728 est
738 713 747 740 ‚
761 678 806 728 lrec
818 680 896 727 autem
908 689 953 728 nun

151 754 198 813 eet,
210 750 251 800 sed
261 748 337 800 omnia
347 752 382 799 est
391 752 417 799 ut
430 749 532 799 omnium
543 761 611 798 musa
621 746 666 813 (l).
679 763 693 794 o

184 818 287 871 Secundi
299 818 354 870 veri
367 833 396 869 ex
410 821 467 882 hoc,
479 819 539 883 quod
553 817 622 882 supri
634 822 750 868 ostensum
759 821 808 881 eet,
820 816 881 881 qudd
895 820 956 868 Deus

153 891 273 955 calipsum
287 903 337 942 esse
349 903 425 953 perse
440 887 867 953 subsistens3e1quooportet‚c1udd
883 892 955 940 totam

155 961 318 1028 perfectionem
337 961 427 1012 emendi
441 961 467 1010 in
484 975 511 1012 se
530 959 655 1012 conanum.
673 959 818 1010 Manifestum
838 962 874 1010 est
895 961 956 1010 enim

155 1031 216 1096 quod
227 1032 247 1082 si
257 1032 348 1096 aliquod
360 1031 458 1082 calidum
468 1045 515 1082 uon
525 1032 610 1082 halem
618 1034 691 1082 totam
699 1030 864 1094 perfectionem
874 1031 955 1092 ualidi,

155 1104 199 1154 hoc
211 1103 263 1153 ideo
276 1107 325 1166 est,
338 1102 392 1166 quie
405 1103 465 1153 culor
478 1115 525 1153 non
536 1103 685 1166 participetur
694 1101 819 1152 secundum
831 1101 957 1165 perfectam

155 1174 280 1236 rationem3
295 1173 335 1224 sed
350 1172 369 1222 si
383 1174 444 1222 calor
461 1176 522 1223 esset
541 1187 583 1236 per
594 1185 620 1232 ee
630 1171 772 1234 subsistens,
788 1184 835 1221 uon
844 1177 924 1234 posset
937 1172 959 1223 ei

156 1243 242 1307 aliquid
258 1245 336 1294 deesse
355 1243 384 1294 de
398 1242 482 1293 uirtute
500 1243 589 1293 caloris.
607 1243 673 1293 Unde
691 1241 744 1292 edm
760 1243 820 1291 liene
835 1241 866 1291 sit
882 1241 958 1306 ipsum

155 1327 206 1365 esse
223 1315 360 1378 subsistens,
375 1313 432 1363 nilril
446 1314 474 1364 de
492 1313 634 1378 perfectione
646 1311 737 1364 essendi
747 1314 823 1376 potest
835 1312 858 1363 ei
868 1313 959 1364 dceme.

155 1384 509 1449 Omniumautemperfectiones
517 1383 671 1450 perurentad
680 1382 844 1447 perfectionem
854 1383 956 1446 essendi,

154 1457 279 1507 secundnm
294 1458 338 1506 hoc
354 1455 416 1506 enim
433 1455 511 1518 aliqua
523 1455 625 1518 perfectu
639 1457 693 1505 sunt
699 1491 708 1517 ,
723 1453 783 1517 quod
801 1453 876 1516 aliquo
892 1454 960 1504 modo

155 1539 205 1578 esse
222 1527 308 1576 hubent
327 1541 334 1574 ι
353 1525 413 1574 unde
429 1525 530 1588 sequitur
543 1525 604 1588 quod
622 1523 707 1575 nudius
721 1523 768 1585 rei,
784 1522 896 1586 perfectio
915 1526 961 1574 [teo

155 1595 222 1646 desit.
234 1599 262 1647 lit
270 1597 329 1646 hanc
342 1594 410 1646 etium
421 1595 532 1646 rationem
540 1595 618 1658 iungit
626 1593 756 1658 dionysius,
766 1594 785 1642 V
797 1606 849 1657 cap.
861 1593 897 1642 de
905 1594 959 1644 dic.

155 1669 242 1729 Nom„
254 1667 344 1730 decus,
355 1665 416 1730 quod
427 1669 509 1718 «ilem
519 1679 566 1717 non
574 1666 738 1729 quodammodo
748 1667 783 1715 eet
795 1664 911 1730 existens,
922 1665 962 1716 sed

154 1735 286 1800 simpliciter
299 1740 323 1788 et
335 1735 527 1800 incircumscripti
538 1740 613 1788 tetrum
625 1737 651 1789 in
661 1735 737 1800 seipso
753 1733 901 1786 uniformiter
913 1747 962 1786 esee

155 1807 284 1872 preaccipit
298 1806 348 1873 (i);
363 1823 378 1856 t>
391 1811 416 1858 et
424 1811 504 1872 postea
517 1808 608 1873 eundi,
623 1806 684 1872 qudd
702 1807 776 1870 uipse
789 1810 826 1856 est
841 1818 894 1857 esse
909 1807 963 1857 suo

155 1877 294 1929 sistentibus.
310 1894 324 1925 o

186 1949 220 1998 ld
231 1949 329 2013 primum
339 1961 394 2011 ergo
407 1949 528 2000 dicendum
532 1985 541 2012 ,
558 1947 619 2012 qudd
629 1947 690 1999 deut
700 1949 734 1999 eol
739 1983 748 2011 ‚
765 1950 793 1998 nt
802 1946 860 1998 dicit
875 1948 963 2012 liionp

156 2019 213 2085 aus,
226 2020 350 2084 impete
365 2020 447 2071 divin.
459 2023 547 2084 Nom„
563 2019 704 2071 sensibilium
719 2019 858 2072 substantias
867 2024 894 2071 et
909 2033 963 2085 qua·

190 2161 222 2224 (l)
241 2165 306 2224 sire,
324 2177 371 2210 non
387 2163 420 2212 ita
436 2177 508 2211 uuam
527 2165 648 2210 entitatem
665 2164 769 2210 continet
785 2168 811 2208 ut
829 2164 902 2212 aliam
916 2177 964 2210 non

157 2227 276 2272 contiueat
292 2229 348 2273 :vel
361 2238 408 2271 non
420 2229 453 2273 itu
466 2232 503 2275 est
515 2227 560 2272 hoc
577 2239 620 2272 ens
635 2226 785 2285 particulare,
797 2230 824 2271 ut
835 2239 885 2273 non
901 2227 965 2273 eliud

157 2300 200 2334 ans
210 2288 339 2351 quodlibet.
351 2289 422 2334 Addit
435 2295 512 2334 nutem
527 2289 650 2345 Dionysius
661 2288 723 2345 quod
736 2301 779 2333 esec
792 2288 878 2346 elipaso
892 2291 966 2336 modo

123 2349 128 2359 “
157 2354 205 2400 est,
216 2350 376 2408 aliquomodo
387 2363 437 2395 noos
448 2351 539 2400 cst,sed
547 2351 631 2409 pollice
641 2352 723 2396 omniu
733 2354 766 2396 est
773 2350 840 2396 estest
849 2355 965 2399 omnium

157 2411 278 2458 calleret
289 2414 372 2458 omniu
378 2413 535 2470 medabena,
544 2420 601 2472 etc,
612 2409 627 2473 5
637 2412 661 2457 8.

191 2478 222 2542 (il
237 2484 282 2528 Vel
298 2487 372 2529 totum
390 2495 441 2530 esse
464 2483 532 2530 simul
551 2484 581 2527 in
598 2483 676 2542 seipso
696 2482 826 2542 collinens,
842 2488 866 2529 el
888 2487 967 2532 etiem

155 2546 346 2603 psoencctpe'eus,
365 2545 427 2601 qudd
449 2545 482 2590 sic
504 2544 632 2602 elegantiis
656 2543 729 2601 grece
752 2544 897 2612 συνιίληφὼς
924 2565 966 2596 και

156 2612 328 2682 προσείληφὼς,
342 2615 407 2671 quasi
417 2615 567 2672 reaccipiunt
578 2619 599 2661 el
605 2615 797 2673 presumptum,
811 2621 870 2676 ete„
884 2623 916 2665 ut
925 2616 967 2680 §d

157 2684 234 2730 videre
246 2691 291 2730 est.
305 2685 427 2742 Appendin
440 2691 518 2730 autern
531 2697 631 2742 sequens
643 2685 757 2742 colligitur
767 2696 796 2730 en
809 2682 824 2745 ᾖ
838 2685 968 2746 8,versds

157 2744 227 2792 luem
245 2752 271 2792 ut
288 2758 369 2803 supra3
387 2747 427 2792 ubl
443 2748 506 2804 qued
519 2745 557 2792 lrle
574 2748 657 2793 dicitur
669 2746 803 2792 secuudum
819 2753 968 2797 muralem

157 2809 273 2854 unlooem
287 2813 307 2854 et
317 2811 544 2866 superoperosum,
557 2811 640 2860 sultam
650 2809 697 2855 dici
710 2809 803 2868 debuit,
815 2811 969 2860 reddendum

156 2876 193 2916 est
207 2883 236 2916 ex
248 2882 323 2928 grew
334 2887 389 2940 μιαν
396 2870 531 2940 inspuisset
539 2871 629 2937 ἕνωσιν,
645 2884 724 2918 esem
733 2878 970 2929 superessentialem

157 2943 283 2988 unionem.
