1992 3342
112 203 161 257 itte
323 218 383 257 unus
396 218 419 268 1,
434 217 526 265 ouosr.
544 220 587 269 m,
602 217 657 257 sur.
674 218 702 257 n.

142 295 177 346 Ad
193 294 286 347 tertium
298 294 434 358 dioendum,
452 295 513 361 quod
531 294 651 361 partieipia
664 299 693 346 et
705 294 777 347 rerba
792 296 920 349 notiomtia

110 366 242 431 signitiouut
253 370 320 417 actus
337 367 481 431 notionates3
496 370 561 419 uetus
574 371 653 419 autem
667 368 839 433 suppositorum
855 380 920 419 sum.

113 439 266 504 Proprietates
278 442 356 489 autem
369 452 417 489 uon
429 439 560 503 significant
572 442 598 489 ut
611 440 739 504 supposita,
749 440 790 491 sed
804 445 832 490 ut
842 442 921 491 torma

113 511 293 576 suppositorum:
305 514 329 560 et
337 511 390 561 ideo
398 512 479 562 modus
489 511 633 573 significandi
644 513 920 579 repugnatutpurtioipia

112 586 137 635 et
146 583 216 634 verba
225 582 350 634 notiomlia
364 583 392 634 de
401 579 584 649 vproprietatibus
593 582 757 649 predicentur.

411 738 570 791 inmensos
585 740 615 789 tt.

218 854 305 901 Utntm
315 868 422 913 personae
435 857 619 913 diatinpurntur
632 855 822 913 persolutiones.

149 973 182 1024 id
196 974 321 1025 moundum
337 974 370 1025 sio
381 973 563 1041 prooemium).
574 973 668 1025 Videtur
680 972 742 1037 qudd
753 986 860 1039 personae
878 988 923 1027 non

117 1044 286 1107 distinguantur
303 1060 344 1112 per
365 1046 497 1097 relationes.
517 1045 635 1110 Simptioia
653 1044 715 1095 euim
736 1044 820 1110 seipsis
840 1047 923 1099 distin·

117 1121 225 1181 guuutur.
236 1118 283 1169 Sed
290 1132 394 1183 persona
405 1121 457 1168 suut
465 1114 562 1170 maxime
572 1116 701 1181 simplices:
713 1129 768 1181 ergo
776 1112 924 1183 distinguun-

115 1192 154 1238 tur
166 1189 248 1254 seipsis
258 1194 282 1241 et
296 1205 342 1241 nou
354 1189 510 1240 relationibus.

148 1263 173 1309 ἢ.
190 1262 320 1325 haereo,
333 1262 395 1313 uuila
408 1262 482 1312 torma
496 1260 644 1324 distinguitur
658 1258 702 1309 nisi
714 1260 843 1311 meandum
856 1276 924 1313 suum

118 1344 204 1397 geuns3
213 1348 259 1383 nou
269 1334 331 1384 enim
342 1334 418 1384 alitum
428 1333 517 1396 dnigro
524 1331 670 1395 distinguitur
677 1331 724 1381 uisi
731 1331 859 1383 secundum
868 1348 925 1399 quu-

116 1401 215 1455 litatem.
228 1407 271 1456 Sed
287 1406 430 1471 hypostasis
445 1404 558 1469 signifieat
570 1402 712 1454 individuum
728 1404 754 1453 iu
769 1418 856 1466 geuene
871 1406 925 1457 sub-

118 1476 208 1528 stantie
220 1492 225 1525 :
237 1490 284 1527 uon
291 1491 346 1541 ergo
356 1476 506 1528 rotationibus
516 1478 651 1541 hypostases
662 1474 773 1537 distingui
784 1480 894 1539 possunt.

152 1552 175 1597 3.
183 1550 304 1611 Praeterea,
314 1548 440 1599 absolutum
453 1552 488 1598 est
498 1546 637 1612 priusqutm
647 1545 778 1615 relativum.
790 1547 837 1598 Sed
850 1548 925 1611 pruna

120 1617 235 1669 distinctio
249 1622 284 1669 est
302 1619 418 1670 distinctio
431 1619 560 1669 diuinarum
572 1630 724 1684 personarum
742 1634 748 1667 ι
764 1630 820 1681 ergo
840 1618 925 1671 diviua

118 1702 222 1753 persouae
236 1704 283 1741 non
294 1691 464 1755 distinguuntur
474 1690 631 1741 relationibus.
808 1740 811 1745 .

152 1763 174 1810 t.
191 1764 311 1825 Praetema,
326 1762 349 1813 id
358 1764 419 1826 quod
428 1760 581 1828 praesupponit
594 1762 780 1825 distinctionem,
792 1777 841 1814 nou
849 1768 927 1829 potest

119 1846 170 1884 esse
179 1832 278 1897 primum
291 1834 443 1886 distinotionis
457 1834 604 1900 principium.
618 1834 665 1885 Sed
675 1834 756 1885 relatio
768 1837 927 1902 praesupponit

119 1904 299 1969 distinctionem,
313 1906 365 1956 oiim
375 1906 400 1956 iu
411 1906 462 1970 ejus
477 1906 615 1969 diffinitione
625 1909 737 1972 penatum
752 1922 804 1957 esse
815 1908 880 1959 enim
891 1924 926 1959 re-

120 1977 184 2028 latini
199 1982 235 2028 est
245 1976 281 2027 ud
299 1974 373 2028 uliud
390 1994 415 2028 oe
428 1977 525 2029 tuboe.
539 1978 599 2041 Ergo
611 1977 710 2043 primum
723 1977 865 2044 principium
879 1982 926 2033 dis-

119 2048 241 2099 tinctivum
251 2049 276 2099 in
291 2049 375 2101 divinis
385 2064 429 2101 uon
446 2053 523 2116 potest
534 2062 586 2099 esse
595 2047 684 2100 relatio.

152 2123 198 2174 Sed
211 2126 289 2173 contra
298 2125 347 2187 est,
359 2122 419 2186 quod
428 2121 522 2172 Boetius
530 2120 585 2171 dicit
596 2120 620 2171 iu
630 2120 671 2171 lib.
680 2120 713 2171 de
722 2122 793 2172 Trio.
807 2122 853 2189 (ἲ),
867 2123 927 2189 qu'od

122 2210 137 2241 «
146 2194 196 2246 sota
209 2193 289 2244 relatio
301 2193 438 2259 multiplicat
448 2193 575 2245 trinitatem
590 2209 604 2241 n
620 2191 763 2257 (divinarum
777 2193 869 2251 seilicet
879 2210 928 2263 per·

122 2266 252 2329 sonarum).

155 2354 187 2419 (i)
202 2361 236 2405 ite
249 2358 285 2403 his
297 2359 367 2404 otiam
379 2360 403 2417 1,
417 2358 495 2412 Serri..
509 2358 563 2417 dist.
583 2358 626 2416 26,
646 2356 729 2413 quiem.
746 2357 775 2417 S,
790 2364 836 2404 art.
857 2360 889 2415 25
905 2366 929 2407 et

122 2427 205 2479 quest.
219 2421 249 2479 8,
263 2421 292 2466 de
306 2427 405 2481 potent,
421 2427 464 2467 art.
475 2420 504 2475 33
520 2428 544 2470 et
558 2420 675 2479 quaesti),
690 2426 734 2467 ert.
748 2420 773 2480 3,
788 2422 819 2467 ad
833 2421 874 2468 18.

156 2489 187 2552 (Ξ)
200 2492 313 2539 Nimirum
330 2493 372 2539 tib.
382 2494 406 2551 Ι,
421 2492 456 2537 De
474 2492 610 2543 Triroitute,
621 2504 701 2537 versus
717 2490 802 2551 mom,
817 2495 860 2539 ubi
873 2497 927 2552 pie-

123 2553 175 2599 nius
187 2570 193 2597 :
206 2554 283 2600 Foeta
296 2555 393 2611 quidem
409 2560 442 2601 ert
459 2555 589 2601 Trinitatis
602 2556 763 2601 numerositer
777 2556 807 2601 io
821 2570 848 2602 eo
865 2557 929 2615 quod

124 2619 157 2661 eet
175 2616 320 2674 predicatio
338 2617 485 2670 relationier
499 2622 595 2663 servato
610 2618 667 2663 vead
681 2618 765 2663 unitos
778 2619 809 2663 iau
825 2632 852 2665 eo
866 2618 930 2678 quod

125 2682 159 2723 ert
172 2678 347 2738 indifferentia
361 2680 399 2726 oet
406 2679 546 2727 substantioe
556 2682 594 2727 oet
603 2680 765 2739 operationis,
775 2681 815 2725 oet
828 2684 930 2727 omnimo

124 2865 244 2909 edm.-
260 2868 331 2921 mono
342 2866 398 2912 ideo
408 2820 460 2913 uois
469 2812 930 2931 soprtmttmeffeepmattmqprfffffl

125 2930 170 2974 tur
178 2935 231 2983 Μ
240 2926 369 2973 rimmo
378 2934 449 2982 rm,
457 2935 506 2977 ete.
