1992 3342
130 283 177 332 etr
337 291 398 331 rm
410 293 429 344 r,
446 291 539 339 oum.
556 292 610 344 ux,
623 291 680 330 aar.
695 291 724 328 n.

129 385 176 424 non
193 374 229 422 est
239 371 272 422 rei
285 369 393 423 essentie
408 370 472 422 Unde
484 371 589 422 videmos
602 370 627 422 in
639 368 772 437 corporibus
789 369 931 420 mtnrahtns

129 441 189 507 qnod
204 443 320 494 inclinatio
332 455 383 508 qne
392 443 429 493 est
439 442 466 492 ad
481 455 532 492 cue
542 441 645 502 rei‚non
654 445 690 493 est
701 454 743 507 per
753 439 845 504 adquin
854 453 931 504 anner-

129 513 230 565 edditnm
246 514 366 576 mentior,
376 513 417 564 sed
431 526 473 579 per
484 513 616 576 materiam,
630 526 682 578 qne
696 511 785 577 appetit
796 525 851 561 ease
869 515 932 561 ante

129 599 196 650 quiam
219 585 275 636 illnd
296 585 392 648 habeat,
409 587 433 636 et
446 597 486 650 per
504 583 600 635 formam
619 599 670 648 qne
688 587 753 634 tenet
769 596 821 633 nem
843 583 932 633 inesse

129 658 250 722 postquam
259 655 327 708 inerit
338 669 343 704 :
356 653 396 706 sed
406 653 523 706 inclinatio
532 655 560 704 ad
570 654 656 720 aliquid
668 654 838 714 extrimmm,
847 656 885 702 est
893 667 932 717 per

129 725 213 790 aliquid
232 725 335 778 mente
354 725 542 790 superadditum,
556 724 617 776 ment
628 725 748 777 inclinatio
760 723 792 774 ad
805 724 887 774 Ιοοαιιι
900 729 932 775 est

129 811 170 864 per
186 799 321 862 gravitatem
338 797 374 846 vel
390 795 508 848 lenitatem
514 833 525 860 ‚
538 795 655 848 inclinatio
668 799 747 848 antem
758 795 791 846 ad
802 794 931 847 iaciendum

130 869 175 920 sibi
188 869 304 920 simileest
312 881 352 934 per
360 868 482 934 scalmos
493 868 589 920 activas.
597 869 710 920 Voluntas
719 871 799 918 antem
814 867 932 918 haletin

129 939 276 992 clinationem
290 939 314 990 in
329 939 415 991 bonnm
429 938 561 999 naturaliter
576 955 583 990 ε
598 940 658 1002 ende
676 939 709 990 ili
722 937 799 992 solim
817 941 857 990 est
874 939 932 991 illem
991 956 993 959 ·

129 1010 229 1064 essentia
240 1013 264 1062 et
272 1009 440 1075 volnntae,uhi
448 1009 550 1062 totaliter
559 1011 647 1063 tonum
654 1010 785 1063 mntinetm
797 1009 826 1060 in
834 1010 933 1062 mentia

129 1082 241 1146 tolentis;
258 1081 345 1134 scilicet
358 1083 384 1132 in
399 1083 444 1134 ileo
454 1121 461 1144 ,
470 1079 512 1148 qni
520 1081 578 1133 nihil
589 1083 639 1133 vult
651 1085 717 1134 extra
728 1095 769 1145 se,
782 1079 832 1132 nisi
844 1081 931 1136 milone

129 1167 176 1206 ene
187 1154 305 1206 bonilatis.
317 1154 381 1213 duod
390 1155 420 1206 de
433 1153 495 1208 nulla
506 1157 610 1206 mmtnra
621 1157 699 1222 potest
709 1152 769 1218 dici,
781 1152 838 1206 olm
850 1155 931 1205 bonnm

129 1223 243 1278 inlinitum
257 1225 287 1276 sit
296 1228 360 1278 extra
373 1224 497 1276 essentiam
511 1225 633 1291 cujuslibet
645 1225 751 1288 camati3
765 1225 830 1274 unde
842 1238 889 1276 nec
898 1238 933 1274 no

129 1295 206 1348 luntm
214 1297 303 1361 angeli,
313 1309 356 1347 nec
367 1296 460 1346 alterins
469 1299 587 1361 creature,
599 1300 736 1365 potestesse
745 1295 933 1361 idemqnodcim

129 1368 237 1422 essentia
257 1367 368 1420 Similiter
380 1381 422 1420 nec
434 1371 512 1434 potest
527 1381 578 1420 esse
593 1369 655 1420 idem
669 1367 730 1432 quod
742 1367 878 1420 intelmctm
896 1382 934 1418 an-

129 1441 174 1505 geli
186 1441 222 1492 nel
234 1439 342 1492 hominis
356 1441 413 1492 Nam
426 1439 528 1504 cognitio
541 1439 567 1490 lit
578 1453 620 1504 per
633 1441 676 1491 hoc
689 1438 751 1502 cuod
763 1438 888 1502 cognitum
901 1443 934 1490 est

129 1513 154 1564 in
166 1515 317 1578 cognoscente
330 1529 336 1563 ι
351 1513 411 1566 unde
431 1511 459 1564 el
474 1512 561 1564 ratione
578 1525 604 1564 se
615 1510 718 1563 extendit
734 1510 787 1574 ejns
803 1511 934 1562 intellectos

129 1583 151 1636 in
164 1586 187 1635 ld
200 1585 259 1649 qnod
269 1589 305 1635 ent
315 1587 427 1646 estesse,
437 1581 560 1635 secundicm
571 1581 631 1647 qnod
641 1582 696 1635 illud
706 1582 769 1650 qood
779 1585 849 1632 extra
860 1582 933 1646 ἰρωω

129 1663 164 1712 est
176 1671 217 1722 per
225 1657 356 1718 essentiam,
367 1661 446 1708 nomm
456 1659 491 1708 est
504 1655 580 1720 aliquo
593 1655 661 1708 modo
673 1653 699 1706 in
708 1668 737 1704 eo
747 1668 817 1719 (ἐξείη
827 1655 934 1705 somnias

130 1727 184 1780 vend
197 1742 223 1778 se
231 1728 335 1778 extendit
346 1727 369 1778 in
382 1727 405 1778 id
418 1729 478 1794 qimd
490 1730 557 1778 extra
566 1731 616 1794 est,
626 1725 752 1779 semodio
760 1725 827 1790 qnod
837 1728 934 1790 quadam

128 1801 274 1852 inclinatione
288 1801 451 1864 quodammodo
471 1799 546 1853 tendit
563 1801 589 1852 in
607 1813 658 1851 rem
670 1798 818 1853 exteriomm.
834 1799 935 1850 Alterius

129 1877 205 1924 antem
216 1871 308 1923 virtutis
318 1875 353 1922 est
363 1870 425 1936 qnod
434 1871 519 1937 aliquid
531 1873 615 1924 lrabeat
625 1873 650 1924 in
662 1885 688 1922 ee
700 1871 762 1938 qnod
773 1875 814 1922 est
823 1875 893 1922 extra
902 1885 934 1936 se,

129 1943 221 2008 etquid
229 1944 306 2010 ipsum
314 1944 392 1996 tendat
400 1944 424 1994 in
433 1958 479 1996 rcnn
489 1945 634 1997 exteriorem.
645 1943 731 1996 Etideo
739 1941 935 2008 omnemodis

129 2015 231 2078 qnalioet
242 2019 344 2067 creatura
354 2015 384 2066 sit
391 2014 453 2066 aliud
463 2015 596 2068 intellectam
604 2019 628 2068 et
636 2015 814 2079 noluntas3non
822 2015 934 2066 antcmia

129 2086 392 2154 Deo,c1nihaletetens
400 2087 529 2156 universale
539 2091 563 2140 ct
568 2087 654 2140 bonnm
665 2086 797 2138 universale
805 2087 933 2158 inseinso:

130 2159 190 2212 unde
200 2165 246 2210 mm
257 2160 362 2212 voluntas
372 2161 439 2225 qnim
451 2159 581 2212 intellectos
590 2165 627 2212 est
637 2159 688 2225 ejus
695 2159 797 2210 cocina
808 2160 854 2228 (1).

159 2233 193 2281 dd
207 2233 304 2296 primum
317 2247 371 2296 ergo
387 2233 524 2298 dicendum,
538 2231 598 2300 quod
610 2247 694 2296 cornus
706 2232 812 2284 naturale
828 2245 873 2296 per
889 2232 933 2284 loc«

130 2315 190 2352 mam
208 2304 382 2356 substantialem
397 2303 520 2356 inclinatur
534 2305 620 2356 inesse
637 2317 717 2367 snum3
736 2303 778 2354 sed
788 2303 816 2352 in
831 2304 932 2357 exterius

128 2373 250 2424 inclinatur
263 2389 304 2440 per
318 2375 405 2440 aliquid
416 2375 527 2440 additum,
542 2380 568 2426 ut
578 2375 665 2427 dictum
673 2379 718 2426 cst.

160 2446 198 2518 dd·
209 2447 331 2498 secondum
344 2448 480 2512 dicendum,
492 2449 554 2514 qnid
567 2447 676 2515 potentie
690 2461 737 2498 non
750 2447 934 2500 dinomiicantni

128 2516 254 2568 secundina
263 2519 401 2572 materialem
414 2519 584 2573 distinctionem
593 2521 745 2586 olricclornm,
753 2520 798 2574 sed
807 2521 933 2572 secundnm

129 2588 246 2640 formalem
255 2589 490 2656 distinctionemque
500 2592 623 2644 attenditur
631 2591 756 2644 secundino
766 2592 883 2644 rationem
892 2593 934 2642 oo

125 2659 192 2725 jecli.
201 2661 231 2709 Et
240 2659 292 2713 ideo
302 2660 423 2731 diversites
433 2663 560 2714 secordiam
566 2662 741 2715 rationembooi
750 2665 838 2714 cineri
848 2664 933 2715 sufficit
991 2699 992 2702 ,

129 2733 157 2782 ad
167 2729 322 2782 diversitatem
336 2733 464 2788 intellectis
475 2740 499 2786 et
515 2735 647 2789 volontatis.

146 2900 149 2906 ¹
161 2879 193 2942 (t)
204 2884 306 2928 identico
314 2887 422 2934 nimirem
430 2903 509 2950 sensu,
518 2903 565 2936 non
575 2891 675 2948 tornati,
685 2895 711 2937 nt
719 2891 771 2948 lam
779 2897 849 2936 entes
857 2892 933 2948 expli·

127 2950 212 3001 catum,
224 2944 275 2988 ciam
284 2946 312 2990 de
323 2948 400 2994 divino
409 2953 565 3015 intellectnet
572 2955 698 3014 volentate,
707 2967 748 3019 qu·
759 2952 790 2998 14
800 2961 827 2999 el
834 2967 878 3012 qu·
893 2955 932 3008 ¹9.

128 3017 157 3049 ex
167 3007 273 3061 protensi
289 3015 367 3056 aetnrn
377 3019 436 3071 net„
