1992 3342
367 238 399 275 DE
414 238 522 275 semim
536 238 584 275 1211.
834 232 879 277 257

76 320 100 364 et
111 312 214 363 candem
225 324 274 362 ram
284 311 422 375 quandoque
436 326 502 379 esso,
516 317 540 364 et
553 313 688 377 quaudoque
705 327 751 365 non
768 328 816 365 csse
828 332 835 377 3
849 316 881 365 itu

74 386 162 448 absque
173 382 301 433 uariatione
312 382 397 435 diviua
408 383 509 435 somnum
520 389 563 447 cst,
577 382 639 447 quod
652 385 697 435 scit
707 383 799 448 aliquod
810 398 883 437 enun-

74 454 154 505 tiabile
168 454 305 517 quaudoque
318 466 372 503 onae
386 466 467 503 vorum
473 492 483 518 ,
495 459 520 505 at
532 456 667 518 quandoque
679 470 728 507 asso
743 456 825 506 falsum
839 456 881 521 (tl.
980 466 981 499 ἑ

74 528 139 577 Fsaet
158 531 241 575 autern
259 538 290 575 ex
306 526 352 575 hoo
369 524 465 576 udentia
484 526 526 576 lici
546 526 678 590 vanahilis,
696 527 716 577 si
734 528 884 579 enuntiabilia
980 558 981 595 3

75 600 226 660 cognosceret
243 609 285 658 per
300 596 393 645 modum
409 597 597 660 renuntiantium,
612 600 769 662 componendo
787 604 811 650 et
825 601 883 650 diri·
980 604 981 665 j

75 669 161 731 dendo,
176 667 239 717 sicut
251 666 334 717 aeddi
347 666 374 715 in
386 667 505 718 intellectu
518 674 605 719 nostro.
617 670 682 721 Unde
696 671 797 733 cognitio
808 674 884 721 nostra
980 666 981 671 ’

71 740 186 800 variatur,
195 737 235 787 uel
248 736 376 787 secuudum
386 739 508 789 ueritatem
519 743 542 790 et
554 740 686 803 falsitatem,
697 740 752 803 puli
764 742 783 791 si
796 741 885 791 mutatl

73 824 98 859 ro
113 810 215 861 mam
235 807 370 871 opinionem
383 809 412 859 dc
428 810 468 859 illa
481 810 639 873 retineamua3
657 811 695 861 uel
707 812 835 861 secundum
848 811 883 861 di·

73 894 151 931 uersas
165 879 308 944 opiniones,
324 882 350 929 ut
369 880 478 943 siprimd
498 882 620 945 opinemur
638 881 737 945 aliquem
753 882 847 943 sedere,
860 886 884 931 ct

74 956 159 1073 palpem,
163 950 291 1015 opinemur
303 963 358 1000 eum
370 964 418 1000 non
427 952 619 1015 oedere‚quorum
631 956 738 1003 neutrum
748 957 823 1017 potest
833 965 883 1002 csse

364 1128 521 1180 lth'lCULUS
536 1130 595 1179 xvt.

120 1251 204 1296 Uhiem
214 1252 283 1296 Deua
297 1252 327 1296 de
340 1253 412 1296 noua
426 1252 510 1297 Mdeot
523 1252 648 1297 orientium
662 1256 843 1309 speculativum.

108 1380 141 1429 tt
157 1378 279 1429 decimum
293 1382 385 1428 sextum
395 1378 428 1428 sic
442 1378 573 1441 proceditur
582 1379 626 1443 (t).
641 1379 736 1429 Videtur
749 1380 811 1443 quod
826 1383 886 1433 Deus

80 1449 108 1498 de
116 1450 186 1500 mons
195 1462 246 1498 non
257 1449 343 1498 mosot
353 1448 472 1499 scientium
484 1451 657 1513 speculativam.
665 1450 766 1499 §dantia
773 1451 836 1501 anim
841 1452 886 1502 liei

78 1526 113 1570 est
122 1536 193 1572 musa
206 1534 297 1582 ternu,
311 1524 418 1584 utsupra
429 1525 547 1571 oeternum
559 1526 602 1571 ost.
616 1522 660 1572 Sed
674 1521 767 1572 scientia
785 1523 888 1585 specula-

77 1592 123 1641 tiva
135 1606 185 1644 non
197 1596 236 1642 est
253 1604 324 1641 causa
337 1603 415 1641 rorum
425 1592 535 1642 sciturum
548 1609 553 1641 :
566 1607 620 1656 argo
630 1593 726 1643 scicntia
739 1594 780 1644 lloi
793 1607 838 1645 oon
852 1598 887 1644 est

78 1664 229 1725 spounatiua.

108 1739 131 1784 2.
151 1736 272 1784 Prolatae
279 1771 289 1797 ‚
303 1733 401 1784 scientia
411 1733 558 1797 speculativa
571 1738 607 1785 est
623 1748 665 1798 per
681 1735 858 1786 abstractionem
874 1734 887 1784 l

79 1807 159 1870 robus,
171 1808 237 1870 quod
248 1806 333 1856 diuina
347 1805 449 1855 scientiae
462 1818 509 1855 nou
522 1806 629 1869 competit
644 1822 649 1855 t
666 1820 720 1869 argo
733 1808 829 1858 micnliu
845 1807 886 1857 Dei

78 1890 123 1927 non
135 1882 174 1929 cst
186 1877 342 1941 speculativa.

107 1949 152 1999 Sed
172 1952 256 1998 contra
272 1963 278 1996 :
295 1961 365 1998 omne
382 1948 443 2010 quod
460 1953 496 2001 cst
511 1948 626 2009 nobilius,
639 1951 686 1999 Duo
705 1953 741 1998 ast
760 1950 886 1999 attribuen-

76 2019 129 2069 dum
139 2019 190 2084 (t);
208 2020 252 2069 sed
265 2018 362 2069 amentio
376 2019 517 2082 speculativa
532 2024 567 2069 est
584 2020 680 2069 nobilior
694 2019 761 2083 quim
774 2020 883 2083 practica,

77 2095 101 2138 ut
114 2095 180 2154 putot
193 2104 238 2154 por
253 2089 419 2153 Philosophum
432 2089 457 2139 in
467 2090 581 2153 principio
591 2092 755 2152 Meropeque.
770 2090 811 2154 (t).
823 2093 882 2154 Ergo

76 2161 135 2211 ilem
146 2162 223 2211 habet
234 2161 265 2210 de
278 2161 348 2210 rebus
357 2160 478 2211 scientiam
487 2161 662 2224 speculativam.

110 2287 142 2349 (1)
165 2290 259 2346 Quippe
282 2290 338 2333 ciem
356 2290 425 2333 iutro
443 2301 493 2333 cuce
511 2290 638 2345 sapientior
654 2290 737 2333 uiuum
751 2290 787 2333 cic
804 2292 887 2336 ootoiu

80 2351 226 2400 concludat,
238 2351 315 2408 Μαι,
325 2363 354 2394 oc
363 2353 509 2407 perenuiter
518 2353 600 2401 statut,
614 2355 641 2395 ut
652 2363 727 2407 oeque
738 2364 826 2395 uratum
840 2354 887 2396 nli-

79 2414 138 2468 quc'd
157 2414 191 2459 ud
209 2426 234 2457 ae
249 2414 364 2469 patietur
377 2413 503 2461 accedere,
517 2426 561 2457 oee
575 2413 590 2456 d
603 2425 627 2457 ao
641 2413 772 2469 quidquem
786 2420 887 2471 prucor-

79 2475 158 2521 eaucdo
165 2476 291 2526 {ramiru-
301 2475 576 2531 alumnumalumnum,
590 2476 679 2531 opusc.
688 2476 788 2532 XXXVI,
800 2488 853 2531 cap.
862 2477 886 2520 ¹1.

112 2544 184 2605 (illie
194 2546 233 2591 his
242 2546 314 2591 etiarn
324 2544 394 2602 intra,
406 2557 446 2599 qn.
456 2544 496 2600 34,
508 2551 553 2589 art.
563 2545 585 2597 3;
594 2551 620 2589 ut
628 2551 652 2589 et
661 2544 716 2602 t,2,
725 2558 764 2600 qu.
776 2546 799 2601 3,
811 2552 854 2591 art.
863 2546 886 2604 5,

83 2607 110 2651 ad
119 2607 146 2661 1;
160 2615 186 2654 et
195 2609 241 2653 tlh.
254 2611 279 2665 1,
291 2607 357 2652 Seot.
369 2609 399 2650 io
408 2608 476 2651 Prot.
487 2613 512 2651 ct
523 2613 604 2662 quaest.
618 2606 641 2663 3,
653 2607 767 2667 devenit,
778 2613 821 2653 art.
834 2608 858 2652 3.

111 2676 142 2738 (3)
155 2680 336 2735 AEquivalenter
349 2691 378 2722 ex
392 2678 497 2722 Ansclmi
509 2678 664 2733 Proaoloqa'o,
673 2690 726 2734 cap.
741 2678 765 2724 5.

112 2748 143 2809 (d)
163 2751 263 2796 Scilicet
282 2750 365 2795 versis
378 2749 447 2793 tinam
466 2749 549 2805 capitis
567 2748 646 2805 prirni;
662 2746 703 2795 ubi
715 2756 792 2794 tumen
807 2749 888 2793 dicitur

85 2812 166 2859 uuum
178 2813 245 2870 quod
257 2813 361 2857 scientiae
371 2812 519 2867 speculatiuae
535 2812 697 2867 praeencellant
710 2810 801 2856 factivis
814 2808 888 2869 (juxta

88 2882 177 2923 nutum
194 2880 245 2925 τῶν
262 2870 421 2932 ποιητικῶν).
442 2874 486 2918 Sed
505 2873 636 2929 expressius
652 2873 695 2918 tto.
712 2874 753 2928 Ἦ,
772 2872 887 2928 Μοταρὴ,,

88 2954 132 3003 ΝΡ.
144 2948 173 3007 i,
189 2945 336 3003 significetur
353 2945 417 3001 quod
433 2952 457 2989 et
470 2946 577 3001 practicis
595 2946 767 3000 praeoxccliuut,
788 2955 838 2997 (ωε
855 2940 888 2982 di·
