1992 3342
322 233 354 272 ba
369 235 600 274 aasumrmmmrrrr.
816 227 860 276 tlt

95 306 127 362 st
146 310 274 362 secuudum
292 310 426 372 (lieentum,
444 310 504 373 qubd
525 315 633 362 oreaturae
652 311 794 364 irrationales
814 325 861 364 non

63 386 116 430 sant
127 394 226 444 capaces
240 380 302 430 illim
320 380 373 429 finis
393 380 433 442 qui
446 379 577 431 facultatem
593 383 699 432 bumana
719 387 805 434 natura
823 397 863 434 ax·

62 452 122 501 sedit
133 469 140 500 :
151 453 214 502 unde
227 464 274 501 noo
287 450 378 514 proprii
391 451 496 500 momatur
506 452 677 515 praedestinari,
689 453 732 503 etsi
742 454 863 518 aliquando

62 523 154 572 abusirt
167 524 361 587 praedestinatio
374 523 504 572 nominetur
518 527 623 587 resmetu
640 524 795 588 cujuscunque
808 527 864 580 alta·
894 522 899 528 '

63 594 112 642 rius
122 595 183 643 linis.

96 665 129 713 bil
140 665 235 714 tertium
245 663 386 726 dicendum,
403 663 463 726 qubd
475 665 630 727 praedestinari
642 667 749 716 ooaveuit
764 667 863 729 angelis,

63 734 153 786 scatet
164 735 305 798 bominibus,
319 735 373 786 laet
382 749 502 798 nunquam
518 735 601 786 luerint
619 736 703 786 miseri.
721 739 777 787 Nam
791 742 866 788 motus

62 820 110 856 non
131 806 214 870 aeoipit
233 807 333 870 speeiem
349 807 364 856 a
381 807 479 856 termino
498 809 515 856 ὰ
535 822 602 871 qno,
623 809 661 857 sed
683 807 809 861 ttsrmino
830 809 865 858 ad

63 891 153 940 quon:
170 877 229 926 nihil
239 877 302 927 enim
316 878 401 940 retem,
415 880 525 941 qnantum
540 878 569 927 ad
581 877 693 928 rationem
708 879 866 941 dealbationis,

61 947 138 996 utriim
148 948 188 998 ille
199 948 239 1011 qui
250 948 456 1012 dealbator‚linerit
469 948 544 1010 niger>
556 961 585 997 an
593 949 699 1012 pallidus,
711 950 748 999 vel
761 950 846 1000 rubeos
859 965 864 998 :

61 1023 86 1066 et
105 1018 209 1068 similiter
224 1019 283 1068 nibil
303 1019 379 1069 retert-
391 1019 420 1068 ad
433 1019 545 1070 rationem
560 1019 777 1083 praedestinationis,
790 1019 867 1070 utrbm

61 1090 143 1152 aliquis
155 1091 334 1154 predestinatar
347 1090 373 1139 in
386 1090 457 1141 uitam
473 1094 581 1140 aeternam
595 1090 608 1140 a
623 1093 683 1140 statu
701 1091 796 1142 miseris
804 1128 812 1155 ,
830 1091 867 1141 rat

60 1174 108 1210 non
128 1177 134 1210 z
152 1161 257 1225 quamvis
277 1161 325 1211 diei
347 1161 418 1224 possit
439 1160 499 1224 qaid
524 1160 597 1212 omnis
616 1160 705 1212 collatio
725 1163 779 1212 boni
801 1175 868 1225 supra

61 1232 162 1282 debitum
181 1232 234 1294 ejus
245 1233 289 1282 oui
302 1232 434 1294 enitemur,
453 1232 481 1281 ad
503 1231 682 1282 misericordiam
701 1233 826 1296 pertineat3
843 1236 868 1282 ut

60 1316 128 1366 snpra
142 1303 231 1354 dietum
242 1307 287 1366 ast,
300 1318 342 1366 qu.
355 1307 397 1366 21,
413 1306 456 1352 art.
472 1307 494 1352 3.

89 1375 125 1423 td
141 1377 249 1436 quartum
267 1375 403 1437 dicendum,
451 1373 481 1428 bd
498 1372 598 1424 etiamsi
612 1372 724 1436 aliquibus
737 1372 869 1436 exspectati

60 1443 183 1507 privilegio
194 1458 235 1494 sua
245 1443 416 1507 praedestinatio
430 1445 544 1494 reveletur
550 1481 558 1508 ,
575 1457 621 1494 mou
631 1447 709 1493 amen
722 1443 829 1493 moverit
844 1447 870 1492 ut

60 1515 178 1564 reveletur
191 1515 317 1577 omnibus3
338 1516 393 1578 quia
406 1516 438 1566 sia
456 1516 491 1566 iili
511 1515 550 1578 qui
567 1529 613 1567 non
631 1519 684 1566 sunt
699 1513 869 1578 predestinati,

60 1586 223 1652 desperarent,
229 1591 252 1636 et
259 1587 372 1636 securitas
381 1587 406 1636 in
416 1587 585 1650 praedestinatis
592 1586 756 1650 negligentiam
771 1588 869 1650 pareret.

369 1729 527 1780 aamcbtbs
544 1730 573 1778 11.

122 1843 216 1888 Hirtam
225 1841 403 1898 pradestinatio
412 1841 506 1899 aliquid
512 1846 586 1898 ponat
595 1843 621 1888 r'ra
631 1843 805 1900 praedestinato.

90 1962 124 2010 an
140 1959 270 2010 menradum
280 1958 452 2022 sioprooeditur
461 1959 506 2023 (1).
519 1959 614 2010 Videtur
628 1958 687 2022 quod
702 1957 873 2022 predestinatio

57 2035 131 2093 ponat
146 2029 236 2094 aliquid
248 2029 273 2078 in
292 2030 463 2093 predestinata.
480 2030 561 2080 Omnis
579 2031 643 2080 euim
657 2030 716 2078 actio
735 2042 763 2080 ex
781 2042 805 2079 se
823 2042 875 2092 pas·

58 2102 150 2152 sonem
164 2101 247 2151 infert.
264 2101 290 2150 si
303 2105 358 2163 ergo
369 2101 542 2164 praedestinatio
555 2105 590 2150 est
606 2100 664 2150 actio
678 2099 703 2148 ia
716 2101 773 2164 ileo,
787 2087 876 2163 oportet

59 2173 121 2235 quiid
131 2172 309 2238 praerlestmatio
324 2173 354 2223 sit
366 2172 442 2236 passio
454 2173 479 2222 io
492 2171 667 2236 predestinatis.

91 2248 116 2292 2.
127 2246 265 2306 Pistasos,
278 2243 390 2306 (trigenas
400 2243 455 2292 dicit
464 2257 533 2306 saper
544 2242 601 2292 illud
612 2245 683 2292 Rom.
700 2243 726 2292 1:
740 2260 753 2290 n
764 2242 806 2302 Qui
816 2255 876 2306 pra·

57 2314 190 2365 testirratus
206 2319 258 2377 est,
275 2319 320 2364 ete.
338 2313 375 2380 (2)
388 2328 394 2362 :
408 2329 470 2361 n-n
479 2313 650 2364 Praedestinatio
664 2312 714 2376 ejus
728 2318 762 2363 ost
776 2313 815 2376 qui
829 2326 875 2362 non

98 2432 129 2492 (1)
141 2436 176 2479 Be
188 2435 227 2480 liis
241 2435 311 2479 etiam
325 2435 352 2492 1,
366 2433 445 2482 Seni„
457 2433 512 2481 dist.
526 2431 571 2492 tt),
586 2444 627 2489 qu.
642 2431 664 2494 i,
678 2438 723 2479 art.
735 2429 758 2476 1.

98 2501 130 2563 (2)
144 2506 194 2550 Vel
214 2517 286 2560 super
309 2504 384 2549 iilud:
406 2504 456 2559 oni
476 2504 555 2563 faetor
576 2507 609 2548 eat
631 2504 654 2548 ei
673 2505 805 2550 secundam
823 2513 877 2546 aar·

63 2578 133 2615 nem,
146 2574 194 2612 eto.
213 2567 280 2619 Quod
293 2572 371 2611 antam
387 2562 532 2622 subjungitur
548 2578 577 2610 ex
589 2567 718 2622 Augustino
732 2566 760 2611 de
771 2564 878 2623 modes·

59 2629 187 2673 lineatione
204 2627 371 2677 Sanctorum,
387 2633 410 2672 et
429 2627 456 2671 ati
475 2627 600 2685 marginem
622 2629 745 2672 notabatur
768 2628 797 2672 de
818 2625 878 2669 tono

58 2691 259 2744 mmeritis
267 2703 320 2747 cap.
330 2689 370 2749 it,
385 2690 540 2744 neutrubique
550 2690 663 2742 occurrit3
679 2690 719 2734 sed
734 2689 746 2733 t
759 2691 806 2734 lieo
821 2699 879 2743 prae·

60 2751 178 2798 destinari
195 2765 226 2797 ea
245 2764 297 2806 quai
311 2755 362 2808 ipse
380 2751 483 2800 tacturus
496 2758 540 2796 est.
557 2754 684 2806 sequentes
702 2752 770 2808 porro
792 2759 879 2806 appan·

59 2813 132 2858 dices
138 2815 205 2870 quod
217 2815 250 2858 sit
259 2813 406 2870 prasoiemtia
418 2815 455 2858 uel
471 2814 542 2858 etiam
557 2813 694 2869 preparatio
712 2811 877 2858 beneficiorum

60 2874 117 2918 Dei
133 2890 162 2922 ex
181 2877 229 2921 boo
253 2877 375 2931 posteriori
395 2877 447 2920 ioco
465 2876 619 2933 colliguntur,
633 2875 674 2920 ubi
695 2879 718 2919 st
740 2873 879 2930 Augustinus

62 2936 134 2980 addit
154 2938 218 2995 quod
245 2944 288 2983 art.
313 2938 342 2998 6,
370 2950 457 2994 argum.
488 2938 529 2982 rect
552 2941 637 2982 contro
655 2936 727 2982 retert
747 2949 776 2981 ex
799 2935 879 2980 titensa
