1992 3342
156 163 201 208 tot
366 169 427 206 nus
440 170 463 219 1,
477 169 571 214 onnon.
585 170 651 219 mu,
668 171 723 207 nur.
742 172 759 206 1.

154 248 249 311 apparet
265 245 292 294 in
306 243 458 314 conversione
480 245 609 294 Judaeonum
632 247 655 294 et
675 245 799 309 uentum
820 247 861 296 sed
883 246 938 308 aliona

154 318 214 370 ratio
233 315 328 379 jusu'tioe
346 319 442 378 apparet
458 314 485 364 in
504 315 653 366 conversione
674 317 821 380 iudeorum,
838 323 891 380 prou
909 329 941 365 nou

154 391 250 452 apparet
258 387 284 436 in
292 384 702 450 conuersiuucticntiunn,sicutquod
712 387 794 437 minuti
802 391 855 437 sunt
863 391 941 452 propter

154 457 317 523 promissiones
331 456 435 520 putribus
446 457 527 506 iactas.

186 530 222 579 Ad
239 527 333 578 tertium
350 527 473 577 dicendum
481 564 489 591 ,
504 527 564 590 quoni
579 527 605 576 in
623 529 668 578 hoc
681 527 751 578 etiam
764 528 825 592 quod
839 529 898 592 justi
912 541 942 592 pu-

154 599 248 649 niuntur
265 598 291 647 in
305 598 350 647 lucc
364 599 465 660 mundo,
482 601 578 661 apparet
595 597 684 662 justitio
704 602 728 648 et
747 599 914 661 misericordiu3
924 597 941 645 iu

154 673 264 734 quantum
277 681 320 732 per
335 668 467 732 hujusmodi
480 669 618 719 afflictiones
636 669 710 732 aliqua
728 669 789 720 levin
806 669 831 718 iu
849 669 886 721 eis
902 683 942 734 pur-

155 745 248 804 gantur,
261 745 286 790 et
297 740 327 790 ui)
339 740 424 789 affectu
439 743 582 789 terrenorum
600 738 625 788 in
643 741 715 788 Deum
732 739 807 803 iungis
820 739 941 802 eriguntuz

156 811 281 862 secundini
293 810 352 860 iliud
365 809 484 873 Gregorii:
498 825 513 857 u
526 810 584 860 Malu
599 822 650 874 quc
662 810 687 860 in
696 812 740 861 hoo
752 811 837 860 mundo
851 825 896 862 nos
905 822 943 876 prr

155 885 236 946 munt,
251 883 278 932 ud
293 881 367 932 Deum
380 895 422 931 nos
434 881 470 930 ire
482 881 632 944 compellunt.
650 896 665 926 u

187 955 220 1002 nd
235 957 340 1016 quartum
354 949 565 1015 dicendum,an
581 951 637 1002 licit
655 951 765 1002 ureutioui
786 963 832 1002 nou
856 963 945 1015 presup

156 1027 254 1086 ponatur
270 1023 358 1087 aliquid
368 1023 395 1072 in
411 1036 488 1073 rerum
508 1021 896 1087 natura,prcsupponitnrtu1neu
914 1019 945 1069 nli·

156 1094 211 1157 quid
226 1094 251 1143 in
260 1094 308 1144 itei
318 1094 456 1158 cognitione.
471 1096 499 1144 iit
514 1093 639 1144 secuudum
657 1095 715 1156 hoc,
729 1093 799 1144 etium
812 1094 912 1143 utuntur
922 1090 946 1139 ini

156 1164 215 1214 ratio
229 1163 338 1228 justitie,
356 1165 382 1214 in
399 1168 509 1228 qunntm
522 1177 560 1214 res
575 1164 600 1212 in
616 1178 666 1212 sose
683 1165 816 1228 producitur
830 1163 945 1214 secundiu

157 1233 219 1298 quod
231 1235 339 1285 conuenit
349 1234 433 1285 divino
445 1233 564 1298 sapientie
582 1239 607 1284 ct
618 1234 728 1298 bonitati3
744 1239 769 1284 et
785 1235 886 1284 minutor
900 1244 946 1296 quo

156 1307 276 1357 uomodo
288 1305 346 1357 ratio
360 1304 538 1368 miseumruiae,
552 1305 578 1354 in
591 1308 701 1369 quantum
712 1319 749 1356 res
760 1305 789 1356 dc
801 1319 850 1354 uon
866 1319 916 1354 esse
927 1302 946 1349 in

157 1391 207 1427 cere
219 1381 327 1428 mutatur.

428 1503 574 1574 consilo
591 1504 679 1568 XXII.

225 1645 260 1691 De
268 1645 431 1703 prouidentia
438 1646 500 1696 Dei,
510 1645 540 1690 to
550 1648 657 1703 quotuor
667 1645 788 1692 articulos
801 1645 889 1692 diuino.

189 1792 431 1844 consideratissimum
450 1794 488 1846 his
504 1806 555 1857 que
574 1793 603 1843 ad
616 1793 759 1844 uoluntatem
773 1793 875 1844 ubsoiute
888 1790 949 1856 perti·

159 1866 224 1926 nent,
233 1863 402 1926 procedendum
412 1869 448 1915 est
458 1865 488 1914 od
496 1877 526 1914 eu
535 1877 587 1926 ane
600 1863 725 1927 respiciunt
736 1864 805 1916 sinn
817 1863 951 1914 iuwlieetnn

158 1938 183 1984 ct
195 1935 343 1985 voluntatem.
358 1934 493 1998 Hujusmodi
513 1937 590 1984 autom
603 1937 638 1984 cst
650 1935 795 1998 providentia
809 1935 898 1998 pnicum
910 1945 952 1981 res-

159 2009 229 2069 pectu
242 2006 361 2069 omnium3
375 2005 545 2068 praedesiinatio
557 2003 626 2067 uero,
640 2007 665 2054 et
677 2007 818 2069 reprobatio,
832 2009 856 2056 et
867 2017 915 2068 quru
927 2001 952 2049 ui

159 2079 209 2127 hoec
224 2080 407 2141 consequuntur,
419 2080 527 2139 respectu
538 2075 655 2125 hominum
662 2111 671 2138 ,
689 2077 820 2140 specium
838 2077 863 2126 iu
879 2075 953 2126 ordine

159 2147 188 2196 ud
199 2151 308 2197 eternum
323 2147 428 2198 saluum.
437 2148 495 2196 Nam
508 2149 532 2197 et
545 2148 596 2208 post
607 2147 704 2198 monulus
713 2148 821 2210 virtutes,
831 2143 952 2196 inscientia

159 2218 253 2280 morali,
264 2218 418 2269 consideretur
434 2219 462 2268 de
471 2217 609 2281 prudentia,
623 2219 652 2268 ad
665 2231 735 2282 qnam
747 2219 890 2283 prouidentia
905 2229 955 2278 pnr-

158 2287 233 2338 tinere
246 2288 343 2339 uidetur.

190 2357 255 2407 Circa
265 2358 431 2421 providentium
442 2361 519 2410 autem
526 2359 567 2409 liei
577 2360 707 2423 quaenmtur
715 2362 815 2422 quatuor
825 2376 831 2410 :
842 2363 868 2409 1⁰
878 2354 954 2406 tinini

159 2431 207 2479 Dec
214 2431 494 2495 conueniutprouideutiu.
503 2437 530 2481 2⁰
539 2431 619 2482 Uirium
630 2431 707 2482 omnin
715 2431 799 2482 diviuae
810 2427 957 2496 providentiu-

158 2499 258 2549 subsint.
275 2505 301 2548 3⁰
315 2500 395 2552 Utrum
408 2501 485 2551 divina
504 2503 647 2565 providentia
658 2501 791 2553 immediati
804 2503 834 2552 sit
846 2502 873 2552 de
885 2511 959 2548 orunu-

159 2571 210 2620 bus.
226 2574 252 2620 t·
265 2572 346 2622 Utrum
361 2572 505 2635 prouidentia
516 2573 593 2624 diuina
606 2573 708 2638 imponat
722 2574 881 2624 necessitatem
890 2570 950 2619 nebu

159 2654 264 2703 provisus.
