1992 3342
177 202 208 238 nr
220 197 390 238 enonnunronn
402 195 550 238 arenosus
561 199 587 238 nr
601 197 660 239 usn
671 196 787 241 aarum
835 189 882 237 sss

76 277 158 330 omnia
176 277 341 341 quodammodo
359 279 413 326 sunt
431 278 521 339 creatu
537 289 583 327 oon
601 279 677 327 antem
695 275 777 328 creatis
795 277 884 361 angelis

77 351 165 402 esset
159 361 236 414 ipsum
247 347 380 400 auronum
398 351 508 398 emtum.

112 421 140 472 sn
150 421 204 472 rerb
215 421 353 471 eontrarium
366 423 485 483 teneatur,
503 420 563 484 qnod
574 419 658 470 (iretur
671 418 768 480 Genea„
780 419 813 470 l
833 419 884 470 olir

74 493 196 580 principio
211 493 297 543 nearlt
309 493 369 543 bens
382 493 464 543 eoelum
477 495 501 543 et
512 495 609 556 terram,
622 509 636 538 n
646 493 812 576 orpoponoun
828 495 880 553 est

63 566 110 628 jin
127 565 372 631 pmnctpao,1tlest
387 563 884 630 inuito,relmpr1m2proremporu

77 651 128 689 non
151 641 231 688 autem
249 639 275 686 in
290 637 435 702 primipio,
452 637 477 686 iol
492 638 530 686 est
536 639 695 701 ‚antequem
717 637 782 686 nibil
797 639 881 702 fieret,

78 711 129 762 nisi
143 711 246 764 ditatur:
262 713 396 775 antequem
411 709 499 759 nibil
488 723 515 758 m
529 709 797 774 peroerecorporotmm
811 712 883 776 fieret

74 783 269 836 ereaturarum.

376 859 538 954 seniculus
550 902 590 955 lv,
610 931 617 936 .

205 1017 291 1064 Utrum
300 1017 380 1075 oepete'
393 1017 441 1062 etot
451 1018 526 1063 creati
536 1017 564 1062 in
572 1019 629 1064 croto
637 1029 753 1076 eropum.

114 1138 150 1188 nd
161 1140 267 1202 quarum
279 1136 313 1187 sio
322 1135 502 1202 pronubum).
514 1135 608 1187 lurein
617 1135 677 1200 qubrl
691 1135 766 1200 engelt
780 1149 827 1187 non
839 1137 886 1188 sint

80 1207 155 1261 creati
176 1209 202 1258 in
214 1209 270 1258 eoelo
285 1221 399 1273 empyreo.
416 1208 496 1271 Angeli
509 1209 570 1258 enim
583 1212 638 1259 sunt
657 1207 789 1258 subeuntis
807 1207 883 1258 ineor·

81 1289 170 1346 polee.
189 1281 233 1332 Sed
246 1279 371 1330 substantia
385 1279 519 1343 incorporea
532 1291 579 1329 non
591 1279 704 1342 dependet
717 1278 837 1344 scopere
847 1294 883 1330 se·

82 1352 184 1405 eunibm
197 1363 264 1402 suum
276 1367 337 1409 esee,
348 1355 372 1402 et
384 1362 426 1416 per
436 1357 578 1414 consequeus
590 1364 662 1414 neque
673 1349 797 1401 monn
816 1364 882 1402 suum

83 1425 154 1488 fiori.
167 1423 227 1487 Engo
240 1423 315 1487 angeli
327 1437 374 1474 non
388 1426 441 1474 erint
454 1423 525 1473 usati
542 1422 568 1472 in
580 1423 630 1472 loco
642 1435 760 1486 corporeo.

117 1500 142 1546 t.
152 1499 273 1558 preterea,
287 1495 426 1560 Augustinus
437 1493 505 1557 uicit*
513 1494 596 1558 Sopor
605 1495 666 1544 Gen.
677 1493 713 1542 ud
723 1491 764 1542 uo.
779 1493 840 1558 (sep.
852 1493 887 1554 l),

84 1567 149 1632 qobrl
162 1567 238 1631 angeli
254 1567 350 1617 luerunt
360 1566 431 1617 creati
442 1566 467 1616 io
480 1564 592 1630 superiori
602 1569 667 1631 purte
682 1565 760 1616 aeris:
776 1578 821 1615 non
832 1579 887 1628 ergo

84 1641 111 1690 in
129 1639 187 1690 ooelo
201 1651 317 1704 empyreo.

117 1715 141 1762 s.
159 1713 285 1775 preterea,
301 1711 383 1761 onon
400 1721 533 1774 empyreon
545 1709 628 1760 dione
640 1721 691 1760 esse
710 1709 793 1761 eoelum
807 1720 887 1773 supre-

84 1796 157 1834 mum.
171 1782 197 1833 si
215 1782 283 1846 igilru
298 1781 373 1846 angeli
388 1781 456 1831 creati
473 1781 569 1832 subnot
581 1781 607 1832 in
626 1782 683 1832 eolo
696 1794 820 1846 empyreo,
839 1795 885 1830 nou

83 1854 231 1906 convenisset
240 1855 274 1905 eis
290 1854 395 1918 superius
408 1853 488 1903 coelunr
503 1854 624 1904 asoenlere
639 1867 645 1902 r
659 1853 719 1916 quod
729 1855 850 1902 munira
861 1851 886 1902 id

84 1927 146 1990 quod
160 1940 188 1977 ex
197 1937 296 1996 persona
306 1924 381 1990 angeli
397 1925 512 1988 peccantis
522 1925 605 1975 dieitur
618 1926 677 1982 leui,
692 1924 741 1974 lllll
751 1939 759 1974 :
770 1941 784 1972 o
796 1926 884 1974 lieen-

85 2001 138 2050 dam
151 1999 177 2049 in
188 1999 281 2050 eoelum.
294 2013 308 2045 n

116 2071 162 2120 Sed
172 2073 251 2120 eontra
260 2073 308 2131 est,
317 2069 378 2132 quod
391 2081 458 2132 super
467 2068 540 2118 illud:
553 2085 568 2116 o
576 2067 725 2135 lnpriuolpio
733 2066 818 2117 eruut
827 2067 887 2118 beot

85 2143 167 2194 eoelurn
184 2146 208 2193 et
218 2145 316 2202 terram,
331 2157 345 2187 n
361 2135 420 2190 dicit
429 2141 524 2191 strabus
539 2157 546 2190 :
563 2157 578 2188 o
591 2140 677 2191 Goelurn
690 2152 737 2190 non
750 2139 839 2190 visibile
849 2140 888 2190 ilr-

86 2217 225 2266 usamentum
246 2213 284 2262 lrle
302 2213 418 2276 appellat,
433 2213 473 2262 sed
489 2225 622 2277 empyreum
637 2211 677 2276 (io
693 2215 728 2261 est
743 2211 835 2274 igneum
850 2215 888 2264 rel

85 2285 268 2350 intellectuale),
286 2287 345 2350 quod
359 2299 406 2336 nou
423 2285 453 2335 ab
469 2285 562 2347 ardore,
575 2285 615 2334 seri
629 2283 643 2334 b
659 2284 778 2348 splendore
791 2284 887 2349 diuitum

86 2359 147 2423 quod
160 2357 236 2408 statim
250 2357 350 2421 lactum,
366 2357 451 2420 angelis
463 2359 498 2406 est
511 2355 631 2420 repletum.
645 2371 659 2402 u

120 2430 282 2494 (Concnusro.
297 2455 328 2466 ·-
340 2429 454 2494 Angelos,
471 2429 535 2478 uelut
546 2427 670 2481 nobiliores
683 2427 786 2479 uniuersi
796 2432 888 2495 partes,

87 2501 163 2552 decuit
175 2500 200 2550 in
212 2513 318 2565 supremo
332 2502 382 2551 loeo
396 2504 420 2550 el
433 2501 491 2558 ooelo
505 2513 613 2565 empyreo
626 2499 722 2564 creon.)

119 2573 255 2638 Responleo
271 2573 392 2623 licendum
400 2610 409 2636 ,
424 2573 483 2636 quod
499 2572 559 2621 sicut
572 2572 656 2622 dietum
675 2576 727 2634 est,
740 2585 768 2624 ex
780 2574 889 2625 creaturis

88 2645 240 2710 corporalibus
249 2648 272 2695 et
283 2645 440 2710 spiritualibus
448 2658 519 2694 uuum
528 2644 660 2696 uniuersum
669 2645 823 2710 constituitote
830 2647 889 2698 unde

88 2717 121 2768 sie
138 2719 222 2767 create
235 2719 289 2766 sunt
302 2716 430 2782 spirituales
450 2720 575 2774 creature,
589 2716 647 2780 qubrl
662 2719 690 2767 ad
703 2721 827 2769 ereaturam
840 2731 890 2770 eor·

123 2869 154 2934 (1)
169 2875 202 2917 lle
213 2871 251 2916 lrie
261 2872 331 2917 etiarn
345 2871 412 2932 intrat,
426 2885 467 2928 qu.
481 2871 542 2930 los,
556 2878 599 2918 ort.
610 2874 634 2932 Ξ,
646 2873 676 2920 ael
687 2873 711 2928 l,
723 2881 747 2919 et
758 2879 805 2919 art.
816 2873 840 2928 t,
855 2876 885 2922 ad

93 2933 118 2990 l;
133 2937 158 2982 et
168 2937 204 2994 ll,
219 2935 297 2987 Solet,
310 2936 363 2982 (list.
377 2935 406 2996 6,
418 2941 462 2982 art.
475 2936 504 2992 35
525 2942 549 2982 et
565 2936 666 2995 Opust„
684 2939 735 2997 XV,
749 2951 801 2995 cop.
813 2935 852 2982 tr.
