1992 3342
148 198 194 248 rte
361 201 421 242 rann
438 201 459 252 ¹,
477 201 571 248 ocum.
586 205 616 253 c,
633 204 688 243 arr.
705 205 732 242 n.

179 285 212 334 td
226 282 323 348 primum
338 293 392 344 erqo
408 279 543 341 dicendum,
557 279 618 345 qubd
633 279 764 332 differentia
779 285 817 333 est
834 297 890 348 qum
901 297 958 335 rou-

146 355 222 407 stituit
239 354 348 420 speciem.
363 353 542 417 Unumquodque
561 356 638 404 sutem
655 353 804 404 constituitur
815 353 842 404 in
863 357 954 421 specie,

147 426 271 479 mcundirm
282 425 342 490 quod
353 425 518 476 determinatur
531 426 560 476 ad
570 425 667 490 aliquem
678 426 804 494 specialem
820 429 919 491 gradum
931 429 952 479 in
991 460 993 485 ,

146 499 250 559 entibus,
259 497 313 565 quia
325 516 339 548 ιι
353 496 444 563 species
459 510 533 548 rerum
548 503 604 548 sunt
619 497 679 548 ment
692 498 793 560 numeri,
803 515 820 546 o
834 500 879 564 qui
891 501 952 551 dide

146 576 199 622 ιιιιιι
214 585 254 638 per
270 570 407 622 additionem
427 573 451 620 et
463 569 640 621 subtractionem
658 569 771 635 nubatis,
787 575 815 621 ut
833 573 951 624 dicitnrin

147 643 208 693 vill.
223 642 332 708 Metupb
346 643 374 693 ln
387 642 453 693 rebus
463 646 538 693 autem
551 642 705 693 materialibus
718 643 783 694 aiud
792 647 830 696 est
843 647 907 710 quod
916 649 952 697 de

93 721 105 738 ⁸
148 715 255 766 terminat
270 715 299 765 ad
314 715 435 782 specialem
454 715 562 779 sudum,
576 715 664 766 seilicet
677 717 764 778 torma3
780 719 805 767 et
817 717 883 768 atiud
896 720 952 782 quod

147 787 325 851 determinatur,
341 785 428 838 scilicet
441 785 535 836 materia
550 801 557 836 ι
573 787 634 838 unde
652 787 680 838 ab
693 788 739 838 alio
752 788 855 838 sumitur
868 805 949 854 genus,

147 863 170 911 et
180 859 208 910 ab
219 859 264 910 atio
274 859 411 912 differentia.
421 859 467 909 Sed
479 859 504 909 in
512 860 581 910 rebus
589 860 779 911 immaterialibus
789 873 840 911 non
850 865 888 913 est
896 863 951 912 aliud

147 931 300 984 determinans
318 935 341 982 et
360 932 533 982 determinatum
539 932 597 994 ,sed
610 945 754 997 unaqueque
773 945 856 984 earnm
874 947 950 984 secun

147 1003 202 1053 ιιιιιιι
215 1017 240 1054 se
254 1003 328 1068 ipsam
341 1005 403 1054 tenet
416 1002 590 1054 determinatum
605 1005 698 1066 gradum
709 1004 735 1054 in
744 1005 856 1056 entibus:
870 1011 896 1057 et
904 1007 949 1057 ideo

147 1089 218 1140 genus
227 1077 250 1128 et
261 1075 387 1127 differentia
396 1075 420 1126 in
428 1075 462 1127 eis
473 1089 520 1124 non
528 1075 640 1140 accipitur
647 1075 773 1126 secundnm
780 1077 844 1128 anuo
854 1083 879 1129 et
885 1080 948 1139 atiud,
991 1099 993 1132 1

148 1147 187 1198 sed
203 1147 327 1198 secundum
341 1159 411 1198 unum
429 1149 453 1196 et
472 1147 541 1198 idern.
560 1147 624 1206 Quod
641 1150 718 1198 tamen
733 1147 811 1199 didert
830 1150 949 1201 secundini

148 1220 353 1272 considerationem
365 1222 465 1269 nostram
478 1233 484 1268 :
496 1218 641 1282 inquantum
656 1219 718 1270 enim·
732 1219 870 1273 intellectus
879 1227 950 1274 noster
991 1274 993 1289 Ι

147 1293 276 1344 ιοιιείιιοιιιι
287 1293 349 1342 ittam
358 1304 407 1342 rem
416 1295 442 1342 ut
452 1289 635 1353 indeterminati,
643 1291 753 1356 accipitur
762 1291 787 1342 in
799 1293 837 1344 eis
848 1294 907 1346 ratio
917 1307 950 1358 ge
991 1294 993 1341 ζ

148 1365 223 1432 neris3
238 1365 262 1415 in
280 1369 389 1430 qnantum
402 1363 457 1414 verb
476 1362 605 1414 considerat
618 1366 644 1413 nt
657 1363 829 1429 determinate,
846 1368 950 1432 accipitur

60 1482 64 1492 .
146 1436 204 1488 ratio
216 1437 358 1490 differentis.

180 1509 213 1558 nd
231 1510 355 1560 secundum
376 1507 512 1569 dicendum,
527 1509 587 1573 qnbd
605 1508 663 1559 ratio
679 1507 719 1558 illa
736 1509 833 1574 ponitur
851 1511 878 1562 in
898 1511 950 1562 libro

148 1579 226 1636 Fontis
235 1581 304 1645 vitm3
317 1585 340 1631 et
353 1585 414 1631 esset
428 1582 565 1643 neccssaria,
580 1579 600 1631 si
613 1581 673 1631 idem
687 1585 748 1631 esset
762 1583 849 1633 modus
862 1597 908 1648 qno
919 1597 950 1633 re

148 1651 203 1718 cipit
216 1653 344 1704 intellectus
359 1657 383 1705 et
396 1667 440 1717 quo
453 1653 536 1718 recipit
544 1653 653 1716 materia3
665 1653 706 1703 sed
715 1653 760 1703 bon
771 1657 841 1717 patet
851 1669 903 1706 esse
913 1654 949 1704 iai

148 1739 209 1774 sum.
225 1719 316 1776 biate'ria
332 1723 394 1774 enim
408 1723 487 1790 recipit
501 1725 609 1788 sormam,
622 1729 648 1775 nt
662 1723 791 1775 secundum
802 1725 882 1791 ipsam
897 1741 949 1777 con·

147 1796 254 1848 stituatnr
275 1795 299 1845 in
318 1811 368 1846 esce
384 1796 480 1862 alicujus
500 1796 602 1861 speciei,
615 1795 653 1847 vei
674 1796 748 1859 aeris,
766 1798 807 1848 vel
825 1798 949 1863 ignis‚net

148 1869 305 1933 cujuscunque
313 1868 413 1918 atterius.
422 1868 462 1918 Sic
472 1873 551 1920 autem
560 1869 690 1919 intellectus
699 1881 746 1918 non
754 1869 840 1934 recipit
847 1871 947 1933 formam

148 1939 249 2006 alioquin
263 1939 418 1990 verificaretur
426 1939 504 2006 opinio
512 1940 660 2004 Empedoclis
673 1939 713 2004 qui
723 1939 804 2005 posuit
815 1942 877 2006 qubd
892 1947 950 1992 «ter-

148 2027 197 2064 ram
206 2013 264 2064 terrl
276 2013 447 2076 cognoscimus,
458 2017 482 2063 et
495 2013 572 2079 ignem
582 2010 691 2078 ignoti).
701 2030 715 2060 s
725 2014 769 2064 Sed
784 2013 861 2066 torma
872 2015 950 2067 inteli-

150 2082 225 2150 qibilis
245 2089 280 2136 est
292 2083 317 2134 in
329 2083 446 2134 intellectu
459 2084 582 2136 secundino
595 2085 669 2150 ipsam
685 2085 800 2136 rationem
814 2087 908 2152 forme,
922 2087 950 2137 sic

149 2158 211 2208 enirn
225 2155 367 2222 cognoscitur
382 2157 410 2206 ab
427 2155 544 2208 intellectu
565 2159 646 2209 :unde
660 2157 715 2208 talis
734 2159 838 2223 receptio
856 2175 904 2212 non
920 2163 950 2210 est

149 2229 248 2295 receptio
264 2227 381 2292 materie,
398 2229 489 2280 sedest
512 2230 613 2294 receptio
633 2229 766 2280 snbstamiaa
785 2226 949 2282 immaterialis.

180 2303 214 2354 nd
227 2301 318 2353 tertium
334 2301 468 2364 dicendum,
481 2300 542 2366 qubd
556 2301 610 2352 iiodt
623 2301 648 2350 in
661 2302 741 2366 angelo
751 2315 799 2352 non
813 2303 844 2353 sit
858 2317 951 2368 compo·

150 2371 201 2424 sitio
209 2373 286 2424 forme
299 2371 446 2434 etmateriae,
458 2375 579 2423 esttamen
589 2372 724 2441 incoactus
734 2373 881 2436 etpotentia.
892 2374 952 2432 Quod

149 2445 240 2508 quidem
253 2445 399 2497 manifestum
416 2447 490 2508 potest
506 2457 556 2495 esse
574 2458 603 2494 ex
614 2442 794 2495 consideratione
811 2459 892 2496 rernm
904 2459 952 2496 ma·

147 2515 272 2578 teriatinm,
289 2515 411 2580 inquibus
428 2515 544 2566 invenitur
559 2517 643 2580 duplex
656 2515 800 2580 compositio.
815 2516 894 2567 Pn'ma
903 2517 951 2581 qni-

179 2623 212 2689 (1)
227 2629 258 2672 Ut
268 2627 327 2671 libro
336 2627 356 2684 1,
372 2625 401 2670 de
414 2626 509 2676 noima,
516 2632 576 2674 text.
591 2625 631 2685 25,
645 2639 687 2672 sen
701 2639 754 2684 cap.
766 2627 798 2685 2,
813 2629 887 2685 punto
901 2634 951 2674 ente

148 2689 248 2736 medium
258 2689 336 2733 videre
347 2694 395 2746 est,
408 2688 449 2732 ubi
458 2691 547 2745 exejus
558 2690 637 2735 metris
646 2689 669 2733 id
677 2691 833 2747 Pbitosopbns
848 2692 951 2738 diffusilis

149 2766 175 2798 ac
191 2751 319 2796 distinctius
332 2750 416 2804 reform
430 2763 514 2807 nempe
532 2754 675 2810 subiungens
688 2753 750 2812 qnbd
763 2764 857 2811 nquam
869 2768 949 2814 oqeu,

148 2819 169 2859 et
186 2823 265 2858 nerem
279 2823 334 2856 cere
349 2809 445 2881 (ἀιθέρα
458 2807 525 2882 dios)
535 2818 557 2860 et
573 2817 656 2874 {quem
668 2817 741 2874 ἐμω
751 2817 802 2861 imo
814 2821 838 2861 οι
853 2830 949 2863 eoncor-

148 2884 215 2928 dium
228 2881 374 2932 concordio,
387 2895 430 2928 sect
443 2897 550 2932 amorem
558 2898 640 2933 umore
654 2883 663 2957 (
675 2890 747 2958 ςοργῆ
761 2881 790 2938 δὲ
804 2906 893 2959 §oms
903 2887 914 2961 )
926 2900 950 2934 nc

149 2949 298 2996 discordium
308 2949 444 2999 discordie.
