1992 3342
252 173 284 212 nu
299 172 412 214 rensuum
428 172 461 213 ln
474 175 606 215 nuscuntur
620 175 727 217 uenture.
839 166 884 216 tte

84 264 148 302 rane.
161 266 176 298 ι)
192 251 258 302 Etita
267 265 313 303 uon
325 252 427 317 sequitur
437 252 497 317 queo
512 254 557 305 sint
569 255 646 318 plures
659 254 706 319 dii,
718 254 771 320 quia
784 256 851 307 Pater
862 260 885 309 et

84 323 159 373 lilius
171 328 225 373 suut
237 338 296 373 unua
310 326 378 387 treus,
390 329 415 375 ut
426 326 511 376 dictum
528 330 562 377 est
573 326 614 391 (l).

119 396 154 446 lid
166 400 271 459 quartum
284 395 415 460 dicendum,
429 396 489 461 qudd
503 400 557 448 hae
566 402 601 449 est
614 400 670 451 talea
682 416 688 449 ε
702 418 715 448 ιι
727 402 794 451 Pater
806 400 885 462 gennit

86 482 112 519 εε
126 470 200 519 deum
207 506 215 531 ‚
227 486 241 514 »
253 470 307 531 quia
320 470 348 534 ly
358 484 384 519 ee
393 470 459 535 (edm
473 470 504 519 sit
517 470 672 537 reciprocum)
686 474 754 522 neiert
763 472 823 522 idem
835 486 888 535 sup-

87 540 195 603 positum.
204 541 466 604 Neqneeeteontrarium
475 542 537 605 qnod
550 544 686 607 Augustinus
696 544 751 595 dicit
759 544 888 595 ud'llduacz'-

89 627 163 660 mum
178 612 267 676 (Epist.
279 613 373 678 uxot),
384 614 445 677 quod
453 632 467 662 u
475 615 535 665 Deus
548 617 617 666 Pater
629 615 707 679 genuit
718 617 813 666 alterum
827 629 864 679 se,
872 631 887 662 u

88 684 144 747 quia
152 683 180 748 ly
189 699 216 733 ee
225 684 263 734 vel
272 690 306 735 εει
315 686 381 736 casos
388 685 491 749 ablativi,
501 686 563 737 nteit
570 700 664 738 sensus:
677 705 691 735 u
700 687 783 738 denuit
793 688 887 738 alterum

88 754 149 818 dse;
159 772 173 801 »
185 756 222 805 vel
231 756 286 806 lucit
296 758 430 809 relationem
437 758 581 825 simplicem,
591 764 615 811 et
625 760 658 811 sic
669 761 739 825 ιειειιΙ
747 760 888 810 identitatem

88 832 187 893 nature,
199 831 240 879 sed
249 834 284 880 est
294 829 417 895 impropria
428 832 464 881 vel
473 831 603 895 emphatica
613 831 707 899 locutio,
719 836 744 882 ut
753 832 781 883 sit
791 846 886 883 sensus:

89 918 104 946 ιι
111 902 198 951 denuit
207 903 304 952 alterum
316 902 454 952 simillimum
465 902 517 953 siti.
531 921 544 950 u
553 903 662 954 Similiter
671 908 694 953 et
705 904 756 955 liaeo
769 908 803 955 est
812 904 869 954 talea
881 919 887 952 ι

89 991 104 1020 ιι
117 974 204 1023 denuit
215 974 285 1024 aliurn
296 976 380 1038 iteum,
392 992 407 1021 u
421 975 475 1039 quia
484 974 540 1025 ticet
552 975 622 1027 Filius
632 975 663 1026 sit
674 976 732 1026 alins
742 975 756 1025 d
767 977 851 1038 Patre,
864 978 888 1025 ιιι

89 1044 157 1107 sumt
167 1045 256 1095 dictum
272 1050 307 1096 cst
320 1052 377 1110 (qn.
393 1050 437 1107 31,
453 1051 497 1097 art.
512 1046 553 1111 t),
568 1058 615 1097 non
628 1050 704 1097 tanuen
719 1050 755 1097 est
768 1046 889 1097 dicendum

90 1115 151 1177 qnod
164 1116 195 1167 uit
207 1116 277 1167 oliuu
284 1118 362 1171 Deus,
374 1118 430 1181 quia
438 1118 605 1181 intelligeretur
614 1116 673 1181 qudd
688 1120 731 1168 hoc
741 1118 889 1181 adjectivum,

90 1186 174 1246 ιιιίιιε,
186 1192 284 1252 poneret
292 1203 340 1239 reru
354 1203 419 1239 suani
433 1189 494 1239 circa
504 1189 672 1240 substantivum
686 1190 746 1253 quud
758 1194 794 1239 εει
805 1192 888 1248 Deus,

91 1266 114 1311 ει
124 1261 157 1311 sic
166 1260 333 1324 significaretur
340 1259 456 1311 distinctio
462 1260 563 1311 deitatis.
575 1262 670 1321 Quidam
677 1264 754 1310 tanmn
763 1262 891 1311 concedunt

89 1332 157 1382 istam
170 1347 176 1381 :
188 1348 203 1379 u
213 1332 297 1383 denuit
305 1332 374 1382 aliurn
385 1333 470 1396 Deum,
483 1350 497 1379 »
510 1333 542 1384 ita
554 1334 613 1397 quod
622 1333 649 1397 ly
661 1332 730 1381 ultor
741 1332 770 1381 sit
782 1332 890 1382 substan-

91 1404 173 1467 tivum,
183 1408 207 1453 et
216 1403 244 1467 ly
253 1404 321 1454 Deus
331 1403 607 1467 uppomtivdronetruatur
615 1418 667 1454 cum
679 1403 723 1468 eo(
730 1416 812 1468 nempe
820 1404 889 1455 alium

92 1474 130 1537 qui
142 1478 180 1526 εει
192 1474 278 1539 Deus).
290 1474 335 1525 Sed
346 1475 384 1525 tric
394 1479 430 1525 εει
443 1475 581 1540 improprius
594 1476 675 1526 modus
689 1475 796 1538 loquendi
807 1476 830 1525 et
843 1476 891 1525 eai-

91 1547 189 1610 tandus,
203 1560 235 1598 ue
247 1547 313 1597 detur
325 1546 413 1597 occano
428 1546 519 1597 erroris.

121 1618 421 1683 inquinamentorum,
436 1617 496 1682 qnod
508 1620 556 1669 haec
570 1622 605 1669 est
618 1619 675 1669 falsa
691 1634 696 1668 :
714 1637 728 1667 ι(
739 1620 798 1670 Deus
813 1619 891 1682 genuit

91 1692 162 1741 Ιιειιιιε
179 1690 220 1757 qui
235 1694 271 1741 est
280 1691 340 1739 licus
353 1693 430 1753 Pater,
442 1706 456 1736 a
466 1690 520 1753 quia
535 1690 589 1740 cum
601 1690 628 1755 ly
640 1690 744 1755 (Pater)
763 1691 890 1755 appositive

91 1766 237 1813 consuuntur
247 1775 299 1812 cnm
311 1762 338 1826 lu
350 1762 462 1826 (Deus),
476 1762 595 1825 restringit
605 1762 680 1827 ipsum
693 1764 721 1813 nd
730 1764 835 1813 standum
849 1774 891 1826 pro

15 1865 16 1870 =
92 1848 189 1898 nemum
202 1835 290 1898 Patris,
302 1839 329 1885 nt
339 1834 370 1885 sit
379 1848 460 1885 sensus
470 1850 476 1885 :
488 1853 504 1884 ιι
514 1835 597 1885 (tenuit
608 1836 678 1885 Deum
692 1836 732 1899 qui
742 1834 833 1899 eslipse
848 1836 891 1884 Pa-

91 1910 141 1971 ter3
150 1924 164 1954 u
174 1906 240 1959 etsie
249 1908 316 1957 Pater
325 1910 385 1957 esset
394 1906 562 1971 genitus,qnod
571 1906 706 1970 estlalsum3
715 1906 775 1957 unde
784 1906 892 1969 negativa

15 2037 16 2042 η
93 1982 128 2028 εει
139 1992 213 2029 vera:
230 1976 337 2028 «denuit
346 1978 419 2028 Derim
431 1977 471 2041 qui
484 1992 531 2027 uon
542 1981 578 2027 εει
590 1979 649 2026 Deus
662 1978 737 2027 Pater.
749 1994 763 2023 »
778 1976 803 2025 Si
814 1980 891 2026 tamen

15 2069 16 2084 2
91 2049 258 2113 intelligeretur
271 2050 410 2100 constructio
423 2063 470 2100 non
483 2062 533 2100 cese
548 2048 685 2113 appositiva,
699 2049 738 2098 ced
747 2048 831 2111 aliquid
842 2061 892 2099 esee

92 2121 294 2187 interponendum,
300 2121 378 2172 tnnoe
394 2134 504 2171 converso
518 2119 653 2172 affirmativa
664 2124 723 2170 esset
733 2132 803 2182 vera,
818 2123 842 2169 et
852 2134 893 2179 uo-v

94 2195 168 2254 garira
176 2193 250 2257 falsa,
258 2197 283 2243 ut
293 2193 324 2243 eit
333 2207 430 2244 sensus:
445 2211 459 2241 u
470 2192 633 2243 denuititeum
644 2190 683 2255 qni
696 2193 731 2241 εει
740 2192 799 2241 Deus
812 2191 851 2254 qui
857 2196 892 2241 εει

94 2268 174 2329 Pater,
186 2282 200 2312 ι)
214 2266 255 2315 sed
268 2268 317 2323 trac
326 2268 361 2315 εει
374 2268 462 2317 extorta
475 2265 597 2330 expositio.
611 2264 675 2315 Unde
692 2263 820 2313 meliorest
832 2264 892 2327 qudd

95 2337 229 2401 simpliciter
237 2336 382 2387 affirmative.
391 2342 497 2399 negetur,
513 2341 536 2387 et
550 2336 657 2399 negativa
674 2336 819 2385 concedatur.
834 2338 893 2386 Prae·

94 2411 206 2472 positivus
219 2416 296 2460 tamen
308 2410 366 2462 dixit
378 2409 440 2475 qudd
452 2415 499 2459 tam
515 2410 621 2473 negative
632 2408 699 2472 quim
713 2406 848 2459 affirmativa
858 2412 893 2458 est

94 2482 163 2545 falsa,
176 2482 232 2547 quia
250 2482 440 2545 decretativnm,
456 2482 515 2546 qui,
531 2480 556 2530 iu
569 2480 706 2532 affirmativa
718 2482 794 2543 potest
808 2481 893 2530 reterre

93 2554 250 2617 suppositum,
260 2554 301 2604 red
312 2553 338 2603 iu
348 2553 454 2617 negativa
466 2553 538 2603 retert
553 2556 576 2601 et
586 2550 738 2614 significatum
752 2555 775 2601 et
790 2552 893 2615 supposi·
983 2600 984 2603 ,

94 2631 140 2674 tum
157 2642 163 2674 2
178 2626 242 2677 unde
252 2638 334 2676 sensus
347 2625 488 2676 alfirmativa
498 2628 534 2675 est
540 2663 548 2689 ,
561 2624 620 2689 quod
638 2638 688 2673 esee
698 2624 779 2673 Deum
791 2628 894 2673 Putrem

93 2698 215 2749 conueniat
225 2711 328 2763 personae
340 2698 404 2763 Filii3
418 2697 530 2761 negativa
543 2696 598 2748 vero
611 2710 690 2747 sensus
703 2700 754 2761 est,
767 2696 828 2762 quid
840 2712 891 2747 esee

126 2852 162 2917 (t)
174 2856 273 2913 Propter
282 2854 394 2902 unitatem
407 2853 514 2904 nimirum
528 2846 646 2917 essentie,
660 2862 711 2913 que
724 2866 766 2923 uec
782 2844 894 2915 generans

94 2930 135 2980 per
143 2932 169 2968 ee
185 2932 229 2966 nec
240 2920 319 2979 genita
331 2925 375 2969 eet.
