1992 3342
349 304 382 341 nn
399 303 498 343 invenie
515 310 562 343 nni.
819 298 864 345 lae

63 380 172 432 additione
192 382 220 429 ad
242 379 305 431 illud.
321 382 367 431 Sed
382 396 424 431 ens
436 384 542 433 dividitur
560 398 682 447 perunum
696 388 719 434 el
733 386 803 433 mullo
822 388 829 449 (
847 386 864 447 l.

64 456 116 516 drgo
129 466 198 502 unum
212 453 274 501 addit
288 453 375 516 aliquid
389 468 457 517 snpra
469 466 518 505 ens.

91 530 112 572 3,
133 525 246 573 Praeterea
252 561 261 586 ,
285 524 306 573 si
326 538 400 573 unum
419 527 464 574 'non
484 527 546 576 addil
564 540 631 591 snpra
649 540 707 589 ens,
726 528 787 577 idem
807 530 867 576 essel

63 595 134 644 dicere
155 609 226 644 nnnm
246 599 271 643 et
290 608 340 645 ens.
363 595 410 645 Sed
432 596 550 657 nugatorie
568 597 650 647 dieitur
672 612 713 647 eos
735 612 792 661 ens,-
812 612 867 661 ergo

65 666 150 725 nogotio
164 669 223 715 esset
241 666 318 716 dicere
331 680 375 716 ens
393 680 477 729 unum,
491 670 551 731 quod
565 666 647 719 lnlsum
659 672 701 719 esl.
719 670 785 719 dddil
799 670 867 730 igitur

66 748 131 782 onum
143 748 206 799 supra
219 750 271 786 ens.

94 805 136 854 Sed
157 810 233 855 eontra
255 811 308 869 esl,
327 808 388 869 quod
405 806 460 855 dioil
481 808 604 872 Dionysius
625 810 666 858 ull.
689 823 739 873 eap.
763 802 793 858 de
815 810 866 857 dio.

62 880 137 924 Nom.
155 878 266 926 :vNihil
280 883 315 927 est
337 877 486 926 existentium
505 893 552 927 non
572 880 710 943 participans
731 894 777 929 nno
795 879 838 944 (Ξ).
854 896 867 925 vv

62 947 122 1005 Quod
135 961 180 996 non
193 953 272 1011 esset,
284 948 304 997 si
317 961 391 996 unum
406 948 498 997 adderet
509 962 576 1013 snpra
588 963 638 1012 ens,
650 952 710 1013 quod
725 951 869 1001 conti-alienel

59 1019 144 1081 ipsum:
162 1033 218 1081 ergo
232 1033 305 1068 unum
323 1033 371 1069 non
385 1020 456 1068 habel
469 1034 493 1069 se
507 1034 536 1069 en
550 1020 665 1071 additione
680 1022 708 1070 ad
721 1035 770 1071 ens.

87 1091 95 1152 (
113 1092 256 1140 ὼκοιυειο.
272 1116 304 1126 -
318 1092 396 1140 Unum
410 1104 456 1139 non
477 1092 538 1141 addit
552 1106 620 1155 super
633 1105 675 1141 ens
694 1091 778 1156 aliquid
794 1093 868 1153 reale,

59 1161 96 1208 sed
112 1165 200 1209 tentum
220 1160 343 1211 divisionis
364 1161 531 1225 negationem.)

88 1233 219 1293 despondeo
233 1232 374 1292 dicendum,
392 1230 453 1293 qnod
466 1246 535 1281 unuin
550 1248 597 1284 non
608 1234 670 1284 addit
684 1246 752 1297 supra
766 1243 807 1282 ens
821 1240 870 1280 vem

60 1301 166 1363 aliquam,
181 1302 222 1351 sed
235 1304 325 1351 lantum
339 1302 487 1364 negationem
498 1303 626 1353 divisionis.
643 1302 717 1354 Unum
732 1303 793 1352 enim
814 1301 871 1349 nihil

59 1371 117 1419 eliud
127 1371 258 1434 signifieat,
271 1372 344 1435 qudm
359 1385 402 1421 ens
414 1372 553 1435 indivisum,
569 1379 595 1422 ul
609 1387 637 1423 ex
653 1376 697 1421 hoo
712 1373 761 1435 ipso
775 1376 870 1434 apparel

58 1440 113 1502 qndd
125 1456 198 1490 unum
217 1442 365 1491 eonverlilur
378 1456 431 1490 enm
445 1447 498 1492 ente
512 1443 554 1507 (3).
575 1444 633 1491 Nam
647 1456 715 1491 omno
731 1454 773 1491 ens
787 1446 825 1489 aut
839 1444 873 1489 est

59 1513 167 1576 simplex,
186 1516 226 1561 aut
239 1512 404 1576 compositum.
419 1514 482 1570 Quod
496 1519 573 1562 aulem
587 1516 622 1561 esl
638 1512 749 1576 simplex,
765 1515 800 1560 esl
815 1510 873 1558 indi-

58 1583 138 1645 visum,
147 1588 171 1632 el
185 1588 241 1632 actu
253 1587 279 1631 el
292 1583 406 1647 potentia.
422 1585 486 1641 Quod
501 1586 577 1632 aulem
596 1587 631 1632 esl
647 1582 812 1646 compositum,
828 1594 873 1629 non

63 1654 128 1701 lvolvel
139 1668 188 1704 esse
202 1654 307 1717 quandin
316 1657 395 1717 parles
409 1654 459 1716 ejus
467 1659 522 1703 sunl
530 1654 623 1717 divise,
637 1655 676 1704 sed
688 1657 807 1717 postquam
820 1665 874 1701 oon-

60 1722 154 1772 slitnunl
168 1730 192 1774 et
210 1728 358 1787 componunt
377 1723 452 1786 ipsum
468 1725 627 1788 compositum.
642 1725 707 1774 Unde
728 1723 873 1773 manifestum

58 1798 101 1855 esl,
114 1794 176 1857 qood
195 1808 248 1844 esse
267 1793 394 1857 cujuslibet
407 1795 442 1860 rei
456 1797 558 1845 eonsislil
570 1796 595 1845 in
613 1796 760 1845 indivisione.
777 1796 805 1844 El
813 1794 872 1843 *inde

56 1869 105 1924 est,
122 1864 184 1927 qndd
207 1865 392 1927 unumquodque
411 1865 472 1913 sicul
492 1867 590 1915 eustodil
607 1878 672 1915 sunm
687 1880 751 1927 esse,
772 1866 803 1915 ila
824 1878 875 1913 ovs·

59 1935 111 1983 imm
121 1937 246 1985 imitatem«

85 2008 116 2055 sd
127 2009 230 2070 primum
240 2020 299 2067 ergo
311 2006 450 2068 dicendum,
461 2006 621 2070 quodquidam
631 2008 807 2071 pvvlanlesidem
823 2016 873 2053 esse

56 2091 123 2125 onom
136 2078 200 2140 quod
220 2076 366 2126 convertitur
387 2090 441 2125 cnm
462 2081 528 2140 ente,
551 2083 575 2128 el
594 2079 656 2141 quod
679 2082 714 2127 est
734 2072 873 2139 principium

55 2149 158 2210 numeri,
173 2148 247 2197 divisi
259 2150 316 2196 sunt
331 2146 356 2196 in
371 2148 496 2197 oonlvarias
510 2149 643 2212 positiones.
659 2148 801 2211 Pythagoras
813 2143 874 2193 enlin

52 2224 74 2263 et
88 2219 152 2268 Plato
165 2218 203 2282 (l)
218 2218 344 2279 videntes,
359 2216 420 2279 quod
434 2232 504 2267 unum
516 2220 575 2282 qnod
587 2218 727 2268 convellitur
741 2229 792 2264 eum
806 2219 875 2274 enle,

85 2352 114 2412 ll)
126 2356 189 2407 Quia
202 2367 287 2399 novom
302 2360 328 2397 ol
343 2353 423 2397 mollo
437 2361 593 2412 opponuntur,
608 2365 651 2398 neo
665 2353 732 2397 simul
745 2356 805 2395 stone
824 2362 877 2405 pos-

53 2424 120 2473 sunt,
134 2430 167 2461 ex
177 2420 197 2475 1,
213 2417 304 2471 Phys„
315 2420 374 2459 eexl.
392 2414 431 2473 17,
444 2428 471 2459 no
480 2416 608 2472 deinceps3
622 2421 645 2459 el
657 2426 687 2459 ex
699 2416 747 2470 lv,
761 2413 877 2467 Melaplv..

52 2484 105 2521 lovi.
122 2478 148 2522 4.

83 2547 113 2606 (Ξ)
139 2548 237 2593 velex
259 2560 339 2605 groeco
357 2563 362 2588 ι
384 2530 458 2604 μηδέν
471 2557 518 2588 των
534 2538 604 2588 ὄντων
619 2553 735 2603 αμετοχον
752 2538 792 2582 soi
814 2548 876 2593 eves,

49 2610 115 2653 m'dil
125 2623 218 2654 eornm
228 2622 286 2667 qooe
298 2612 374 2655 sont,
389 2608 547 2667 imporlieeps
562 2609 655 2655 omine,
668 2613 713 2649 ele.

82 2679 115 2738 (3)
132 2685 182 2725 5θῦ
196 2681 265 2737 Mill&
281 2680 331 2724 ¹³2&
350 2685 415 2733 patet
433 2692 459 2723 oc
473 2694 530 2738 ens,
547 2686 572 2725 ul
586 2693 614 2724 ex
627 2690 674 2722 uno
695 2676 756 2721 aliud
772 2686 813 2729 per
827 2686 876 2715 vnn·

48 2746 113 2785 luam
125 2742 332 2797 consequentiam
353 2739 480 2794 inservitum
497 2743 605 2789 nimirum
620 2739 714 2795 quodsi
728 2742 764 2781 est
775 2747 830 2791 ens,
843 2741 877 2777 osl

48 2814 137 2856 ¹¹nnm;
155 2811 183 2847 et
198 2804 321 2862 vicissim,
338 2802 403 2857 quod
415 2802 434 2847 si
448 2811 483 2848 est
501 2818 584 2862 unum,
601 2808 637 2847 est
653 2812 703 2845 ens.

83 2871 114 2929 if)
134 2877 169 2919 U
196 2874 278 2920 videre
300 2874 379 2930 estl,
402 2872 517 2932 nelops„
535 2882 592 2920 text.
610 2873 638 2931 3,
663 2872 711 2915 sive
727 2881 784 2938 esp.¹
801 2865 824 2919 3,
840 2866 879 2934 nlvi

49 2934 207 2991 Pvlhvgorlci
224 2937 273 2981 dno
293 2934 443 2979 constituisse
463 2938 576 2993 principia
597 2936 712 2990 dicuntur,
735 2928 824 2973 scilieet
837 2938 879 2994 'vvi-

48 2996 153 3045 finitum
181 3004 207 3042 el
228 3010 325 3048 mlum
354 2996 458 3052 adeoque
480 3011 600 3043 nuvnevnvn
626 2997 701 3051 ipsum
721 2990 878 3034 eolsloolvoou

724 3063 751 3103 *l*
