1992 3342
130 214 177 265 stt
323 226 383 261 runs
399 226 421 273 1,
438 225 530 269 oum.
549 224 603 273 rav,
622 224 675 261 aar.
696 225 738 260 rn.

129 302 176 352 cies
189 300 337 365 intelligibilis
351 299 425 349 nostri
437 299 567 349 intellectus
585 312 631 348 non
652 302 728 363 potest
742 312 792 351 osso
806 300 933 353 similitudo

128 371 291 437 principiorum
303 369 483 424 individualiunr.
498 372 527 419 Et
539 374 632 435 propter
647 372 691 420 hoc
709 370 840 423 intellectus
858 380 935 431 noster

128 441 249 505 singularia
271 455 318 492 non
337 440 453 503 cognoscit
470 440 513 505 (1).
530 442 575 492 Sed
592 442 680 504 species
698 441 848 505 intelligibilis
861 444 934 494 divim

128 513 271 575 intellectus,
288 516 391 576 quaeest
410 512 452 560 liei
470 512 583 573 essentia,
598 525 644 561 uon
659 515 694 563 est
714 512 873 564 immaterialis
893 530 935 579 per

129 584 315 645 abstractionem,
328 582 368 638 sed
380 596 422 646 per
435 583 548 645 seipsam,
562 582 699 646 principium
715 583 817 635 existens
829 586 936 637 omnium

128 658 291 723 principiorum
299 671 350 722 que
360 657 448 707 intrant
457 657 492 707 rei
502 657 697 721 compositionem,
709 658 757 708 sine
764 659 811 711 sint
820 659 936 726 principia

128 730 226 795 speciei,
237 730 286 780 sive
296 728 408 793 principia
413 728 534 778 individui.
547 728 611 779 Unde
621 741 663 793 per
677 742 729 779 eam
740 730 801 779 Deus
814 735 937 795 cognoscit

129 814 175 851 ron
186 801 259 851 solum
274 800 421 862 universalia,
430 800 471 849 sed
483 798 552 848 etiam
564 798 696 863 singularia.

162 872 328 922 numeratum
341 871 478 932 moenium,
493 868 553 932 qood
569 870 674 933 quamvis
691 871 779 935 species
801 872 938 927 intellectus

130 942 201 993 divini
221 942 345 992 secundum
364 956 418 992 cccc
439 955 505 991 suum
525 954 571 990 nou
590 940 674 993 haheat
694 942 838 994 conditiones
861 950 940 996 mate-

129 1014 207 1077 riales,
218 1014 276 1063 sicut
288 1012 377 1075 species
388 1017 486 1077 recepte
497 1012 522 1061 in
535 1012 699 1075 imaginatione
712 1019 736 1063 et
749 1028 819 1065 sensu
835 1032 841 1064 :
856 1020 939 1068 tamen

130 1084 214 1135 virtute
225 1098 249 1136 se
260 1084 363 1135 ermodit
373 1084 403 1133 ad
413 1084 573 1134 immateriafia
584 1088 607 1134 et
621 1084 756 1149 materialia
769 1090 794 1136 nt
807 1100 879 1153 supra
891 1090 942 1141 dic-

128 1161 178 1214 tum
190 1162 226 1207 est
239 1155 283 1221 (2).

161 1229 195 1278 nd
213 1228 306 1279 tertium
323 1228 466 1289 dicendum,
484 1224 545 1289 quot
562 1226 658 1276 materia
677 1226 731 1277 licet
748 1229 843 1279 recedat
862 1244 877 1280 a
900 1232 941 1283 Dei

129 1298 278 1350 similitudine
285 1300 409 1349 secuudum
420 1310 485 1347 snam
494 1297 781 1360 potentialitatem,tameu
791 1298 941 1364 inquantum

129 1372 167 1423 rel
178 1371 211 1421 sic
221 1371 362 1432 essehnbet,
377 1368 549 1419 similitudinem
559 1370 674 1433 quandam
688 1370 772 1419 retinet
786 1370 861 1422 divini
875 1389 939 1429 esso,

421 1513 578 1573 inuenitis
593 1514 643 1563 XII.

279 1626 365 1670 Utrolm
376 1627 439 1669 Deos
448 1628 522 1682 poscit
531 1640 666 1685 cognoscere
678 1628 781 1683 irtjlnito.

163 1744 197 1793 lt
211 1742 369 1792 duodecimum
383 1742 416 1792 sic
432 1744 561 1806 proceditur
579 1744 623 1809 (3).
637 1744 729 1795 Videtur
742 1744 805 1809 quod
818 1748 879 1798 [leus
889 1764 942 1800 nort
981 1742 982 1801 ἲ

132 1812 204 1876 possit
215 1826 349 1875 cognoscere
363 1812 460 1864 inlicita.
476 1814 593 1865 lulluilum
606 1814 667 1864 enim
684 1817 809 1866 secundum
825 1818 890 1881 quod
906 1826 943 1871 est
981 1836 982 1841 ¹

132 1883 245 1935 inlinitum
251 1922 259 1948 ,
268 1884 430 1947 cstignotum:
441 1885 494 1949 quia
508 1885 622 1935 inlinitum
633 1891 668 1935 est
680 1904 693 1933 u
707 1887 773 1951 qu'us
782 1890 944 1951 quantitatem

132 1955 294 2020 accipientibus
310 1969 401 2020 semper
415 1961 450 2005 cst
462 1955 547 2019 adquiri
563 1960 626 2007 entra
642 1970 770 2020 assumere,
785 1974 799 2005 u
814 1963 841 2009 ut
856 1961 945 2012 dicitur
981 1950 982 1961 ¹

132 2026 156 2077 in
171 2027 239 2079 tertio
253 2027 352 2087 Ptpsic.
368 2027 436 2091 (lert.
451 2032 496 2090 63,
510 2028 559 2077 sive
574 2042 625 2090 cap.
641 2027 690 2092 69).
706 2028 852 2091 Αιιμειίωιε
870 2032 946 2083 etiam

131 2098 187 2149 llicit
202 2100 258 2162 liii,
273 2102 303 2149 tte
315 2100 425 2149 Ciuitate
435 2100 491 2158 Dei,
507 2112 558 2161 cap.
574 2103 612 2162 ts,
627 2098 688 2162 quod
698 2117 711 2145 κ
721 2098 830 2163 quicquid
841 2104 946 2155 scientia
981 2136 982 2141 ,

132 2171 331 2233 comprehenditur
339 2208 347 2233 ,
362 2170 455 2220 minutis
473 2169 676 2233 comprehensione
691 2170 776 2220 linitur.
795 2188 810 2217 n
825 2174 877 2227 Sed
889 2176 949 2225 inti-

131 2240 180 2291 nita
194 2254 241 2291 nou
256 2247 351 2306 possum
366 2242 446 2291 liniri:
463 2256 520 2305 ergo
533 2256 579 2292 nm
592 2247 686 2306 possunt
699 2243 795 2294 scienda
814 2246 861 2297 liei
877 2262 950 2299 com-

131 2312 251 2375 prehendi.

167 2418 197 2482 (l)
212 2424 256 2467 Per
269 2435 303 2480 sc,
319 2425 413 2483 directe,
425 2426 448 2468 in
461 2426 556 2481 seipsis,
571 2432 593 2470 et
604 2424 717 2481 sigillatim
730 2438 757 2469 ac
768 2428 888 2489 seorsim,
905 2430 951 2476 sed

134 2496 174 2540 per
183 2485 284 2541 speciem
292 2488 397 2532 essentiae
407 2498 433 2531 oc
443 2487 467 2530 in
476 2489 604 2538 communt3
616 2488 651 2531 rel
661 2486 821 2543 perquandam
829 2491 953 2538 reflexio-

132 2553 185 2591 nern
197 2546 225 2590 etl
235 2547 394 2603 phantasmata
408 2549 432 2592 iu
442 2550 526 2604 quihus
534 2562 560 2594 ea
568 2550 677 2593 intuetur.
688 2550 761 2595 Aliter
771 2556 854 2597 aulem
869 2556 951 2605 Deus.

133 2616 197 2731 wil)
221 2672 247 2715 ln
269 2683 366 2727 corpore
385 2672 492 2716 nimirum
506 2672 609 2730 articuli,
631 2673 671 2717 ubi
691 2674 779 2731 species
797 2675 958 2726 intellector

133 2730 217 2779 dictos·
230 2744 276 2776 non
288 2734 332 2778 alia
343 2733 476 2789 intelligitur
486 2734 553 2789 quim
568 2735 667 2779 essentia
681 2736 731 2791 ipsa
743 2748 789 2792 qua
803 2745 954 2796 cognoscit.

166 2801 197 2861 (3)
212 2804 244 2847 Ile
255 2803 370 2848 bisetium
382 2803 398 2847 3
409 2810 479 2860 part,
490 2816 530 2860 qu.
543 2803 581 2855 to,
593 2810 635 2849 art.
648 2804 677 2851 3:
690 2810 715 2849 ut
725 2808 780 2861 etl,
791 2805 880 2858 Senot..
890 2812 957 2859 dist.

134 2863 173 2917 oo,
183 2877 223 2921 qu.
237 2864 263 2922 1,
277 2871 320 2909 art.
332 2871 355 2910 et
367 2871 449 2922 quest.
461 2866 489 2917 2;
503 2866 530 2911 do
541 2866 617 2924 norit,
633 2872 676 2911 art.
688 2866 715 2919 o;
732 2874 755 2911 ct
768 2868 841 2914 Cotti.
858 2874 958 2925 Geni„

134 2926 175 2971 lto.
186 2929 209 2984 l,
223 2939 275 2983 cap.
285 2926 316 2969 69
327 2926 401 2979 et713
417 2933 442 2972 ct
452 2927 708 2987 npoeo.³,crp.135.
