1992 3342
357 248 390 283 DE
406 250 515 293 Wlfflin
530 251 580 287 DEI·
820 242 870 289 m

72 323 172 387 wgnoaoi
184 322 286 374 essentia
303 325 423 374 oaaturn.
437 325 468 373 nt
478 325 526 388 uic,
540 324 594 377 utu
604 326 665 377 aem
677 324 736 375 nihil
748 332 871 388 mguoacn

71 397 112 446 uisi
125 409 166 459 par
186 395 311 446 essentiam
324 408 403 458 suam3
420 396 522 459 aequitum
536 397 596 459 quod
608 410 654 447 noo
668 401 791 459 oognonat
808 411 871 449 croa-

71 473 138 529 turam
150 466 278 516 monadum
289 465 343 531 ojus
352 467 491 529 essentiam,
509 470 534 515 ut
547 470 668 529 comoneat
680 467 708 517 da
716 480 745 517 ea
758 466 813 530 quid
826 472 870 519 ast.

71 537 128 597 Quod
138 540 173 586 eat
183 536 301 599 propriam
313 535 469 598 coguitionem
479 537 508 586 de
520 550 544 585 re
556 538 648 588 habore.

97 612 119 656 a.
135 608 265 668 praterea,
278 606 372 670 propria
384 607 487 669 cognitio
499 620 547 657 uon
564 608 659 661 trahatur
671 609 702 659 uto
714 622 755 671 re,
773 609 817 659 nisi
830 624 872 673 par

71 678 178 743 propriam
197 678 251 741 ejus
264 678 388 727 rationem.
408 679 453 729 Sed
464 678 518 728 oium
530 680 589 729 Deua
600 684 721 741 cognoscat
736 680 813 731 omnia
831 695 873 744 par

70 750 270 811 marianarum,
283 762 330 799 non
339 749 432 799 uidetur
443 750 503 812 quod
514 752 690 814 unumquodque
703 765 745 815 por
755 751 871 815 propriam

71 822 175 871 rationem
186 824 325 883 cognoscat,
336 820 398 869 idam
415 820 478 869 enim
489 834 536 871 uon
549 824 623 883 potest
641 835 690 872 esse
705 822 800 885 propria
814 821 872 871 ratio

71 892 185 943 unitorum
192 895 218 939 et
227 891 378 941 diuersorum.
389 892 441 941 Nou
450 904 505 953 argo
514 892 583 941 habat
595 892 710 954 propriam
718 892 872 955 cognitionem

70 964 124 1013 terra
142 963 171 1013 de
190 963 275 1023 robus,
295 963 338 1011 aad
359 975 518 1024 communem3
539 975 592 1011 uam
610 976 747 1024 oognosoare
768 976 805 1013 raa
827 976 873 1013 non

70 1034 187 1083 suruuium
206 1032 326 1096 propriam
346 1033 474 1094 rationem,
495 1036 531 1082 eat
547 1046 682 1094 noguosoara
700 1047 738 1087 ras
756 1034 829 1083 autum
849 1034 873 1081 iu

74 1117 191 1155 commum.

100 1176 143 1226 Sed
151 1181 228 1227 oontm
233 1214 242 1239 ,
254 1176 341 1226 habore
352 1176 470 1239 propriam
480 1175 637 1238 coguitionem
648 1176 676 1225 da
687 1177 764 1238 robus,
775 1181 810 1225 ost
820 1190 874 1238 oug-

72 1261 163 1299 nouoera
172 1262 209 1299 res
222 1262 271 1298 nou
283 1247 358 1297 aotam
369 1247 394 1296 iu
406 1248 537 1309 oommuui,
552 1248 593 1297 aad
609 1248 731 1297 secuudum
749 1245 810 1309 quod
822 1251 875 1296 suut

69 1320 96 1368 atr
111 1319 209 1371 iurioam
226 1318 355 1369 distincta.
374 1317 414 1367 Sin
432 1322 508 1367 auteur
529 1319 589 1369 Deus
606 1318 722 1379 cognoscit
744 1330 789 1367 raa.
811 1317 874 1367 Unde

71 1391 151 1441 dicitur
162 1393 240 1442 Hebr,
256 1390 285 1439 lv
300 1388 361 1452 quod
369 1426 378 1451 ,
394 1406 408 1436 «
424 1390 535 1452 pertingit
552 1402 623 1451 usque
639 1388 669 1437 ad
683 1386 817 1437 diuisionem
830 1386 876 1449 api-

68 1465 123 1515 ritua
134 1468 161 1515 at
170 1463 257 1513 animae
269 1460 315 1526 (1),
327 1474 465 1523 compagum
478 1474 568 1525 quoque
583 1464 607 1509 et
619 1458 782 1520 medullarum,
796 1460 819 1507 ot
833 1458 878 1508 dia-

70 1541 138 1585 cratnr
152 1532 325 1597 cogitationum
344 1535 368 1580 et
384 1530 536 1581 intentionum
555 1529 645 1592 cordis,
666 1533 689 1581 at
710 1542 756 1579 uon
777 1532 812 1577 est
831 1529 876 1578 ulla

70 1611 167 1656 creatora
180 1602 309 1655 invisibilia
320 1601 347 1651 in
359 1606 483 1666 conspectu
497 1602 557 1665 ejus.
569 1618 583 1647 »

70 1774 134 1815 passo
147 1764 225 1807 Deum
239 1758 266 1801 iu
279 1758 384 1804 bannita
397 1757 509 1801 nominari
523 1757 536 1801 at
552 1758 618 1802 uobis
629 1757 704 1812 quatis
717 1756 741 1799 in
753 1756 830 1811 snipso
841 1760 876 1797 ost

69 1826 191 1869 meandum
202 1821 333 1865 essentiam
342 1851 348 1876 ,
356 1820 412 1874 quia
424 1832 470 1863 uon
481 1820 641 1875 cognosoiurus
653 1831 706 1865 euru
718 1819 800 1863 nisiex
812 1828 879 1862 urea·

75 1886 134 1943 turis,
147 1894 197 1931 etc.

100 1956 127 2015 (i)
143 1957 176 2004 De
192 1956 269 2000 verbo
283 1953 327 1997 Dei
345 1953 394 1995 hano
412 1950 526 2007 dicuntur,
544 1957 569 1995 ut
588 1950 621 1995 ibi
636 1956 712 2007 patet,
733 1948 772 1993 nbi
790 1946 880 1991 soitinai

69 2020 214 2073 promittitur
229 2014 293 2071 quad
304 2015 377 2059 uiuus
391 2016 424 2057 eat
437 2026 514 2057 sermo
528 2013 574 2057 Dei
590 2016 611 2056 et
627 2012 710 2069 efficax
728 2014 749 2054 et
766 2012 880 2065 penetra·

70 2080 142 2127 bilior
164 2080 238 2125 omni
259 2076 345 2135 gladio
366 2076 488 2132 aucipiti;
509 2076 553 2119 hoc
576 2080 611 2117 est
634 2086 664 2117 ex
686 2076 790 2127 utraque
809 2074 880 2127 parto

69 2150 135 2189 moro
158 2142 197 2203 (ut
208 2152 288 2199 granea
301 2151 346 2182 uox
358 2132 456 2203 δίςομος
467 2138 533 2193 quasi
547 2136 640 2193 pomini
654 2136 715 2183 oris,
727 2144 768 2189 pro
780 2132 829 2177 acie
841 2144 880 2190 ge-

69 2217 142 2270 mina,
157 2210 323 2268 metaphorica
332 2206 469 2267 significat).
485 2208 519 2253 An
530 2207 613 2251 deindo
625 2206 714 2251 additur
726 2222 730 2247 ι
746 2204 776 2249 Et
784 2205 880 2261 pertin-

68 2292 123 2333 gens
137 2288 221 2334 mune
239 2273 273 2319 ad
287 2272 436 2316 diuisionem
445 2272 534 2314 onimoe
547 2283 575 2314 ar
593 2270 698 2325 spiritns
711 2285 718 2311 .-
732 2266 880 2323 intelligendo

69 2352 108 2395 per
117 2342 235 2385 animam
252 2346 307 2392 qua
320 2335 360 2379 dat
377 2343 425 2377 aare
438 2334 548 2390 oorpori,
562 2332 684 2377 animatam
700 2331 736 2375 vat
750 2330 881 2375 sensualem

69 2408 173 2457 partemr
189 2407 269 2455 anper
278 2397 399 2454 spiritam
409 2396 449 2451 qui
460 2395 568 2441 subtilius
580 2394 665 2449 aliquid
676 2392 797 2450 nigritiam,
812 2392 881 2436 tutat·

68 2466 160 2521 tigando
174 2468 271 2520 partam
286 2459 432 2515 spirituatem
442 2470 486 2503 nau
496 2458 635 2519 mentalem
645 2462 670 2501 ut
681 2456 730 2511 ipse
746 2458 769 2501 S.
782 2456 881 2501 Thomas

67 2529 169 2583 explicat
186 2525 222 2570 ihi
243 2525 301 2567 tent.
321 2522 352 2575 2,
373 2520 478 2577 quamuis
492 2533 520 2564 eu
537 2521 618 2565 Glossa
631 2530 722 2575 quoque
742 2517 804 2561 addit
820 2514 882 2572 quod

66 2591 234 2643 perpinianum
247 2586 353 2630 carnalia
366 2588 464 2639 peccam
478 2594 529 2639 qua
545 2583 568 2627 in
582 2582 652 2625 robus
674 2580 702 2625 ad
716 2580 787 2629 vitam
799 2590 881 2634 corpo-

68 2653 140 2697 ratam
160 2652 200 2696 vot
225 2648 256 2694 ad
274 2646 381 2703 corporis
403 2644 544 2701 voluptatum
562 2644 731 2700 pertinentibus
749 2640 819 2699 fiunt,
841 2638 880 2683 aad

69 2726 109 2768 per
117 2716 244 2773 spiritum
259 2710 421 2766 intelliguntur
429 2719 457 2751 oa
469 2720 520 2763 quau
532 2706 658 2763 spiritualia
668 2704 712 2762 diui
725 2704 813 2761 solent,
829 2702 882 2758 quia

71 2776 93 2818 tu
105 2778 134 2822 iis
152 2776 215 2821 unna
229 2784 284 2830 quar
299 2771 329 2816 ud
347 2776 451 2816 mentam
465 2770 591 2827 pertinent.
608 2770 691 2813 santus
706 2777 760 2822 ergo
772 2772 808 2809 ast
821 2762 882 2821 quod

74 2840 146 2884 omia
160 2842 228 2885 bona
245 2836 285 2880 vet
303 2834 366 2880 mata
379 2840 459 2878 nostra
467 2866 473 2891 ,
491 2844 540 2877 narr
556 2831 644 2877 tantini
657 2828 757 2875 extortus
771 2833 794 2872 nt
807 2826 883 2883 patara

73 2904 187 2959 antenna,
197 2896 461 2947 natantianatantia
474 2902 498 2940 at
509 2894 677 2951 quantumlibet
688 2890 812 2945 occultata,
823 2891 884 2932 ttarru

74 2963 248 3015 testatissima
263 2961 340 3005 uouit.
720 2964 731 2977 ν
