1992 3342
112 208 157 253 142
325 216 387 253 runs
401 217 424 263 1,
438 214 529 259 pensu.
545 214 593 263 ru,
609 214 662 251 nar.
677 217 693 251 1.

401 430 547 499 QUAESTIO
566 429 626 495 ΧΗ.

114 579 236 635 Quomodo
255 579 320 626 neue
337 579 434 625 decedis
447 584 615 697 izsstf'ffltffl
629 582 658 627 teo
672 581 788 629 tredecim
799 584 922 629 articulos

481 665 557 697 ecem.

143 809 202 868 Quis
211 808 236 858 'm
247 808 401 873 superioribus
411 809 605 861 consideravimus
615 808 712 874 qualiter
723 810 783 861 neus
796 810 827 861 sit
838 824 922 861 secun-

114 884 168 933 dum
181 883 291 947 seipsum,
307 888 379 935 restat
391 885 580 935 considerandum
594 885 691 951 qualiter
707 884 737 937 sit
749 885 776 935 in
787 884 922 947 cognitione

113 958 207 1017 nostra,
226 954 251 1004 id
268 959 303 1005 est
313 957 425 1019 quomodo
439 960 586 1018 cognoscatur
600 955 613 1005 t
627 956 743 1007 creaturis.

144 1026 173 1075 Et
186 1025 249 1076 circa
260 1027 305 1076 hoc
317 1030 450 1090 queruntur
466 1027 584 1077 tredecim.
601 1030 628 1077 1⁰
645 1025 726 1077 Utrdm
746 1026 829 1090 uliquis
849 1026 921 1079 intei-

112 1097 187 1146 iectus
194 1099 284 1147 creatus
290 1097 361 1161 possit
367 1097 444 1147 videre
452 1099 574 1148 essentiam
586 1098 636 1147 Dei.
648 1102 674 1147 2⁰
683 1096 763 1148 Uirium
770 1097 812 1147 nei
820 1098 925 1149 essentia

113 1167 138 1215 ui
229 1166 273 1216 ab'
291 1168 383 1217 tellectu
398 1182 440 1233 per
453 1169 483 1218 ali
516 1182 576 1219 oms
593 1167 666 1219 eciem
681 1170 790 1217 creatam.
801 1170 827 1215 3⁰
839 1166 925 1217 Uirium
987 1194 988 1241 ;

114 1238 178 1288 oculo
201 1251 311 1302 corporeo
469 1252 492 1289 ra
510 1248 571 1303 possi
593 1254 617 1288 ur
632 1231 722 1289 'edero
742 1235 824 1287 Utrirm
845 1238 925 1302 aliqua
987 1260 988 1295 u

114 1308 241 1359 substantia
259 1308 420 1360 intellectualis
437 1315 527 1373 creata,
541 1322 570 1359 en
587 1308 633 1359 suis
647 1306 788 1358 naturalibus
802 1306 926 1359 sufficiens
987 1298 988 1339 ἶ

115 1378 145 1429 sit
158 1379 236 1431 nidere
248 1381 292 1431 Dei
309 1382 440 1431 essentiam.
457 1386 484 1429 50
501 1380 581 1430 Uirium
595 1380 724 1429 intellectus
741 1382 831 1428 creatus
845 1380 875 1429 ad
889 1380 926 1429 ui·

117 1450 213 1501 dendam
222 1452 265 1503 Dei
276 1447 511 1514 essentiam'indigeat
520 1450 596 1513 atiquo
611 1448 697 1498 lumine
712 1452 797 1499 creato.
808 1454 835 1497 6⁰
842 1450 928 1501 Utrum

115 1521 242 1572 videntium
258 1523 381 1573 essentiam
391 1523 433 1572 Dei
446 1535 505 1571 unus
516 1522 560 1572 alio
571 1518 696 1585 perfectius
704 1518 790 1570 videat.
802 1524 829 1569 7⁰
841 1521 927 1571 Utrum

116 1590 197 1654 anquis
207 1592 336 1641 intellectus
348 1595 437 1644 creatus
445 1592 517 1653 possit
529 1591 721 1656 comprehendere
733 1588 775 1641 liei
788 1592 924 1643 essentiam.
987 1650 988 1663 χ

116 1666 143 1709 8⁰
160 1660 382 1710 Utrinminteliectus
401 1664 491 1710 creatus
506 1660 587 1711 uidens
599 1661 640 1711 Dei
657 1660 780 1711 essentiam
798 1662 877 1711 omnia
898 1662 927 1713 in
987 1666 988 1719 ζ

116 1732 167 1795 ipsa
178 1732 307 1792 cognoscat.
322 1735 350 1780 9⁰
367 1730 447 1780 Utrirm
465 1743 494 1779 ea
512 1744 563 1793 quae
580 1731 613 1781 ini
633 1730 766 1799 cognoscit,
779 1744 822 1793 per
834 1728 927 1797 aliquas
987 1762 988 1797 p

116 1802 275 1853 similitudines
287 1804 415 1864 eognoscat.
429 1804 470 1851 10⁰
481 1799 563 1851 Utrum
570 1801 638 1851 simui
651 1804 773 1863 cognoscat
781 1801 861 1851 omnia
871 1816 927 1866 ques
987 1850 988 1853 ,

116 1876 143 1923 in
157 1874 204 1922 Deo
220 1871 292 1922 videt.
311 1874 355 1921 11⁰
372 1871 454 1921 Uirium
474 1871 499 1921 in
514 1875 574 1923 statu
591 1872 659 1935 hujus
677 1872 729 1921 vitae
747 1870 820 1934 possit
842 1872 929 1937 aliquis

117 1946 186 1994 homo
199 1942 323 1993 essentiam
331 1942 378 1993 'itei
392 1942 479 1993 videre.
495 1946 537 1993 12⁰
550 1942 631 1993 Utrum
642 1956 683 2006 per
697 1940 813 1993 rationem
831 1946 929 1993 natura-

119 2016 164 2065 lem
178 2014 251 2065 tteum
262 2014 288 2064 in
301 2015 346 2064 huc
356 2013 404 2063 uita
417 2014 529 2078 possimus
542 2026 689 2077 cognoscere.
704 2014 748 2063 13⁰
758 2011 842 2063 Utrirm
855 2026 928 2077 supra

120 2085 277 2148 cognitionem
301 2084 411 2135 naturalis
432 2084 528 2136 radonis
551 2084 580 2135 sit
601 2083 627 2133 iu
648 2082 755 2147 prasenti
776 2082 824 2133 uita
849 2084 929 2147 aliqua

120 2154 218 2217 cognitio
231 2156 273 2207 Dei
282 2170 324 2220 per
335 2154 439 2218 matiam.

428 2294 587 2345 innodius
602 2296 620 2343 Ι.

124 2409 211 2454 Utriem
227 2409 315 2466 aliquis
332 2409 468 2454 intellectus
484 2411 579 2513 ονεῗιαε
593 2409 668 2465 possit
686 2407 764 2451 Deum
782 2406 864 2452 videre
883 2421 930 2464 per

454 2482 520 2514 eorem
531 2480 589 2513 acm.

153 2586 187 2635 dd
201 2586 301 2649 primum
317 2584 351 2635 sic
366 2584 495 2650 proceditrn
512 2584 554 2651 (t).
572 2584 667 2637 Videtur
682 2582 743 2647 qudd
763 2584 840 2639 nudus
857 2585 930 2637 intel·

122 2656 194 2705 lectius
202 2659 292 2706 creatus
300 2656 373 2719 possit
382 2657 455 2705 iteum
463 2670 506 2721 per
517 2656 638 2707 essentiam
648 2655 736 2705 uidere.
752 2656 931 2717 cnrpsosmms

122 2725 186 2776 enim
198 2738 266 2789 snper
277 2728 344 2777 toan.
353 2738 472 2791 exponens
480 2726 536 2776 iilud
545 2727 604 2789 quod
616 2726 699 2776 dicitur
707 2726 799 2775 dommi
811 2741 816 2774 :
830 2740 844 2774 u
854 2728 931 2777 Deum

156 2840 187 2901 (1)
203 2845 236 2887 lie
250 2844 285 2889 his
294 2846 365 2890 etiem
378 2844 402 2902 1,
416 2844 440 2902 2,
452 2856 492 2899 qu.
505 2842 529 2898 3,
540 2850 583 2888 art.
598 2844 622 2902 8,
634 2852 658 2889 et
668 2858 708 2900 qu.
722 2843 762 2902 98,
773 2849 819 2889 art.
828 2844 853 2903 3,
862 2846 894 2890 nd
906 2846 930 2897 2;

124 2910 148 2947 et
159 2904 249 2949 Contra
261 2906 344 2957 Gemi„
354 2906 396 2950 lib.
409 2904 433 2963 3,
445 2917 498 2960 cap.
509 2904 548 2963 50,
559 2904 589 2949 5d
599 2912 623 2951 et
632 2905 670 2959 573
685 2911 708 2951 et
718 2918 757 2961 qu.
769 2905 793 2963 8,
806 2906 835 2951 de
852 2908 933 2958 verit..
