1992 3342
276 199 309 239 os
323 202 413 241 somus
428 202 534 242 srmrros
552 202 643 241 strom.
815 192 859 239 sm

91 279 247 343 (corausto.
257 278 350 330 -tirm
363 280 463 343 Spiritus
476 285 568 332 surmus
579 279 724 345 procedatis
738 279 823 330 divinis
836 284 861 329 ut

59 364 132 413 amor,
144 350 242 399 donum
255 355 290 401 cst
305 351 327 401 ei
336 352 452 416 proprium
468 366 552 403 nomeu
566 357 589 403 et
600 350 744 417 personate.)

89 422 228 485 Respondeo
242 421 365 473 dicendum
373 460 381 486 ,
395 422 456 487 quid
472 424 584 489 docum,
594 423 721 475 secuudum
733 423 793 488 quod
809 436 862 487 per-

57 493 168 544 sonaliter
173 493 300 543 sumiturin
307 494 401 557 dirimis,
408 499 444 545 est
453 496 570 560 proprium
581 509 664 546 nomen
672 494 772 560 Spiritus
780 493 861 544 sancti.

86 564 127 616 Aa
134 564 202 629 cujus
211 564 351 633 evidentiam
361 566 480 617 sciendum
491 570 540 629 est,
550 566 611 631 quid
619 567 715 617 donam
726 564 818 631 proprii
828 569 863 615 est

60 636 135 685 dotto
152 635 319 685 irreddibilis
329 635 364 702 (t)
373 676 379 697 ‚
388 636 513 687 secundim
524 636 699 701 Philosophum,
712 638 735 687 id
747 641 792 701 est,
803 636 864 701 quod

60 722 108 757 uon
118 709 185 757 istor
196 706 324 760 intentione
339 709 506 771 retributionis,
517 708 587 769 etsie
595 709 702 773 importat
716 710 863 775 protur'tom

61 779 234 828 donationem
249 778 316 829 Ratio
325 782 403 829 autem
413 780 518 843 gratuita
535 780 663 830 donationis
674 782 709 831 est
720 792 794 843 amor3
812 779 863 829 ideo

60 851 121 900 euim
143 850 226 900 damus
245 848 315 913 gratis
329 850 398 900 alicui
416 850 515 915 aliquit,
531 851 584 915 quia
604 852 710 902 volumus
727 851 749 902 ei
767 850 861 901 bonum.

60 920 163 971 Primum
173 934 229 983 ergo
242 922 302 985 quot
312 921 392 971 damus
401 922 432 985 ei,
440 927 475 973 est
487 936 550 973 amor
558 936 603 987 quo
615 923 720 972 volomus
732 922 846 973 sibonum
856 938 863 983 3

59 994 120 1046 uude
140 992 290 1043 manifestum
306 993 413 1057 estquod
431 1007 495 1045 arnor
508 994 578 1043 habet
591 992 703 1043 rationem
716 992 862 1057 punitioni,

59 1079 101 1127 per
111 1065 174 1129 quod
192 1064 269 1115 omnia
282 1065 342 1115 dona
359 1066 456 1128 gratuita
465 1066 592 1116 donantur.
607 1066 685 1129 Unde,
700 1064 753 1115 cim
766 1064 865 1129 Spiritus

59 1139 152 1187 sanctus
169 1136 282 1200 procedat
297 1140 322 1185 ut
339 1150 402 1187 amor
417 1137 489 1201 (sicut
497 1138 547 1201 jam
558 1136 643 1188 dictum
654 1136 711 1201 ost),
723 1136 826 1201 procedit
839 1137 864 1185 ἰιι

58 1208 147 1259 ratione
171 1207 227 1258 doni
249 1208 331 1274 primi;
352 1210 411 1259 unde
432 1206 488 1259 dicit
503 1208 656 1271 Augustinus,
673 1209 720 1259 XV.
741 1208 773 1257 de
794 1210 862 1258 Trio.

58 1280 119 1343 (cap.
131 1279 184 1345 st),
195 1278 283 1343 quid«
293 1281 435 1343 pericuum
444 1281 504 1343 qood
518 1284 553 1330 est
564 1278 661 1343 Spiritus
674 1283 781 1342 sauctus,
792 1280 864 1329 muita

58 1354 150 1417 propria
160 1354 223 1404 dona
233 1351 365 1403 dividuntur
374 1352 483 1403 memhris
496 1352 587 1406 Christi.
600 1368 614 1399 o

89 1426 122 1476 su
130 1426 234 1491 primum
252 1438 306 1489 crgo
320 1425 455 1487 dicendum,
466 1424 527 1489 quod
536 1424 593 1475 sicut
604 1424 688 1489 Filius,
700 1423 752 1489 quia
764 1424 865 1489 procedit

59 1510 100 1559 per
108 1498 203 1549 modum
211 1497 277 1547 verbi
286 1496 356 1562 (qood
365 1496 392 1547 de
402 1498 490 1547 ratione
499 1510 541 1547 sua
553 1497 621 1545 habet
631 1495 691 1559 quid
703 1496 732 1545 sit
740 1496 863 1547 similitudo

59 1568 94 1617 sui
101 1568 230 1633 principii),
238 1568 322 1619 dicitur
328 1568 419 1633 proprii
429 1568 514 1633 imago,
523 1567 576 1617 licit
585 1568 653 1618 otiam
666 1567 865 1632 Spiritussauctus

57 1639 87 1688 sit
97 1639 178 1690 similis
187 1638 304 1703 Potri3its
314 1640 384 1691 etism
394 1639 600 1704 Spiritussanctus,
610 1639 649 1703 qui
662 1638 749 1689 aPatrc
757 1640 859 1703 procedit

59 1714 84 1759 ut
99 1724 172 1775 amor,
185 1711 270 1761 dicitur
281 1710 371 1775 proprii
382 1712 485 1774 doraum,
498 1710 552 1761 licet
563 1710 632 1761 ctiam
643 1710 714 1761 Filius
724 1711 798 1761 detur.
812 1712 860 1761 Hoc

59 1782 122 1832 euim
132 1784 212 1847 ipsum
223 1782 285 1848 quid
295 1780 366 1833 Filius
379 1784 445 1833 datur
450 1820 459 1846 ,
471 1786 544 1833 estex
555 1782 864 1846 Patrisamore‚sccuudi1n1

60 1852 116 1904 illud
130 1858 204 1905 ioan.
221 1856 271 1905 111:
289 1872 302 1903 ιι
313 1854 353 1905 Sic
361 1856 422 1905 itsus
438 1855 518 1905 dilexit
527 1855 636 1905 muudum
644 1892 654 1919 ,
669 1858 694 1905 ut
707 1854 790 1905 Filium
799 1868 865 1904 suum

59 1925 207 1989 unigenitum
217 1927 290 1976 daret.
305 1943 320 1973 r
379 1927 383 1935 '

90 1998 125 2047 itt
138 1999 264 2048 meursium
281 1997 422 2061 dicendum,
432 1997 494 2063 quod
510 1998 535 2049 in
549 1998 641 2050 nomino
656 1998 718 2049 dont
732 1998 866 2061 importatur

60 2068 121 2132 quid
132 2069 163 2119 sit
177 2069 305 2133 tantisper
315 2070 440 2134 origiuem3
454 2076 479 2121 et
489 2070 522 2121 sic
535 2071 670 2137 importatur
681 2068 809 2135 proprietas
820 2068 865 2118 ori-

60 2140 122 2202 ginis
134 2140 234 2207 Spiritus
246 2140 334 2204 sancti,
350 2156 401 2206 quae
412 2146 447 2193 est
459 2142 584 2209 processio.

94 2214 127 2262 Aul
142 2212 238 2262 tertium
256 2212 378 2263 dicendum
387 2251 395 2277 ,
410 2212 471 2279 quid
486 2214 582 2264 donum
598 2216 719 2277 autequam
736 2213 813 2277 detur,
831 2215 865 2263 cst

62 2283 152 2333 tantum
165 2273 254 2346 dantis3
269 2284 310 2335 sed
326 2288 446 2350 postquam
460 2286 539 2349 datur,
551 2289 586 2335 est
599 2284 651 2349 ejus
667 2284 703 2333 cui
720 2285 793 2334 datur.
808 2284 866 2344 Quia

61 2355 132 2417 igitur
147 2354 244 2404 donum
262 2366 308 2406 non
319 2355 427 2420 importat
437 2357 553 2407 dationem
565 2357 589 2406 in
599 2361 652 2406 actu
658 2393 666 2419 ,
677 2368 723 2407 non
733 2358 807 2420 potest
820 2356 867 2407 dici

63 2427 124 2491 quid
133 2430 163 2479 sit
171 2428 257 2479 donum
264 2428 373 2493 hominis,
380 2430 418 2480 scd
427 2430 512 2480 donum
522 2429 564 2480 Dei
572 2430 659 2492 dantis,
671 2430 723 2489 cim
732 2434 808 2479 autom
816 2428 865 2493 jam

61 2503 139 2551 <tatum
152 2505 203 2566 est,
217 2506 272 2551 tuuc
288 2496 388 2554 hominis
401 2506 436 2553 est
448 2504 485 2552 sot
495 2500 586 2567 spiritus
599 2502 636 2552 uel
648 2504 734 2553 datum.

95 2620 127 2683 (t)
143 2625 175 2667 tra
190 2634 220 2667 er
233 2634 308 2680 porco
324 2616 603 2682 concionarentur
619 2629 655 2669 est
671 2640 677 2668 ι
692 2624 726 2669 sic
744 2624 806 2670 enim
818 2626 865 2689 lv,

66 2694 225 2753 topicorum,
239 2694 343 2753 loquitur
351 2694 515 2755 Philosophus,
528 2702 554 2741 ut
573 2707 626 2752 cap.
638 2694 662 2741 2.
678 2702 748 2755 patet.
