1992 3342
130 211 176 260 att
322 219 383 258 raas
398 221 423 270 1,
441 217 532 265 eonas.
550 218 627 269 xxiii,
645 217 698 256 aar..
717 218 735 254 r.

125 296 145 361 1,
162 299 220 347 Cor.
230 297 266 346 tt:
279 313 292 344 ιι
301 297 432 346 Nosautem
442 309 489 346 non
501 295 606 360 spiritum
619 293 780 359 hujusmundi
791 294 929 360 accepimus,

123 368 166 418 sed
182 366 290 431 Spiritum
311 366 395 429 quiex
413 367 461 416 Deo
474 371 524 430 est,
536 371 562 416 nt
575 366 673 416 sciamus
689 379 741 429 que
758 364 772 414 a
790 367 838 416 lteo
853 368 930 418 donata

124 441 177 487 sunt
187 437 261 486 notis.
275 453 289 483 n
305 437 332 486 Si
346 450 400 500 ergo
421 437 526 487 homines
543 437 757 500 praedestinarentnr
773 435 788 485 a
806 437 856 488 lieo
870 437 930 502 (ctu

124 501 291 570 predestinatiu
302 506 332 557 sit
342 506 383 557 Dei
395 508 534 558 beneficium
542 507 565 571 t,
577 512 637 558 esset
648 505 821 570 praedestinatis
832 512 892 558 nota
899 519 931 558 sua

124 576 311 640 praedestinatio:
327 579 387 641 qnod
397 581 463 642 patet
475 591 525 628 esse
539 578 631 628 salsum.

157 649 201 697 Sed
217 653 296 698 eontra
310 653 355 711 est,
371 650 432 712 qnod
446 648 528 698 dicitur
547 649 617 698 Rom.
635 647 687 696 tllt
707 662 713 697 ι
732 664 746 694 ι(
762 649 825 706 Quos
837 649 932 711 prado

126 717 223 781 limavit,
236 721 278 770 hos
290 723 314 770 et
328 720 426 770 vocarit.
440 735 455 766 »
608 769 609 774 ,

159 789 168 855 (
176 791 319 842 Concnusro.
329 819 361 829 -
375 791 568 841 Praedestinantur
584 789 687 840 homines
703 788 792 852 alteo,
808 795 882 854 prout
895 803 934 840 on

127 860 193 910 nium
213 860 338 925 ordinatio,
361 861 464 925 ratioque
488 861 667 911 transmissionis
688 859 809 910 rationalis
821 865 934 912 creatus

129 931 155 982 in
170 934 276 984 ultimum
287 935 370 998 tinem,
384 934 409 982 in
422 934 473 997 ipsu
486 933 637 998 praesistit.)

160 1005 295 1068 Respondet
316 1005 452 1067 dicendum,
469 1003 530 1068 quod
548 1005 595 1053 Deo
614 1002 754 1053 conueniens
774 1006 811 1051 cst
835 1002 936 1052 homines

128 1075 299 1138 praedestinare.
321 1076 404 1126 Omnia
419 1076 483 1126 enim
499 1074 584 1125 diviua
599 1074 749 1138 procidentiae
764 1073 907 1136 subjacent,
917 1076 937 1120 nt

129 1158 198 1207 supra
211 1149 326 1195 ostensum
340 1151 376 1197 est
393 1162 399 1195 ι
416 1147 446 1196 ad
462 1144 631 1209 prouidentiam
649 1149 725 1194 antem
739 1143 845 1207 pertinet
864 1143 936 1194 resin

129 1215 199 1266 finem
213 1216 331 1280 ordinare,
352 1221 378 1267 ut
397 1217 485 1267 dictum
505 1220 547 1265 est.
570 1215 633 1266 Finis
654 1218 746 1276 autem,
769 1215 799 1263 ad
818 1227 891 1276 quem
906 1227 937 1261 res

128 1290 209 1336 creata
223 1288 356 1338 ordinantur
370 1287 384 1337 a
400 1293 462 1350 Deo,
474 1291 509 1337 est
521 1287 623 1350 duplex:
642 1300 716 1349 unns,
729 1285 770 1348 qui
781 1286 878 1335 excedit
891 1298 939 1349 pro

129 1355 257 1420 portionem
271 1364 358 1409 natnrae
372 1362 453 1408 ereata
467 1361 492 1410 et
505 1357 655 1420 facultatem,
673 1359 696 1406 et
717 1355 757 1406 hic
773 1355 828 1405 finis
846 1359 883 1406 est
896 1355 938 1402 sita

130 1432 224 1492 amana,
235 1444 285 1493 quae
296 1430 320 1478 in
331 1429 408 1479 diuina
417 1428 505 1478 visione
518 1428 632 1491 consistit,
643 1441 694 1490 qua
705 1430 740 1478 est
752 1440 825 1490 supra
835 1431 938 1476 naturam

131 1499 253 1564 cujustibet
265 1503 388 1562 creature,
402 1504 428 1549 nt
446 1513 514 1563 snpra
534 1499 636 1548 habitum
656 1502 691 1548 est
706 1497 763 1561 (qu.
783 1503 826 1560 ta,
841 1501 886 1548 art.
903 1497 937 1558 tt.

130 1571 195 1621 Alins
215 1575 292 1621 antem
312 1570 365 1620 finis
384 1573 419 1620 est
438 1575 523 1620 natura
545 1573 626 1619 creata
648 1569 853 1632 pronuntiemus,
875 1582 938 1633 quem

131 1641 218 1691 scilieet
239 1645 368 1690 reseruata
390 1645 465 1704 potest
484 1640 597 1702 attingere
617 1639 742 1692 secundnm
763 1639 880 1690 virtutem
897 1653 939 1689 sure

132 1717 226 1761 natura.
246 1712 280 1761 nd
298 1711 354 1760 itlnd
372 1716 448 1761 antem
468 1713 498 1761 ad
513 1711 574 1774 qnod
591 1723 637 1760 non
654 1713 729 1774 potest
749 1710 839 1772 aliquid
858 1711 940 1760 uirtute

132 1795 179 1833 sna
188 1786 275 1831 naturae
283 1782 414 1845 pervenire,
422 1786 511 1846 oportet
523 1783 583 1845 qnod
593 1782 621 1830 ab
632 1780 676 1830 alio
688 1779 858 1830 transmittatur
868 1797 876 1844 3
886 1781 940 1831 sicud

133 1853 215 1916 sagitta
234 1852 248 1902 a
269 1853 392 1915 sagittante
408 1854 507 1903 mittitur
527 1854 556 1903 ad
575 1853 685 1916 signum:
705 1852 785 1914 unde,
802 1853 898 1917 proprie
912 1854 942 1902 lo

135 1924 241 1988 quondo,
255 1925 372 1975 rationalis
386 1927 488 1975 creatura
499 1924 564 1988 (mia
573 1928 607 1974 est
615 1937 688 1988 rapax
699 1924 754 1974 uita
769 1925 881 1989 amnne)
893 1939 943 1988 per-

135 1997 226 2047 ducitur
243 1996 268 2046 in
288 1996 374 2060 ipsam,
395 1995 491 2059 quasia
511 1997 558 2045 Deo
578 1994 710 2044 transmissa
730 2009 736 2043 ε
759 1995 828 2057 cujus
850 1995 943 2058 quidem

134 2067 313 2118 transmissionis
326 2067 384 2116 ratio
397 2067 423 2115 in
435 2068 483 2116 [teo
496 2066 637 2130 praexistit,
653 2065 713 2126 sicut
732 2066 757 2114 in
777 2079 806 2116 eo
829 2071 866 2116 cst
887 2067 943 2117 ratic

135 2138 221 2189 ordinis
240 2138 342 2189 omnium
353 2137 378 2187 in
395 2137 477 2201 finem,
492 2151 560 2201 qnam
579 2136 676 2186 diximus
695 2149 744 2187 esse
763 2137 941 2201 prouidentiam.

135 2209 203 2258 Ratio
217 2213 292 2260 antem
301 2209 397 2273 alicujus
406 2209 476 2259 tiendi
488 2208 513 2258 in
526 2211 603 2258 mente
615 2208 697 2258 actoris
707 2207 810 2258 existens
816 2246 825 2272 ,
838 2213 875 2258 est
883 2221 946 2272 qua·

136 2275 189 2326 dam
208 2278 375 2341 praesidentia
395 2279 429 2329 rei
451 2278 532 2328 fienda
554 2275 579 2325 in
595 2287 623 2327 eo
642 2292 647 2325 :
666 2277 727 2328 unde
747 2277 806 2326 ratio
826 2278 945 2341 praedictae

135 2348 313 2400 transmissionis
323 2351 431 2400 creaturae
441 2349 559 2400 rationalis
571 2349 596 2398 in
611 2349 680 2398 finem
693 2347 746 2398 vitae
758 2351 870 2412 amram,
881 2362 946 2412 prm-

137 2417 277 2468 destinotio
293 2423 462 2470 nominetur:
477 2435 531 2472 nam
549 2420 664 2471 destinare
683 2422 718 2470 est
738 2419 841 2470 mittere.
861 2421 893 2470 Et
916 2421 948 2470 siu

137 2493 202 2552 patet
221 2489 282 2552 quod
297 2492 480 2556 praedestinatio,
493 2495 604 2556 quantum
615 2492 644 2542 ad
657 2491 765 2554 objecta,
786 2494 824 2540 cst
839 2493 948 2554 quedam

137 2574 191 2624 pars
203 2560 365 2624 providentia.

170 2631 308 2694 adprimum
317 2633 497 2695 ergodioendnm
503 2671 512 2697 ,
520 2633 580 2698 qnod
590 2635 744 2683 Damascenus
756 2633 864 2683 nominat
881 2650 951 2698 pean

139 2701 377 2751 determinationem
386 2703 554 2768 impositionem
565 2704 719 2766 necessitatis,
731 2704 789 2754 sicut
798 2708 834 2753 est
843 2705 868 2754 in
880 2707 952 2755 rehum

139 2771 341 2836 naturalibusque
351 2779 404 2824 suut
414 2776 617 2839 praedetcrmmatae
629 2776 657 2825 ad
672 2789 755 2839 nnum3
767 2777 829 2838 quod
840 2779 910 2840 patet
925 2791 954 2826 er

140 2857 168 2894 eo
183 2843 244 2904 qnod
257 2844 352 2894 subdit:
369 2864 383 2893 u
394 2849 444 2897 Nun
455 2847 518 2896 enim
534 2848 583 2897 vult
599 2847 723 2910 malitiam,
739 2861 814 2912 neque
828 2849 952 2912 compellit

140 2911 248 2962 rientem
258 2929 264 2962 z
273 2931 287 2962 u
296 2919 358 2966 node
367 2918 536 2979 praedestinatio
549 2931 595 2970 nun
608 2919 743 2970 excluditur.
