1992 3342
370 248 402 284 ns
418 248 473 286 vara
488 249 538 284 nna.
660 263 662 270 ι
809 241 852 287 tol

58 323 107 374 dun
121 322 158 374 ael
171 321 358 385 intelligendum.
371 324 401 374 nt
417 325 461 374 lsoe
479 324 548 376 modo
568 324 687 388 distinguit
706 324 857 390 Philosophus

57 396 135 444 viuere
148 407 191 458 per
203 393 244 444 illa
256 398 364 458 quatuor.
374 396 433 446 Nara
439 395 465 445 in
472 394 523 446 istis
531 395 689 459 interioribus,
698 400 795 460 quatuor
801 402 855 448 sunt

58 479 137 529 genera
150 465 281 516 viventium
296 482 302 515 r
317 480 414 530 quorum
432 467 536 530 quadam
555 469 641 518 labem
657 471 762 520 naturam
782 468 855 520 solim

57 537 205 588 adolendum
216 536 329 588 alimento
332 573 343 600 ,
351 540 377 588 et
386 537 416 587 ad
428 538 601 602 consequentia,
614 553 664 602 quae
679 543 734 589 sunt
748 553 858 603 augmen·

57 611 140 658 tumet
154 608 290 671 generatim
306 608 412 672 padam
424 608 521 660 alteritas
538 610 739 673 adsentiendum,
755 613 782 660 ut
793 613 858 673 patet

56 677 227 730 mandrilibus
233 678 397 742 immobilibus,
405 677 464 730 sicut
470 684 616 744 suntostrea;
626 681 731 746 quedam
740 681 796 750 uero
804 695 856 732 cum

57 749 194 802 maturius
208 751 239 801 ad
251 750 392 801 movendum
405 764 430 802 se
443 751 569 804 secundnm
583 753 668 816 locum,
679 752 740 804 siout
749 752 856 803 animalia

58 823 168 886 perlecta,
177 827 204 873 at
218 822 389 887 quadrupedia,
399 826 423 873 et
431 823 546 886 volatilia,
555 827 579 874 et
590 823 735 888 hujusmodi3
749 824 853 888 qraaedm

59 893 107 944 aero
120 893 219 946 alterids
232 894 262 944 ad
278 893 468 957 intellgendum,
480 893 542 946 sicut
556 893 669 945 homiues,

85 972 117 1022 ,ld
127 967 259 1022 mundum
275 978 330 1028 ergo
349 963 470 1015 desudans
477 1002 486 1028 ,
504 963 566 1028 quod
578 979 655 1029 opero
666 968 725 1015 uitoe
736 965 854 1028 dicuntur,

60 1053 148 1101 quorun
159 1035 277 1104 principia
290 1034 382 1086 suntin
397 1035 559 1099 operantibus,
571 1039 596 1085 ut
609 1027 704 1101 seipsos*
709 1036 819 1086 inducant
831 1037 856 1085 in

61 1113 114 1162 tales
129 1109 285 1175 operationes.
300 1105 418 1169 Contingit
434 1110 512 1158 autem
528 1106 655 1171 munorum
672 1121 768 1171 operum
782 1107 857 1158 inesse

60 1182 184 1232 hominibus
201 1193 251 1230 non
270 1177 346 1228 sollum
363 1177 477 1242 principia
494 1178 607 1228 naturalia
627 1181 666 1244 (ut
678 1182 732 1230 sunt
749 1178 857 1243 potentie

59 1255 199 1318 catardos),
212 1251 341 1304 sedetiam
358 1250 464 1314 quaeum
475 1250 636 1314 superaddita,
655 1256 680 1302 at
700 1255 753 1302 suat
768 1251 859 1302 habitus

56 1326 189 1378 indicantes
198 1325 228 1375 ad
241 1323 347 1387 quadm
357 1322 515 1385 operationum
524 1333 617 1386 genera,
629 1323 695 1386 quasi
711 1336 752 1386 per
767 1323 858 1372 modum

57 1402 137 1449 natura
145 1403 171 1448 et
179 1395 295 1446 fauentes
302 1393 354 1443 illas
361 1392 506 1456 operationes
515 1403 564 1444 esse
572 1393 725 1444 delectabiles.
735 1394 763 1444 nt
774 1405 804 1442 cx
812 1394 857 1443 lsoc

55 1467 149 1532 dictur,
163 1465 231 1532 quasi
247 1478 289 1529 per
302 1463 415 1528 qanndm
428 1463 617 1527 similitudinem,
629 1464 691 1528 qudd
703 1464 743 1514 illa
755 1463 858 1527 operatio

55 1554 104 1601 que
115 1545 150 1591 est
162 1537 256 1590 nomini
266 1535 421 1598 delectabilis,
436 1539 460 1586 st
472 1537 501 1585 ad
511 1550 581 1600 quam
591 1536 721 1599 induatur,
736 1541 760 1586 et
774 1536 799 1584 in
812 1549 858 1599 qua

55 1615 218 1673 movenatur,
236 1611 262 1661 et
283 1607 374 1658 ordinat
389 1606 461 1660 vitam
476 1621 542 1658 suam
560 1608 588 1658 ad
601 1608 687 1672 ipsam,
708 1607 789 1658 dicitur
802 1608 857 1658 utto

54 1681 169 1734 lemano.
187 1682 255 1734 llude
269 1679 363 1744 quidam
372 1679 477 1730 dicuntn
485 1692 554 1742 agere
566 1679 637 1732 uitam
648 1680 795 1742 luxuriosam,
807 1679 858 1743 qui-

55 1753 103 1802 danr
114 1755 189 1806 ailam
202 1755 341 1814 nonaum,
353 1754 377 1800 et
389 1763 430 1814 por
443 1751 506 1800 launo
522 1751 612 1800 modum
623 1750 671 1801 alta
681 1750 858 1814 contenplativa

53 1824 81 1872 as
93 1827 169 1876 activa
179 1823 343 1887 distinguitur,
359 1825 383 1872 et
398 1835 440 1885 per
452 1823 515 1872 laune
531 1820 600 1872 etlam
616 1824 708 1874 modurn
723 1835 858 1885 cognoscere

55 1897 122 1946 ὓειιιιι
133 1898 220 1949 dicitur
228 1898 288 1946 cita
300 1897 403 1943 oetemao.

85 1970 149 2021 Unde
160 1971 227 2034 patet
240 1964 325 2018 solutio
336 1964 366 2016 ad
375 1964 477 2016 tertium.

347 2109 503 2161 aduentus
519 2107 560 2158 lll.

278 2237 365 2284 Utrdm
377 2237 426 2284 Deo
438 2238 566 2284 conueniat
576 2237 636 2282 otta.

79 2374 114 2425 id
129 2371 231 2425 tertiam
244 2370 279 2422 sic
297 2368 427 2434 proceditur
443 2369 487 2432 (1).
502 2369 595 2420 Videtur
612 2367 672 2432 quod
688 2369 734 2419 dec
748 2381 794 2419 non
808 2380 861 2418 con·

51 2446 128 2496 suntad
138 2445 202 2495 rita.
214 2442 300 2493 Vivere
312 2439 374 2490 enim
388 2440 494 2491 dicuntur
506 2439 581 2505 aliqua
596 2439 721 2490 secundum
737 2437 798 2504 qudd
813 2453 862 2492 mo-

51 2523 104 2567 reat
118 2517 220 2581 seipsa,
239 2517 266 2564 ut
285 2512 371 2563 dictum
388 2515 431 2563 est.
448 2513 493 2563 Sed
506 2513 552 2563 [leo
565 2525 612 2561 non
630 2512 738 2576 competit
752 2511 859 2563 moueri:

48 2604 101 2652 ergo
116 2600 204 2652 neque
218 2585 310 2636 uisere.

77 2667 101 2709 2,
117 2661 254 2720 Praeterea,
272 2655 298 2705 in
316 2654 420 2704 omnibus
433 2667 484 2718 quas
501 2653 595 2716 vivunt,
610 2654 645 2702 est
655 2651 758 2717 accipere
771 2652 861 2716 aliquod

48 2732 143 2784 risendi
157 2727 320 2795 principium
335 2726 396 2776 uude
410 2725 491 2776 dicitur
500 2723 526 2774 in
537 2725 567 2788 ll,
583 2724 720 2774 dedeima
735 2725 805 2788 (text.
820 2726 859 2784 dl,

82 2860 115 2920 (l)
126 2864 165 2907 lte
175 2858 297 2904 laisetiana
307 2858 329 2913 1,
342 2854 413 2902 cont.
425 2855 506 2904 ΟΜ,
517 2867 569 2911 unp.
578 2852 618 2910 on,
627 2852 666 2911 98,
676 2851 721 2906 99;
732 2859 756 2898 et
765 2853 806 2898 lib.
818 2855 859 2906 lv,

47 2937 104 2980 rap·
123 2923 156 2970 13
176 2940 185 2976 ς
207 2927 232 2965 et
243 2922 274 2964 δη
290 2920 366 2968 loos,
384 2919 447 2977 xlv,
465 2917 522 2964 lect.
537 2919 565 2976 2,
581 2917 626 2964 col.
646 2917 676 2969 ἡ
691 2921 714 2961 at
728 2917 757 2960 iu
773 2913 816 2957 lit.
829 2915 860 2968 ll,

46 2989 172 3047 Helops..
183 2986 242 3029 lect,
258 2981 288 3041 ἢ,
302 2983 348 3026 col.
363 2979 387 3024 5.
