1992 3342
107 207 184 278 ,odos
316 237 376 274 raus
392 235 519 286 ηοω.
534 236 606 286 ame,
622 236 680 274 aar.
695 235 742 274 su.

139 309 228 362 indm
236 311 374 374 pronitatem
387 312 415 362 ad
428 313 569 376 pemmd-
582 316 606 362 et
617 314 732 362 motivum
743 314 777 363 ad
788 314 936 377 pennulam
990 332 992 335 ·

139 381 164 430 Si
180 393 236 444 ergo
248 383 417 434 eousidaemus
434 381 560 445 manuelis
575 385 713 447 pronitatem
729 386 759 434 ad
778 389 937 448 pausandum,

139 452 216 502 minis
230 451 318 504 ridetur
331 453 392 517 quod
406 454 554 516 peotaummt
567 455 699 517 superiores
712 456 810 518 angeli,
821 459 892 520 quam
905 457 938 505 iu-
990 458 992 484 ²

138 523 240 576 leuiores.
251 525 280 574 nt
289 533 380 588 propter
388 526 431 575 troc
442 526 594 575 Damascenis
604 525 654 589 (tib.
663 527 700 585 11,
712 540 767 589 esp.
779 528 805 590 t)
817 528 875 578 dicit
883 528 939 591 quiid

140 613 154 642 o
165 598 238 660 major
246 609 323 648 eorum
334 597 374 661 quii
383 601 543 661 peceaverunt,
553 598 597 648 luit
605 599 706 648 terrestri
714 600 794 649 ordini
802 602 939 664 praelatus.»

139 667 168 717 Et
179 668 269 718 uidetur
278 671 326 718 truc
336 669 414 732 opinio
427 682 550 719 eousoume
559 667 668 733 positioni
681 671 865 732 Ptatouiwrum,
876 688 939 735 ouans

139 740 276 800 Augustinus
288 740 368 789 recitat
380 741 405 789 in
423 739 462 790 lib.
479 741 517 789 De
529 741 607 790 Ciutt.
622 741 684 796 Dei,
702 742 755 790 Vlll
765 748 792 792 et
809 744 831 792 X
846 757 853 791 :
867 743 940 792 disum
990 796 992 799 ,

138 807 199 858 enim
213 807 272 872 qudd
285 823 364 859 omnes
377 808 409 858 dii
418 813 483 859 erant
495 810 565 872 ltoui3
576 811 616 860 sed
630 812 758 859 damonum
772 812 870 875 quidam
880 815 939 867 honi,
990 810 992 903 l

139 879 229 942 quidam
244 879 312 930 mali:
325 883 389 930 Deos
398 881 539 930 nominantes
548 880 685 930 substautias
695 881 884 946 intellectuales,
894 900 939 946 qna
990 919 992 962 ἰ

138 951 191 999 suut
202 947 213 998 l
226 949 292 1012 globo
305 951 379 1002 lurnau¹
389 951 507 1016 superius,
517 951 643 1000 demones
654 949 709 1002 uerd
719 953 866 1004 substautias
878 956 941 1004 intel-
990 968 992 1017 j

139 1021 261 1082 lectuales,
276 1035 327 1087 qne
340 1026 393 1074 sunt
407 1023 420 1074 l
433 1025 500 1086 globo
511 1023 585 1072 lunari
597 1022 706 1085 interius,
720 1026 856 1088 superiores
872 1027 941 1077 noni
990 1029 992 1103 ξ

140 1093 208 1143 uibus
221 1093 299 1146 ordine
311 1099 405 1146 natura.
420 1093 466 1145 Neo
483 1100 519 1145 est
534 1094 665 1158 abjicienda
678 1093 728 1144 hee
738 1097 821 1158 opinio
837 1102 940 1161 unquam
990 1106 992 1109 ·

141 1161 154 1214 l
166 1165 209 1215 dde
220 1165 303 1230 aliem,
315 1168 367 1232 qnia
379 1171 425 1218 tota
436 1170 540 1216 ereatura
551 1166 675 1228 corporalis
685 1166 863 1218 adminstratur
877 1169 942 1218 alteo

140 1249 181 1300 per
194 1240 298 1302 angelos,
313 1241 338 1288 ut
352 1237 489 1302 Augustinus
498 1236 567 1300 dicit,
577 1238 606 1287 ll.
619 1239 656 1286 De
671 1236 739 1305 driu.
755 1238 820 1303 (sap.
831 1243 867 1303 t).
882 1242 941 1290 Unde

141 1311 197 1360 nihil
217 1307 322 1374 prohibet
339 1311 412 1360 dicere
432 1309 553 1360 interiores
571 1309 666 1372 angelos
682 1308 795 1360 dirimtus
813 1311 943 1361 distributos

139 1395 189 1432 esse
201 1384 228 1432 ad
243 1381 446 1432 administrandum
463 1379 571 1430 interiora
583 1392 691 1444 corpora,
701 1381 835 1445 superiores
849 1382 907 1434 verd
918 1382 942 1430 ad

140 1451 340 1504 administrandum
352 1465 444 1518 corpora
455 1451 581 1516 superiora,
596 1463 715 1516 supremos
727 1450 782 1502 uero
796 1455 827 1503 ad
837 1456 944 1505 assistens

139 1525 193 1574 dum
209 1525 264 1574 neo.
280 1525 308 1574 Et
325 1521 508 1574 secundiniano
525 1524 678 1577 Damaseenus
697 1522 755 1573 dicit
771 1525 837 1588 qndd
855 1525 890 1575 illi
909 1527 945 1588 qui

140 1595 283 1660 oeciderunt,
299 1597 390 1646 luerunt
403 1595 431 1645 de
447 1591 605 1658 interioritas,
620 1593 646 1643 io
665 1605 763 1658 quorum
779 1595 855 1645 etiam
869 1599 944 1646 urdine

139 1665 210 1728 aliqui
222 1667 276 1716 boni
292 1666 368 1728 augeli
383 1668 564 1730 permanserunt.

171 1737 196 1786 Si
213 1736 268 1788 uerd
283 1737 438 1788 consideretur
451 1736 562 1787 motivum
576 1737 604 1786 ad
618 1737 775 1800 peoeaudum,
791 1739 872 1802 majus
883 1739 946 1788 inre·

140 1807 202 1858 uitur
215 1807 241 1858 in
256 1807 409 1872 superioribus
424 1805 491 1872 qulm
507 1806 530 1856 in
544 1805 698 1858 interioribus.
712 1808 766 1858 Fuit
782 1809 848 1858 enirn
862 1812 945 1860 demo»

139 1891 195 1928 num
206 1885 324 1943 peecatum
333 1879 452 1944 superbia,
469 1881 495 1929 ut
508 1891 577 1942 supra
589 1879 674 1928 dictum
685 1882 734 1940 est3
750 1879 821 1942 cujus
835 1881 943 1930 motivum

140 1955 177 2000 est
190 1949 338 2014 excutientia,
352 1965 402 2015 quae
414 1950 459 2000 fuit
475 1947 585 2014 majoris
603 1949 766 2013 superioribus
781 1951 813 1999 Et
825 1951 881 2002 ideo
893 1951 944 2000 Gre

75 2050 78 2058 ·
141 2019 216 2084 gorius
226 2021 297 2083 dicit,
310 2021 371 2088 qudd
382 2023 421 2071 ille
438 2022 478 2086 qui
489 2021 593 2086 peccauit
610 2018 655 2071 init
665 2021 767 2085 superior
779 2021 845 2072 inter
855 2037 942 2074 omues

141 2093 168 2142 Et
184 2094 227 2142 hoo
241 2093 331 2144 uidetur
346 2092 501 2158 probabilius,
519 2089 573 2155 qula
591 2097 710 2156 peecatum
728 2093 808 2156 augeli
828 2109 877 2144 non
894 2110 943 2159 pru

140 2163 207 2216 cessit
227 2165 343 2230 exaliqua
362 2164 492 2228 pronitate,
507 2164 547 2213 sed
567 2173 596 2213 ei
612 2162 660 2212 soto
677 2161 748 2213 libero
765 2163 871 2214 arbium.
883 2165 943 2216 tude

141 2235 214 2298 magis
229 2235 320 2286 videtur
337 2235 499 2286 consideranda
516 2247 566 2284 esse
577 2234 635 2283 ratio
650 2248 700 2296 qne
715 2235 817 2284 sumitur
830 2236 845 2285 1
859 2237 942 2286 motiro

115 2311 119 2318 '
140 2305 168 2355 ad
184 2309 329 2369 peccandum.
345 2307 394 2355 lton
413 2311 449 2355 est
463 2308 540 2356 tamen
552 2305 606 2354 inde
619 2305 659 2354 atii
675 2305 778 2369 opinioni
791 2307 943 2370 praejudican-

140 2377 208 2440 dum,
222 2379 275 2442 quia
289 2379 358 2427 etiarn
371 2377 396 2426 in
406 2377 510 2442 principe
520 2374 655 2427 interiorum
664 2377 798 2438 angelorum
810 2378 888 2442 potuit
896 2390 943 2427 esse

139 2448 229 2512 aliquo-l
246 2449 354 2499 motivum
367 2450 394 2497 ad
405 2450 556 2512 peccandum.

173 2521 206 2568 ttd
219 2520 320 2584 primum
343 2533 397 2583 ergo
413 2519 547 2579 dicendum,
568 2515 627 2583 quod
643 2517 759 2568 cherubim
780 2519 943 2584 interpretatur

138 2590 272 2654 plenitudo
286 2593 408 2653 scientio,
422 2591 537 2655 seraphim
550 2595 626 2640 autem
644 2591 807 2653 iuterpretatur
826 2592 943 2640 umentes

139 2659 189 2710 siue
204 2661 367 2711 incendentes.
382 2661 410 2711 Et
424 2663 458 2712 sio
470 2667 534 2726 patet
545 2659 606 2724 qudd
617 2661 739 2710 cherubim
753 2661 915 2712 denominetur
929 2661 941 2708 'a

138 2731 243 2789 suenda,
255 2745 306 2794 qna
318 2737 393 2794 potest
407 2746 458 2783 esse
469 2747 522 2782 oum
532 2733 623 2782 mortali
634 2738 742 2796 peceato3
750 2734 880 2796 serapiam
891 2733 941 2782 serii

138 2800 297 2850 denominatur
306 2803 335 2850 ab
342 2804 421 2852 ardore
430 2805 556 2865 conlutis,
565 2817 677 2866 queeum
688 2807 783 2867 peceato
794 2806 886 2856 moruti
893 2818 941 2854 esse

139 2881 185 2916 non
200 2875 283 2932 potest.
294 2871 322 2919 111
336 2873 389 2922 ideo
402 2873 490 2934 primus
506 2874 602 2936 angelus
614 2887 713 2938 pensons
729 2889 778 2925 non
791 2880 829 2926 est
842 2875 941 2926 (10ωωί

139 2941 206 2986 uatus
218 2939 356 3002 seraptim,
372 2943 413 2992 sed
425 2944 566 2995 odenmsm,
