1992 3342
263 359 266 364 .
304 354 308 360 .
346 324 504 360 aasumensi
517 326 566 361 nsi
642 330 647 335 ·
673 332 677 340 ·
835 316 879 363 tet

83 413 145 471 quam
158 398 268 450 rationem
279 399 429 480 prohabilem
442 400 586 451 Manifestum
604 404 639 451 est
658 403 733 449 auitam
747 398 808 462 quod
822 401 881 451 llous

82 476 109 520 ιε
121 468 221 535 partomi
232 469 350 531 cognoscit
359 469 469 533 seipsum,
479 471 539 521 sicut
549 470 708 533 cognoscibilis
716 474 759 521 εει.
767 472 807 521 Est
817 471 880 521 enim

81 541 252 605 mumquodoue
262 540 415 602 cognoscibile
437 542 560 591 secundum
578 541 669 591 modum
682 541 719 591 sui
732 545 816 593 actua:
834 555 881 593 non

80 612 135 661 euim
145 611 292 674 cognoscitur
304 611 391 674 aliquid
407 614 534 662 secundum
552 610 631 675 quod'
625 626 650 662 m
662 612 763 676 potentia
777 615 825 677 εει,
840 614 880 663 sed

79 687 195 733 aecuuelum
209 681 272 745 quod
289 685 325 732 est
343 682 367 730 in
382 686 447 745 actu,
461 688 487 732 ut
499 682 580 733 dieitm
594 684 619 732 iu
630 684 669 745 tx,
688 686 797 746 Metonis.
808 684 881 735 Tanta
978 722 979 731 ,

78 758 110 805 εει
121 758 196 804 autem
208 753 283 803 vinos
291 752 333 802 llei
341 752 541 816 mcognosnnm,
554 758 638 817 quanta
652 757 687 804 εει
698 753 817 804 actualitas
828 756 880 818 ejus
978 776 979 805 u

76 828 99 875 in
110 826 226 877 enmtendo
233 825 267 889 (1)
277 840 282 873 :
291 824 343 888 quia
352 838 396 888 per
406 826 451 874 hoc
462 822 523 888 quod
531 829 583 875 aetu
591 829 635 888 est,
644 829 667 876 et
679 826 707 876 ab
714 826 777 875 omni
784 826 880 877 macena

77 902 99 947 et
108 896 208 961 potentia
216 898 354 959 separatus,
363 896 424 944 Deus
435 895 604 957 cognoscitivus
614 900 657 959 est,
668 899 694 946 ut
707 898 824 948 ostensum
830 902 878 949 ἐει.

78 969 136 1019 Unde
147 967 297 1018 manifestum
311 971 347 1017 est
361 965 422 1030 quod
439 970 529 1017 tantum
541 968 641 1031 seipsum
661 969 791 1031 cognoscit,
805 982 880 1032 quan·

76 1045 121 1089 tum
132 1037 292 1103 cognoscibilis
307 1044 356 1101 est,
370 1042 394 1087 et
411 1044 504 1103 propter
523 1042 566 1090 hoe
582 1040 681 1105 seipsum
700 1038 802 1104 perfecte
817 1054 880 1092 com·

78 1111 201 1173 meientit.

107 1182 243 1247 ltprimum
256 1194 312 1244 ergo
326 1180 461 1245 (licendum,
476 1181 537 1245 quod
550 1184 769 1245 comprehendere,
790 1184 809 1234 si
826 1198 878 1249 pro

77 1252 126 1320 prii
139 1254 275 1318 accipiatur,
285 1252 401 1316 significat
412 1254 497 1317 aliquid
508 1256 596 1304 habens
607 1258 630 1305 et
640 1254 760 1307 includens
769 1256 874 1309 alterum.

76 1326 103 1375 Et
116 1326 147 1375 sic
160 1330 249 1391 oportet
268 1324 331 1389 quod
350 1338 416 1375 omne
435 1328 624 1389 comprehensum
644 1326 674 1375 sit
692 1326 794 1391 finitum,
817 1328 876 1377 sicut

73 1412 134 1449 omne
153 1399 279 1448 inclusum.
298 1397 350 1446 Non
369 1396 496 1447 sinautem
514 1397 678 1460 comprehendi
691 1398 843 1449 diciturlleus
861 1398 875 1447 1

71 1471 149 1535 seipso,
160 1475 188 1522 ut
197 1470 332 1520 intellectus
341 1483 395 1519 suus
402 1470 432 1520 sit
441 1470 502 1520 aliud
516 1468 584 1535 qulam
594 1469 659 1533 ipse,
673 1473 697 1519 et
711 1470 788 1533 cupiat
800 1470 875 1533 ipsum

70 1545 93 1590 et
106 1543 227 1593 includat:
246 1542 289 1591 se'd
307 1540 439 1604 hujusmodi
461 1541 587 1591 locutiones
604 1554 645 1605 per
662 1540 807 1604 negationem
822 1546 875 1591 suut

70 1615 216 1675 muniendae.
224 1612 291 1663 Siout
300 1610 429 1661 euimlleus
440 1611 523 1661 dicitur
536 1625 585 1662 esse
598 1610 624 1661 in
634 1610 718 1675 seipso,
730 1611 783 1675 quia
792 1610 874 1663 anullo

71 1684 170 1736 extenori
176 1684 322 1745 continetur,
330 1682 363 1731 ita
371 1682 453 1732 dicitur
459 1684 621 1747 comprehendi
632 1683 736 1747 iscipso,
750 1682 804 1747 quia
815 1682 873 1733 nihil

68 1760 102 1805 est
113 1757 146 1807 soi
156 1758 222 1822 quod
237 1757 312 1805 lateat
327 1754 411 1817 ipsum.
429 1754 488 1803 llicit
502 1754 561 1804 euim
581 1754 720 1817 Augustinus
740 1754 765 1804 in
787 1754 827 1805 lib.
844 1756 873 1804 de

67 1830 165 1879 ommno
183 1830 272 1878 Deam
286 1824 320 1889 (t)
340 1824 401 1889 quod
422 1828 526 1877 «totum
544 1826 743 1889 comprehenditur
758 1824 871 1889 videndo,

68 1899 123 1962 quon
133 1900 165 1949 ita
177 1899 284 1959 uidetur,
299 1901 324 1945 ut
337 1893 396 1944 nihil
410 1896 460 1960 ejus
470 1897 539 1947 lateat
551 1896 675 1947 uidentem.
685 1914 699 1943 »

94 1970 124 2020 tu
135 1970 268 2021 seeundum
287 1966 425 2029 dicendum,
439 1966 500 2030 quod
515 1967 567 2017 eim
586 1968 683 2031 (licitur,
703 1970 769 2018 Deos
785 1966 873 2029 finitus

65 2044 171 2098 esttibi,
193 2038 374 2100 intelligendum
388 2041 424 2088 est
439 2040 564 2089 secundum
578 2039 691 2102 quandam
702 2036 874 2088 similitudinem

62 2112 231 2175 proportionis3
243 2108 299 2173 quia
313 2108 347 2158 sic
363 2121 389 2157 se
405 2109 476 2174 hahet
488 2109 513 2157 in
526 2122 572 2159 nou
589 2108 721 2158 excedendo
732 2108 875 2171 intellectum

61 2195 138 2247 muns,
150 2183 213 2234 sicut
227 2180 339 2231 sehabet
354 2178 440 2243 aliquid
453 2180 543 2231 linitum
557 2178 582 2228 in
596 2192 642 2229 uon
655 2178 786 2229 excedendo
804 2178 874 2235 inlel-

60 2254 139 2305 lectum
152 2254 258 2305 finitum.
277 2253 330 2301 Nou
344 2254 421 2300 autem
434 2251 467 2301 sic
480 2251 561 2301 dicitur
579 2252 639 2302 Deus
651 2249 696 2303 sibi
706 2248 798 2313 flatus,
814 2248 873 2313 quod

60 2325 105 2387 ipse
116 2324 237 2387 intelligat
247 2334 274 2373 se
289 2334 340 2371 esse
352 2321 437 2384 aliquid
452 2322 503 2370 linit
492 2325 550 2371 t.urn

88 2454 118 2514 (1)
133 2456 372 2513 Colligitnrextent
384 2451 424 2509 20,
434 2452 483 2496 slva
497 2458 550 2508 oa'p
565 2450 604 2507 11,
619 2452 689 2495 velin
708 2448 768 2495 edit
784 2461 871 2523 gemno-

57 2516 95 2560 Ιει.
106 2530 162 2575 cap.
176 2517 203 2575 e,
215 2516 259 2561 nbi
273 2527 304 2560 ea
316 2518 434 2572 quaeunt
446 2514 471 2557 in
485 2514 597 2569 potentia,
609 2520 664 2557 tum
668 2512 777 2557 demum
771 2512 868 2557 inventri

56 2578 169 2637 dicmur,
185 2580 241 2625 oum
262 2578 293 2623 ad
309 2581 388 2623 actum
400 2576 479 2621 reduci
493 2590 523 2621 ea
535 2575 670 2633 contigerit3
688 2581 712 2619 et
724 2574 869 2631 subjungitur

55 2650 131 2699 ema,
143 2643 203 2699 qnia
217 2639 365 2687 intellectio
358 2650 410 2695 ipsa
421 2644 458 2683 eat
471 2645 536 2683 aetus
549 2638 654 2694 quidam,
668 2637 766 2693 ideoque
778 2635 867 2693 agendo

55 2706 227 2763 cognoscimus,
237 2703 276 2747 vel
290 2701 364 2761 fiuntc
372 2712 470 2789 geneum
478 2704 597 2757 ποιοῦντες
604 2698 743 2769 moncons)
753 2698 868 2757 facientes

54 2778 226 2903 olm
238 2842 314 2900 opust
329 2841 386 2899 tle,
399 2842 428 2887 ael
440 2842 560 2888 Paulinam
566 2852 636 2898 ,can
652 2840 676 2899 9,
689 2842 729 2887 ubu
741 2840 771 2887 uel
781 2840 867 2885 mentes

56 2902 159 2952 olim
175 2908 243 2954 istud
259 2905 349 2962 retent,
361 2910 386 2949 et
399 2905 467 2952 aliam
478 2902 656 2961 explicationem
669 2903 734 2948 addit
743 2902 774 2947 eud
784 2900 867 2946 sentos

54 2972 162 3024 m
181 2968 373 3029 purum,
384 2967 446 3021 qnod
463 2966 610 3021 clemoici
622 2966 713 3022 possum
724 2966 774 3019 ejus
788 2962 866 3007 tinem.
