1992 3342
352 209 382 243 nn
400 209 501 245 enrrarn
517 211 565 245 ner.
682 188 688 205 '
822 200 865 247 139

57 288 130 350 potest
145 281 311 332 communicari
326 282 370 331 nisi
384 284 424 332 uni
438 287 536 333 tantum.
554 284 578 331 Si
597 297 652 346 ergo
666 286 771 335 Socrates
790 300 830 349 per
844 286 867 337 id

56 359 114 404 esset
133 356 205 404 homo
221 366 265 416 per
279 353 341 416 quod
359 359 394 403 est
407 354 445 403 hie
463 356 546 417 homo,
567 355 626 405 sicut
642 369 688 407 non
707 360 802 419 possunt
818 370 868 408 esse

57 427 132 487 plures
150 426 274 486 Socrates,
296 424 329 476 ita
348 438 395 474 non
413 429 506 488 possent
530 439 579 475 esse
599 427 676 488 plures
691 427 803 477 leoninos.
821 430 868 477 lloe

58 501 134 546 autern
151 496 264 547 convenit
277 498 341 545 lteo.
354 509 406 544 nem
417 496 466 559 lpse
480 499 541 546 lleus
552 502 586 547 est
598 510 639 547 sua
649 503 746 561 natura,
758 504 784 549 ut
797 498 867 561 supra

59 571 172 616 ostensum
186 572 230 617 est.
248 566 383 617 Secrurdum
404 566 473 628 igitur
495 567 557 616 idem
574 572 609 617 est
625 570 684 619 Deus
700 573 724 618 et
739 569 777 619 hle
797 570 864 619 Deus.

62 637 199 699 Impossibile
213 642 249 698 est
260 638 333 699 igitur
345 650 395 686 esse
409 638 486 699 plures
501 639 566 687 ileos.

91 708 193 759 Seeumo
205 708 261 758 uero
273 722 302 757 ex
316 707 431 757 infinitate
448 708 499 771 ejus
514 709 669 771 perfectionis,
693 712 814 761 ostensum
829 717 865 762 est

59 778 124 828 enim
138 794 220 843 supra,
234 779 297 843 quod
310 780 372 830 Deus
386 780 560 843 comprehendit
577 780 601 829 in
620 795 644 831 se
660 785 731 832 totam
745 782 870 846 perlectio-

59 863 113 899 nem
127 851 228 900 essendi.
244 851 269 899 Si
281 865 336 913 ergo
350 853 427 899 essent
440 851 517 916 plures
527 850 571 913 dii,
582 854 697 914 oporteret
710 866 749 903 eos
758 852 866 905 differre:

55 922 141 986 aliquid
155 935 211 984 ergo
225 922 362 971 conueniret
372 920 413 970 uni
424 922 484 984 quod
495 936 542 971 non
555 922 632 984 alieri,
645 926 668 971 et
681 923 714 973 sie
726 923 811 986 ille‚iu
825 938 871 987 quo

57 996 118 1041 esset
136 992 252 1055 privatio,
267 1005 315 1041 non
330 995 392 1041 esset
408 991 543 1055 simpliciter
561 992 676 1057 perlectus
695 992 742 1057 (l),
755 994 775 1043 si
792 997 869 1043 autem

58 1066 99 1112 hoe
112 1067 190 1125 esset,
204 1062 321 1127 perfectio
332 1062 400 1112 elteri
411 1075 488 1112 eorum
503 1064 600 1113 deesset.
612 1064 753 1127 Impossibile
768 1068 803 1113 est
814 1078 870 1126 ergo

57 1148 105 1183 osse
121 1136 202 1197 plures
219 1136 289 1183 lteos.
309 1135 374 1183 Unde
390 1137 413 1183 et
428 1134 516 1197 antiqui
532 1135 674 1198 philosophi,
687 1136 752 1199 quasi
771 1136 800 1185 ah
819 1135 869 1198 ipsa

58 1205 130 1254 roseti
152 1204 270 1267 veritate,
292 1207 406 1267 ponentes
428 1204 567 1268 principium
590 1204 718 1267 inlinitum,
743 1208 869 1268 posuerunt
893 1196 901 1213 ⁸

59 1289 129 1323 rmum
142 1274 238 1323 tenthm
252 1274 415 1337 principium(
432 1275 449 1337 l.

87 1344 182 1407 Tertiis,
191 1346 221 1394 ah
236 1346 327 1394 unitate
341 1345 428 1394 mundi.
444 1346 526 1396 Omnia
539 1346 600 1395 enim
609 1360 660 1409 quae
672 1351 739 1408 sunt,
749 1346 874 1395 inveniun-

60 1422 95 1465 tur
105 1430 158 1465 esse
178 1416 287 1465 ordinata
302 1416 330 1465 ab
345 1414 463 1478 inuicem,
477 1417 533 1465 dum
543 1416 645 1478 quedam
654 1416 787 1478 quibusdam
798 1417 874 1464 deser-

61 1486 133 1535 riunt.
145 1489 202 1546 Quae
216 1489 296 1535 autem
306 1486 399 1534 diversa
410 1491 475 1549 sunt,
487 1486 513 1535 in
528 1500 599 1535 uuum
613 1485 715 1535 ordinem
731 1499 778 1535 non
791 1498 874 1534 eonve-

64 1556 153 1620 uirent,
165 1558 211 1607 nisi
231 1558 262 1607 eh
284 1556 362 1620 aliquo
376 1570 420 1605 uno
438 1557 605 1607 ordinarentur.
621 1556 701 1606 illelius
720 1556 782 1606 enim
802 1556 874 1605 multa

66 1628 201 1680 reducuntur
213 1629 241 1677 in
255 1629 329 1679 unum
338 1627 441 1679 ordinem
453 1642 494 1691 per
506 1642 586 1690 unum,
596 1627 663 1690 quem
673 1629 805 1691 permulta,
819 1628 873 1691 quia

65 1713 105 1760 per
117 1714 141 1750 se
157 1700 227 1751 unius
240 1713 313 1748 unum
326 1703 361 1748 est
374 1711 455 1761 eausa,
467 1704 491 1749 et
509 1701 579 1749 multa
596 1714 641 1751 non
656 1704 708 1749 sunt
721 1712 788 1749 causa
805 1700 874 1749 unius

65 1770 106 1819 oid
115 1785 157 1833 per
170 1771 298 1831 adsidens,
310 1770 460 1833 inquantum
468 1770 556 1820 seilicet
566 1775 619 1820 sunt
632 1770 707 1834 aliqrm
721 1772 873 1823 modounum.

67 1840 121 1890 Cirm
132 1844 205 1905 igitur
217 1841 290 1903 illud,
305 1841 367 1903 quod
381 1844 418 1889 est
430 1841 537 1904 primum,
550 1842 579 1891 sit
592 1842 786 1905 perfectissimum
799 1846 824 1891 et·
834 1855 876 1904 per

69 1925 105 1975 se,
114 1928 161 1963 non
172 1926 216 1976 per
228 1911 345 1973 eeeidens,
354 1914 444 1973 oportet
457 1910 518 1974 quod
531 1912 629 1975 primum
637 1914 747 1963 reducens
760 1911 836 1961 omnia
852 1912 875 1959 in

68 1999 135 2033 unum
145 1984 252 2034 ordinem
263 1983 294 2031 sit
305 1996 378 2031 unum
390 1982 479 2031 tantirm
491 1999 496 2030 :
512 1988 535 2031 et
548 1985 592 2031 hoe
604 1986 639 2032 est
649 1983 717 2032 Deus.

96 2055 239 2119 ltprimum
247 2066 303 2116 ergo
313 2052 445 2114 dicendum,
455 2052 516 2115 quod
525 2053 629 2102 dicuntur
638 2052 670 2101 dii
680 2051 745 2100 multi
752 2051 876 2100 seeundum

85 2212 113 2270 ll)
129 2215 167 2257 Sie
188 2213 261 2258 etiam
281 2210 453 2267 Tertullianus,
471 2210 514 2254 lib.
534 2212 559 2267 l,
579 2208 695 2252 advorsos
711 2206 876 2265 Marcionem,

69 2286 118 2330 rap.
132 2275 158 2319 5.

98 2343 128 2404 (2)
145 2345 204 2397 Quia
218 2345 309 2390 scilicet
325 2356 422 2400 aquam,
444 2342 533 2399 ignem,
550 2348 651 2397 terram,
672 2345 695 2383 et
715 2338 800 2383 similia
813 2338 880 2393 prin-

69 2408 126 2463 cipia
150 2419 205 2464 qnae
223 2407 255 2451 ab
278 2407 331 2452 aliis
354 2406 470 2461 assignata
489 2404 595 2460 fuerant,
614 2398 777 2448 insufficientia
800 2399 879 2443 existi·

70 2476 171 2528 mentes,
183 2481 229 2513 nee
247 2470 354 2513 uolentes
365 2480 419 2512 rem
429 2472 517 2511 tantam
531 2465 674 2510 committere
692 2462 756 2508 easui
776 2462 812 2505 vel
831 2462 880 2504 lor-.

69 2538 141 2588 tunae,
161 2532 304 2587 principium
327 2530 389 2574 aliud
408 2529 562 2585 quesierunt;
583 2534 608 2571 ut
623 2526 725 2574 insinuat
741 2522 878 2567 Aristoteles

70 2594 108 2637 lib.
119 2596 140 2651 l,
152 2594 273 2650 Melople„
283 2604 337 2647 eap.
348 2592 372 2649 3,
388 2592 428 2635 uhi
442 2591 505 2643 addit
517 2589 578 2647 quod
589 2590 628 2634 ille
640 2588 680 2645 qui
691 2586 769 2637 mundi
783 2596 878 2629 eausam

70 2656 155 2709 putavit
167 2666 222 2700 esse
236 2656 383 2699 intellectum
400 2650 496 2712 (nempe
511 2647 673 2709 Anaxagoras)
693 2650 764 2707 quusi
781 2646 877 2690 sobrios

71 2719 188 2775 apparuit
212 2716 245 2762 od
273 2716 419 2773 vaniloquos
442 2718 604 2772 comparatus.
624 2712 688 2756 Adde
710 2712 831 2755 Platonem
855 2708 878 2749 in

75 2779 158 2823 Timo
170 2780 200 2823 de
212 2792 261 2823 uno
274 2781 323 2823 Deo
334 2778 368 2822 sle
379 2778 522 2833 loquentem.
540 2780 570 2821 Et
587 2776 739 2831 Pythagoram
754 2771 813 2827 apud
828 2768 880 2813 Gle-

75 2848 169 2889 mentem
182 2840 368 2895 Alexandrinum
383 2840 408 2883 in
422 2837 675 2897 Protreptieir:1)eur
693 2828 797 2893 (inquit)
814 2841 880 2874 enee

77 2906 118 2950 nt,
126 2906 239 2949 omnium
245 2907 333 2960 poter,
345 2913 412 2947 mem
425 2900 523 2954 mundi,
537 2905 582 2944 etr.
