1992 3342
324 251 357 288 nu
372 250 510 290 rotumam
526 249 574 287 nar.
809 231 853 288 309¹

55 339 87 383 ast
100 330 247 382 intellectus:
261 329 368 378 voluutas
380 327 442 377 cuim
454 327 596 377 intellectum
610 327 767 390 consequitur.
785 327 849 378 Sicut

55 405 109 454 enim
121 417 160 454 res
175 401 290 452 naturalis
304 401 373 450 babet
389 413 441 449 esse
454 399 478 448 in
493 403 545 450 actu
559 413 600 463 per
616 412 680 448 suam
694 399 804 463 tormam,
819 400 852 449 ita

55 477 178 526 nolemus
195 477 232 524 est
252 470 383 533 intelligens
397 474 450 520 actu
469 484 511 534 per
527 483 592 520 suam
605 471 700 520 lormam
719 469 858 534 intollglbi-

55 548 103 597 lem.
122 544 239 604 ouaebbet
256 546 335 592 antem
353 556 390 592 res
410 543 438 591 ad
458 555 523 590 suam
539 541 635 590 termam
651 541 777 590 naturalem
791 543 851 591 banc

56 619 118 666 labet
133 614 312 676 habitudinem,
332 616 358 661 ut
377 613 467 676 quando
480 625 527 662 uon
544 611 613 660 babet
624 611 712 674 ipsam,
729 612 808 662 tendat
824 613 848 661 in

57 704 118 751 eam3
132 694 155 739 et
166 687 261 752 quando
272 686 342 734 babet
352 684 438 748 ipsam,
455 683 556 746 quiescat
565 683 591 732 in
604 695 631 732 ea
644 698 649 730 ε
664 683 759 733 elidem
774 688 809 734 cst
825 684 853 734 de

56 760 149 822 qualibet
160 756 308 823 perfectione
321 755 420 805 naturali
431 790 438 812 ‚
451 755 512 817 qnod
522 756 558 803 est
567 755 651 803 bonum
661 758 757 804 naturae.
766 755 794 804 ltt
802 756 852 805 bec

56 832 156 881 habitudo
171 831 202 879 ad
220 829 324 889 bonum,
343 826 369 876 in
385 826 454 875 rebus
467 825 599 874 carentibus
614 825 745 886 cognitione
760 829 853 876 vocatur

57 906 181 966 oppetitur
203 898 336 950 naturalis
354 896 388 962 (l)
406 913 411 945 :
428 898 488 946 unde
508 900 530 946 et
548 898 628 945 natura
644 897 806 947 intellectualis
826 899 853 946 ad

56 974 315 1039 bounmappreheusum
325 983 368 1034 per
379 969 476 1018 lormam
485 967 663 1030 intelligibilem,
677 967 775 1018 similem
788 967 855 1018 babi-

57 1047 153 1096 tudinem
163 1046 254 1106 babet3
268 1045 296 1090 nt
308 1041 396 1091 scilicet
409 1039 462 1088 cum
472 1039 543 1088 babet
551 1039 635 1102 ipsum,
648 1039 750 1102 quiescat
759 1039 784 1088 in
799 1039 854 1097 illo,

57 1119 106 1167 cdm
116 1117 169 1168 verb
182 1130 231 1182 non
243 1115 330 1176 babet,
342 1111 530 1176 quarumnam,
543 1113 567 1160 et
582 1114 703 1174 utrumque
714 1110 815 1174 pertinet
827 1111 855 1160 ad

57 1190 202 1238 voluntatem.
213 1185 280 1236 Unde
291 1183 317 1232 iu
326 1182 429 1247 quolibet
434 1183 534 1231 habente
544 1181 686 1231 intellectum
696 1185 731 1230 est
739 1183 855 1244 voluntas,

56 1260 111 1309 sicut
122 1259 145 1309 iu
158 1259 264 1324 quolibet
272 1257 373 1306 habente
390 1267 483 1304 sensum
496 1257 532 1302 est
545 1253 675 1316 appetitus
685 1253 813 1302 animalis.
828 1253 860 1302 Et

55 1332 85 1380 sic
96 1334 188 1395 oportet
197 1330 223 1378 in
237 1331 285 1378 lleo
299 1340 350 1376 esse
363 1326 515 1386 voluntatem,
527 1322 580 1372 cum
589 1323 619 1372 alt
630 1321 654 1370 lu
665 1333 692 1371 eo
703 1321 839 1372 intellectus
851 1338 856 1370 :

56 1407 75 1450 et
87 1403 148 1452 sicut
163 1402 218 1466 eius
238 1397 381 1462 intelliqere
401 1399 436 1446 est
452 1395 504 1459 ejus
517 1409 582 1456 esse,
600 1393 632 1442 ita
651 1396 674 1442 et
689 1391 739 1456 ejus
757 1396 858 1442 esseest

54 1474 103 1536 ejus
113 1473 187 1523 velle.

83 1546 117 1594 nd
130 1545 234 1608 primum
243 1553 298 1603 ergo
313 1539 450 1601 dicendum,
461 1536 523 1601 qudd
531 1535 585 1586 licet
594 1534 652 1584 nibil
665 1533 727 1584 aliud
741 1532 754 1582 d
767 1534 814 1583 lleo
827 1532 857 1582 sit

56 1616 107 1665 bnis
121 1615 164 1665 Ilei
178 1612 226 1678 (2),
238 1616 318 1662 tamm
333 1611 431 1675 ipsemet
444 1613 480 1659 est
493 1607 545 1658 finis
562 1610 667 1671 respectu
686 1605 788 1656 omnium
806 1617 857 1668 que

51 1688 77 1734 ab
90 1699 121 1737 eo
135 1685 211 1747 liunt,
225 1688 248 1733 ct
262 1683 306 1732 hoc
314 1695 357 1744 per
366 1691 429 1731 suam
442 1679 573 1744 essentiam,
587 1677 638 1728 clim
650 1690 690 1742 per
701 1690 766 1727 suam
778 1689 857 1727 essen·

51 1757 145 1807 tiamsit
154 1757 247 1816 bonus,
261 1756 370 1815 utsupra
383 1754 500 1803 ostensum
514 1753 547 1800 est
560 1748 607 1814 (qu.
624 1753 664 1812 lo,
679 1751 721 1798 art.
738 1747 774 1812 3).
796 1747 858 1798 Finis

52 1827 112 1877 enim
122 1828 199 1877 babet
209 1825 323 1875 rationem
336 1822 400 1873 boni,

81 1900 114 1948 lld
123 1897 258 1950 secundnm
272 1895 404 1957 dicendum,
419 1893 480 1957 quod
489 1892 595 1944 voluutas
603 1892 629 1941 in
641 1891 707 1942 nobis
719 1890 821 1955 pertinet
831 1891 860 1940 ad

51 1971 207 2033 appetitivam
219 1971 325 2032 putem,
340 1980 391 2030 quae
405 1964 461 2014 licet
473 1963 501 2014 ab
520 1963 648 2028 appetendo
661 1960 792 2011 nominetur
807 1959 859 2026 (t),

50 2051 190 2096 nontamen
201 2044 266 2092 bunc
273 2041 347 2090 solum
356 2039 427 2106 babet
436 2040 511 2087 actum
521 2040 546 2086 ut
557 2037 650 2100 appetat
659 2046 711 2096 que
723 2045 769 2083 uon
780 2033 858 2093 habet,

50 2118 85 2164 sad
99 2117 178 2166 etiarn
189 2116 219 2162 ut
228 2113 291 2160 amet
301 2110 361 2173 quod
374 2109 459 2170 habet,
473 2110 498 2157 et
512 2107 635 2156 delectetur
651 2103 676 2152 in
689 2103 743 2166 illo,
755 2105 778 2152 et
789 2115 861 2166 quan-

52 2191 98 2236 tum
106 2189 138 2239 ad
149 2188 200 2237 boc
211 2182 319 2233 voluutas
327 2181 352 2230 in
362 2182 409 2230 lleo
418 2178 520 2244 ponitur,
531 2190 582 2239 qua
594 2187 684 2238 semper
695 2174 765 2224 babet
775 2173 860 2224 bonum

47 2259 107 2319 quod
123 2262 166 2309 est
181 2255 237 2319 ejus
253 2251 381 2314 obiectum,
394 2249 447 2300 clam
460 2249 489 2300 sit
501 2247 636 2298 indifferens
649 2246 677 2294 ab
691 2256 719 2294 eo
733 2242 858 2295 secundina

47 2331 195 2389 assentiam,
210 2327 239 2374 nt
250 2322 336 2372 dictum
345 2325 387 2371 est.

72 2464 106 2524 (t)
120 2467 204 2511 Prcnt
218 2461 250 2505 ab
270 2459 374 2515 appetitu
386 2457 479 2503 animali
495 2457 534 2501 vel
553 2453 663 2500 sensitivo
674 2485 680 2510 ,
693 2457 717 2496 et
728 2465 741 2496 a
754 2451 862 2498 rationali

44 2527 89 2570 sive
104 2523 263 2573 intellectivo
275 2521 435 2578 distinguitur,
446 2519 512 2576 quasi
527 2522 616 2562 certum
630 2514 723 2571 aliquod
736 2527 783 2560 erae
797 2515 861 2560 dua·

41 2596 89 2634 tura
104 2586 302 2635 determinatum
315 2595 362 2627 non
373 2582 496 2640 excedens,
510 2587 538 2624 ut
547 2593 576 2624 ex
587 2576 692 2634 prolossc
703 2577 763 2622 inira
777 2583 860 2634 quaest.

73 2725 105 2782 ᾗ)
121 2724 154 2769 ld
167 2727 208 2767 eat
220 2719 285 2764 nulla
297 2730 335 2762 ret
346 2722 410 2762 extra
423 2718 496 2761 Deum
507 2716 537 2760 eit
552 2713 603 2757 nnis
613 2713 655 2757 Ilei
665 2718 710 2756 etc.

76 2794 107 2852 (a,
119 2795 187 2850 onia
198 2803 239 2836 res
251 2791 400 2835 nominantur
414 2789 443 2832 ab
456 2799 485 2831 eo
497 2784 643 2842 potissimum
653 2795 681 2828 en
693 2794 737 2839 quo
749 2781 793 2825 alia
805 2790 860 2823 oon-

40 2865 194 2912 sequnntun
216 2855 278 2898 sicut
289 2864 319 2897 ex
334 2850 437 2908 appetitu
449 2850 484 2894 rei
498 2847 602 2893 nondum
616 2846 701 2890 habite
714 2842 863 2896 consequitur

40 2921 150 2971 ejusdem
161 2928 236 2964 amor
246 2913 479 2971 quandojambablta
487 2917 536 2964 est;
553 2915 577 2954 et
590 2909 645 2953 hinc
658 2909 727 2952 etiam
739 2903 861 2948 delectatio

39 2992 137 3041 propter
149 2984 239 3039 ipsam
258 2978 373 3036 habitam,
385 2976 435 3021 sire
446 2973 615 3030 complacentia
629 2977 673 3015 etc.
