1992 3342
411 241 444 283 nr
459 240 603 280 monmu-
878 231 909 278 18

100 316 184 366 attic.
193 319 258 381 patet
266 315 310 382 (t).
321 317 366 368 Sed
376 318 426 368 bno
437 317 539 367 docuina
548 329 595 367 non
604 316 685 381 probat
691 316 804 382 principia
812 317 909 368 aliarum

99 389 253 440 scientiarum.
269 391 331 453 Ergo
344 391 438 440 nonest
451 389 571 454 sapientia.

130 465 154 512 3.
168 463 300 525 Praeterea,
312 463 363 512 baec
376 461 479 512 doctriua
489 476 531 526 per
542 462 643 513 audium
654 461 788 526 acqrriritur,
797 460 909 526 sapientia

101 537 174 584 autem
186 547 229 598 per
242 532 386 584 infusionem
399 534 499 584 habetur
514 550 520 583 :
535 535 595 585 unde
615 534 676 584 inter
687 537 776 598 septem
786 535 846 584 dona
859 534 909 597 Spi·

104 605 155 656 ritus
166 605 241 656 sancti
252 609 441 670 connumeratur,
451 609 477 654 ut
490 610 554 670 patet
563 607 615 656 isa.
626 607 666 656 XI.
675 607 733 668 Ergo
744 607 794 658 bec
805 605 907 656 doctriua

106 690 146 726 uon
155 683 189 728 est
201 677 328 742 sapientia.

133 750 172 800 Sed
187 753 271 800 contra
285 752 330 812 est,
346 747 407 813 qubd
423 748 507 800 dicitur
517 751 588 799 oeae
606 750 644 798 ru.
655 749 680 798 iu
693 749 767 812 princ.
785 750 838 800 leet.
852 750 885 814 (ἱ)
900 765 906 798 z

105 821 178 871 ottae
191 825 228 870 est
246 824 327 872 uestra
341 820 455 884 sapientia
471 825 495 872 et
510 820 639 871 intellectus
652 834 728 871 coram
741 821 838 886 populis.
856 838 871 867 n

131 893 139 956 (
146 894 292 943 manauere.
305 919 337 929 -
350 893 418 942 Saena
435 890 553 954 doctriua,
567 906 618 942 eum
631 893 660 942 de
676 893 722 942 Dee
735 892 871 943 determinet
883 896 909 941 ut

103 969 134 1014 est
145 964 256 1027 altissima
273 977 358 1026 causa,
372 964 434 1014 iuter
447 977 527 1014 omnes
538 964 662 1028 sapientias
676 965 800 1026 humanas,
814 978 860 1014 nou
873 978 909 1015 so-

102 1034 146 1086 tim
157 1036 182 1086 iu
196 1019 297 1099 pedere,
312 1037 354 1086 sed
364 1035 498 1101 simpliciter
511 1039 546 1085 est
557 1035 655 1087 maxime
668 1035 805 1100 sapientia.)

130 1108 267 1172 Respondeo
281 1107 417 1170 dicendum,
432 1105 494 1170 qudd
509 1108 558 1156 hoec
571 1106 673 1158 doctrina
688 1105 785 1157 manuni
798 1108 909 1172 sapientia

100 1185 134 1230 est
151 1179 213 1230 inter
234 1192 317 1230 omnes
332 1178 457 1243 sapientias
474 1179 596 1242 humanas,
617 1193 664 1230 nou
684 1179 775 1244 pidem
792 1180 817 1228 in
833 1178 910 1244 aliquo

101 1266 181 1316 genere
199 1250 306 1314 tantiam,
325 1251 365 1301 sed
383 1249 525 1314 simpliciter.
545 1250 603 1302 Cdm
623 1252 687 1302 enim
706 1252 917 1329 εαρι-θψΜ

100 1323 175 1374 diuere
186 1328 211 1374 et
220 1323 336 1388 judicare,
347 1321 461 1386 iudicium
474 1326 551 1372 autem
563 1337 606 1386 per
615 1322 718 1374 altiorem
731 1337 822 1374 eausam
835 1325 863 1376 de
873 1323 909 1374 iu·

99 1382 360 1457 teir'dfibdfffie'atum
375 1393 414 1443 ille
428 1393 520 1459 sapiens
533 1394 614 1444 dicitur
627 1394 652 1443 in
665 1409 799 1458 unoquoque
810 1410 907 1459 genere,

99 1468 137 1532 qni
152 1467 285 1518 considerat
299 1479 391 1516 causam
404 1465 537 1516 altissimam
556 1465 617 1516 illius
630 1466 719 1529 generis
732 1483 737 1516 :
752 1470 778 1516 ut
790 1467 814 1518 io
825 1483 908 1531 genere

100 1539 187 1592 adficit
200 1539 302 1602 artifex,
316 1537 357 1602 qui
369 1537 471 1602 disponit
488 1537 585 1588 formam
598 1538 677 1589 domus
683 1577 692 1602 ,
706 1537 761 1589 dicit
843 1539 848 1550 '
865 1556 892 1591 us

101 1611 278 1662 etarohitectou
296 1613 401 1673 respectu
414 1607 548 1659 interiorum
560 1608 685 1674 artificum,
706 1610 745 1674 qui
810 1626 835 1660 uv
864 1628 894 1679 gu
913 1584 940 1631 υ

101 1686 122 1734 et
133 1683 225 1747 lapides
233 1720 242 1745 ‚
251 1681 291 1732 uel
298 1681 427 1746 quiparaut
434 1684 581 1731 caementum.
590 1682 654 1732 Unde
665 1681 748 1732 dicitur
758 1664 853 1733 mr.
866 1684 907 1734 111.

101 1772 113 1802 u
126 1757 155 1806 L't
173 1754 268 1820 sapiens
282 1752 421 1804 architectus
441 1753 614 1804 fundamentum
627 1753 700 1817 posui
715 1770 729 1801 a
748 1755 777 1804 Et
789 1769 866 1806 rursus
884 1757 909 1806 iu

99 1840 182 1890 genere
197 1825 269 1877 mbos
279 1826 386 1876 humane
398 1823 466 1887 uitae,
480 1825 550 1888 prude
568 1839 579 1874 s
635 1825 685 1876 iens
696 1825 786 1889 dicitu,
800 1827 825 1876 in
839 1842 910 1892 quan·

101 1903 147 1950 tum
158 1899 252 1950 ordinat
271 1899 384 1948 humanos
402 1900 467 1946 actus
479 1897 508 1946 ad
521 1838 720 2018 &aaa
738 1899 801 1948 Unde
819 1898 909 1963 dieitur,

101 1971 210 2021 Premit
233 1984 239 2018 ε
257 1987 271 2017 u
284 1968 403 2032 Sapientia
421 1967 526 2018 est-viro
539 1983 581 2032 pru
597 1981 626 2018 eu
636 1968 666 2018 ia.
686 1984 700 2014 o
718 1969 759 2020 llle
775 1969 857 2034 igitur,
871 1972 911 2036 qui

101 2041 228 2094 mnsiderat
242 2039 377 2104 simpliciter
389 2037 521 2088 altissimam
540 2053 631 2090 oausam
643 2039 712 2089 totius
724 2039 839 2104 universi,
859 2057 909 2105 quae

102 2113 159 2164 Iteus
177 2117 229 2176 est,
245 2109 343 2161 mraxime
364 2109 457 2174 sapiens
470 2110 560 2161 dicitur.
582 2111 645 2161 Unde
666 2115 690 2160 et
703 2110 813 2174 sapientia
829 2112 910 2163 dicitur

134 2265 164 2328 (1)
178 2269 232 2314 sive
245 2267 410 2312 scientiarum
428 2270 501 2323 capot
512 2265 616 2314 atem,
632 2271 657 2310 ut
670 2278 722 2323 cap.
737 2267 752 2312 7
770 2270 908 2327 greco-tat„

105 2332 137 2376 tet
148 2331 172 2375 in
182 2329 286 2386 antiquis
295 2341 347 2386 cap.
361 2328 392 2386 6,
404 2328 482 2374 ridere
494 2333 545 2386 est,
557 2333 582 2373 et
593 2329 652 2385 apud
664 2331 687 2377 S.
700 2330 810 2375 'rhomam
821 2331 875 2376 lect.
884 2330 908 2376 6.

136 2400 165 2462 (2)
180 2402 240 2448 Putd
257 2400 365 2446 secundm
377 2400 437 2458 legis
450 2411 519 2455 quarn
532 2406 629 2444 renovat
646 2402 738 2456 Moyses
757 2402 789 2446 ibi
805 2403 838 2446 sio
852 2415 909 2459 prm-

105 2464 211 2510 mitteus:
222 2463 387 2509 Observattte's
392 2465 516 2520 praecepta
524 2466 546 2507 et
556 2462 687 2518 implebitis
696 2475 782 2521 opera·
790 2477 816 2509 ac
828 2465 910 2510 deiude

105 2528 246 2585 subjungens
259 2543 265 2570 ι
278 2525 336 2571 Hae
348 2529 382 2570 est
396 2526 462 2570 etaim
473 2529 552 2570 vestra
564 2527 703 2581 capientia,
720 2533 766 2571 etc.
781 2529 831 2572 Non
851 2529 910 2572 sicut

106 2590 166 2644 prius
178 2591 209 2634 ia
221 2590 353 2647 principio
367 2589 421 2634 tect.
435 2607 442 2632 .·
455 2587 510 2632 Haec
523 2591 557 2632 cat
567 2591 650 2632 nostra
663 2589 795 2645 sapientia,
806 2590 910 2644 quamvis

107 2659 203 2708 quatuor
210 2653 369 2708 manuscripta
376 2651 552 2696 characteribus
560 2650 701 2695 abbreviatis
711 2651 788 2706 tegant
798 2653 828 2696 ia
836 2653 911 2708 prta·

108 2716 170 2772 cipio
186 2715 246 2773 leq„
257 2719 317 2759 utet
330 2715 443 2770 impressa
458 2713 562 2770 quaedam
581 2712 710 2764 imitantur;
727 2713 772 2756 alia
785 2714 840 2757 verb
856 2713 911 2758 sirn-

109 2777 194 2831 pliciter
210 2777 240 2820 ia
253 2777 384 2834 principio
402 2776 431 2819 tc.
454 2776 520 2832 quasi
537 2775 566 2818 de
579 2787 634 2819 vera
648 2774 748 2819 tectione
767 2775 908 2827 dubitanda

109 2839 205 2895 indeque
216 2838 359 2894 praepostere
373 2837 487 2894 quispiam
497 2843 522 2883 et
537 2836 643 2892 corrupte
653 2837 706 2881 tect.
724 2838 841 2892 reposuit,
857 2838 910 2882 lect.

110 2913 158 2946 cunr
170 2901 253 2958 reponi
268 2902 366 2950 deberet
382 2901 458 2958 tepea,
472 2899 594 2946 altudendo
605 2900 634 2943 ad
651 2899 727 2954 ipsum
743 2899 911 2949 deuteronomii

110 2975 191 3010 mmeu
208 2975 306 3022 peneum
320 2963 383 3022 quod
397 2962 510 3020 significat
519 2959 653 3008 secandum
662 2961 745 3018 tepea.
