1992 3342
321 207 353 247 or:
368 212 409 248 our
426 212 632 249 rnnrrnnrurrnru.
833 205 876 251 tlt

78 286 292 352 »nppropiuquato
305 288 367 350 Deo,
382 293 406 339 et
417 289 608 353 appropinquabit
621 288 701 351 uobis3
721 304 734 334 u
751 302 806 350 ergo
821 290 880 339 neus

76 364 108 409 est
119 359 246 409 mutabilis.

105 433 150 481 Sed
167 435 249 481 contra
262 435 312 493 est,
332 430 395 495 quod
410 432 492 481 dicitur
510 430 616 482 Molocd.
633 433 679 481 tlt:
697 448 711 479 u
725 432 771 494 Ego
783 434 843 483 Deus
857 438 880 483 et

77 517 123 552 non
135 500 263 567 mutor‘(l).
277 518 291 548 o

109 574 266 638 (Concessio.
279 598 310 611 -
325 573 386 622 Deus
401 572 454 621 cium
471 572 500 621 sit
517 572 615 634 primum
629 585 685 633 ens,
710 574 803 624 omnino
826 575 881 624 sim·

81 645 132 707 plen
145 648 168 694 et
183 659 224 707 per
237 644 363 694 essentiam
377 644 489 704 infinitus,
506 646 541 691 est
561 643 693 705 simpliciter
708 643 881 709 immutabilis.)

111 716 243 778 Respondeo
260 716 399 777 dicendum,
415 713 476 777 quod
493 728 520 763 ex
535 714 654 777 premissis
668 716 793 765 ostenditur
809 720 880 767 ileum

80 799 127 836 esse
138 786 230 835 omniuo
243 786 420 834 immutabilem.

107 854 183 906 Primd
198 857 307 919 quidem,
321 857 375 919 quia
394 870 463 918 supra
473 860 594 907 ‚ostensum
609 860 644 907 est
661 868 712 909 esse
726 857 817 920 aliquod
835 858 882 921 pri-

77 942 138 977 mum
150 942 207 990 ens,
221 928 284 991 quod
301 933 375 975 Deum
393 926 505 989 dicimus3
518 930 546 975 et
563 925 623 989 qudd
640 929 770 991 hujusmodi
783 928 882 990 primum

78 1011 118 1047 ens
138 1002 229 1061 oportet
249 1011 299 1049 csse
323 1011 407 1060 purum
424 1000 500 1047 actum
520 999 603 1061 absque
622 999 768 1061 permistione
787 999 883 1061 alicujus

80 1070 198 1133 potentie,
218 1068 246 1119 ed
268 1069 330 1131 quod
347 1067 452 1131 potentia
475 1068 607 1131 simpliciter
631 1074 665 1121 est
685 1070 796 1133 posterior
821 1074 881 1119 ectu.

82 1141 151 1189 Omne
163 1146 239 1191 autern
253 1141 315 1203 quod
329 1153 472 1203 quocumque
483 1141 550 1190 modo
559 1144 668 1204 mutatur,
682 1146 716 1192 esi
730 1141 883 1204 aliquomodo
904 1179 912 1193 ,

81 1205 106 1258 in
122 1212 231 1274 potentin.
247 1212 341 1274 Exque
355 1214 434 1273 putet,
449 1209 509 1273 qudd
522 1212 662 1274 impossibile
676 1216 711 1262 est
724 1214 795 1262 iteum
808 1212 883 1275 aliquo

79 1280 144 1331 modo
154 1276 247 1331 mutari.

108 1353 230 1415 Secundo,
246 1350 302 1415 quia
317 1366 386 1403 omne
405 1353 465 1415 quod
483 1356 604 1414 mouetur,
626 1356 736 1414 quantum
752 1354 780 1401 ed
800 1353 884 1415 aliquid

80 1427 170 1485 munel,
183 1428 208 1474 el
222 1427 335 1487 quantum
351 1423 380 1471 ad
398 1422 484 1484 aliquid
503 1424 605 1471 transit:
625 1423 683 1473 sicut
701 1421 761 1484 quod
782 1427 885 1471 movetur

82 1493 109 1542 de
119 1492 222 1544 albedine
235 1494 261 1542 in
278 1493 438 1555 nigredinem,
452 1497 531 1542 manet
545 1494 668 1543 secundum
687 1492 848 1555 substantium
862 1499 884 1543 et

85 1563 116 1611 sic
128 1564 154 1613 iu
168 1566 231 1615 omni
245 1564 275 1615 ed
293 1565 355 1628 quod
374 1569 492 1626 movetur,
509 1564 632 1613 attenditur
651 1565 726 1627 alique
742 1566 882 1628 compositio.

85 1634 202 1686 Ostensum
211 1639 249 1686 est
260 1640 339 1685 autem
349 1634 434 1698 supri,
445 1633 505 1696 quod
518 1635 541 1683 in
553 1637 598 1685 ileo
610 1637 672 1685 nulla
685 1639 720 1685 est
737 1636 882 1698 compositio,

82 1706 120 1755 scd
135 1712 170 1756 ost
190 1707 287 1756 omnino
304 1706 411 1768 simplex.
430 1706 495 1755 Unde
514 1706 658 1756 manilestum
679 1710 727 1769 est,
749 1706 808 1769 qudd
825 1708 885 1756 Deus

85 1777 168 1826 moueri
182 1792 229 1827 non
242 1780 329 1844 potest.

112 1846 197 1911 Tertio,
207 1848 264 1911 quio
276 1860 346 1897 omne
359 1846 421 1909 quod
432 1850 544 1909 moretur,
558 1852 621 1899 motu
632 1862 672 1899 suo
682 1846 766 1910 aliquid
779 1847 884 1909 acquirit,

81 1922 104 1966 et
121 1912 233 1981 pertingit
252 1919 281 1967 ed
302 1918 360 1967 illud
373 1919 404 1967 ud
421 1918 482 1981 quod
501 1919 564 1981 prius
583 1933 629 1969 non
651 1918 805 1983 pertingebat.
827 1918 886 1967 Deus

81 1994 174 2052 numm,
188 1989 243 2039 cium
257 1990 288 2038 sit
301 1988 407 2038 infinitus
420 1990 614 2052 comprehendens
629 1990 654 2038 in
670 2002 694 2039 se
708 2000 797 2036 omnem
814 1987 887 2049 pleni-

80 2060 183 2110 tudinem
196 2060 348 2123 perfectionis
361 2059 432 2109 totius
446 2072 510 2123 esse,
520 2070 566 2110 non
577 2064 652 2123 potest
663 2056 748 2121 aliquid
761 2057 885 2121 acquirere,

79 2144 123 2180 uec
136 2132 263 2181 extendere
277 2144 302 2179 se
315 2130 340 2178 in
362 2129 450 2191 aliquid
470 2131 500 2179 ud
520 2130 658 2193 quodprius
672 2142 718 2179 uon
733 2128 884 2191 pertingebat.

79 2203 141 2252 Unde
154 2202 220 2251 nullo
233 2202 301 2251 modo
314 2200 359 2250 sihi
373 2202 484 2264 competit
500 2207 582 2251 motus.
598 2202 626 2251 Et
646 2202 699 2251 iude
717 2204 751 2249 est
765 2201 825 2262 quod
838 2201 887 2263 qui-

77 2272 128 2322 dam
149 2272 313 2335 antiquorum,
334 2271 401 2335 quasi
417 2272 446 2321 ab
464 2272 514 2335 ipsa
535 2273 631 2322 veritate
652 2271 737 2333 coacti,
762 2264 886 2333 posuerunt

80 2342 177 2403 primum
196 2341 336 2405 principium
353 2355 403 2392 esse
416 2342 541 2393 immobile.

109 2413 144 2461 ,tu
158 2412 261 2475 primum
278 2425 333 2474 ergo
353 2412 488 2475 dicendum,
506 2412 565 2476 quod
580 2410 719 2475 Augustinus
737 2410 769 2460 ibi
787 2411 887 2474 loquitur
988 2398 989 2405 ¹

81 2484 208 2532 eorundum
218 2482 322 2544 modum,
335 2484 397 2545 quod
406 2484 471 2533 Plato
484 2482 572 2533 dicebat
581 2483 678 2547 primum
689 2496 782 2532 movens
795 2496 886 2531 movere

80 2553 193 2617 seipsum,
212 2566 306 2604 omnem
323 2553 484 2616 operationem
502 2555 621 2605 nominans
640 2558 742 2615 motum,
761 2553 885 2602 secundum

81 2624 139 2685 quod
153 2624 225 2674 etiam
235 2623 313 2686 ipsum
323 2623 455 2687 intelligere
467 2629 490 2674 et
501 2627 560 2676 uelle
573 2629 596 2675 et
608 2638 692 2687 amare,
708 2628 782 2673 motus
795 2622 885 2685 quidam

114 2770 144 2830 (ll
166 2772 232 2825 Quod
254 2772 353 2815 Hieron.
370 2772 402 2816 ibi
420 2773 541 2829 dupliciter
557 2774 672 2829 explicet:
689 2774 724 2817 uel
739 2772 793 2827 quia
806 2781 887 2824 nempe

85 2834 216 2889 injudicio
227 2834 305 2878 παίω
313 2846 478 2890 personarum
489 2838 605 2880 varietate
613 2838 782 2887 commutetur,
791 2833 825 2875 vet
835 2830 888 2883 quio

86 2892 221 2942 divinitatis
236 2899 358 2940 naturum
371 2896 426 2940 clem
439 2900 509 2941 carie
522 2899 676 2944 nominator,
691 2908 740 2939 ooo
756 2896 832 2935 mutor
