1992 3342
139 203 184 251 tsi
328 214 391 251 nans
405 213 431 261 n,
447 211 540 259 oum.
556 212 639 259 nvn,
655 211 711 249 ann.
729 212 757 249 v.

139 294 163 340 et
176 290 317 340 voluntatens
330 287 474 351 accipiantur
491 287 518 339 in
533 290 580 339 [teo
593 288 644 339 duae
663 287 833 353 processiones,
850 288 924 339 vnetu

138 363 201 429 quod
217 361 285 412 tertia
297 360 328 413 sit
343 359 476 423 accipienda
488 358 613 411 secundior
626 360 764 422 potentiani.

170 438 194 483 2.
210 436 342 493 Praeteren,
356 430 557 481 mutasmnme
570 430 722 481 videturesse
735 430 871 497 punupinrn
888 444 929 495 pro-

139 502 266 567 cessionis,
281 502 335 553 curn
348 502 433 553 bonurn
450 503 538 553 dicatur
554 516 604 553 esso
617 502 775 566 diffusionem
788 506 831 553 sni
842 505 884 567 ll).
901 501 928 549 l'l-

140 575 205 625 detur
218 574 287 636 igitur
300 574 361 638 qnod
373 574 500 625 secundum
512 574 639 625 bonitium
652 574 726 637 eliqua
740 576 857 638 processio
870 576 894 625 in
905 574 929 623 li·

139 646 200 697 vinis
210 646 283 711 accipi
296 647 387 697 debeat.

173 723 196 768 3.
206 720 328 781 Praeterea,
340 718 413 781 major
423 721 460 767 ost
470 717 627 769 leoenntlitatis
639 717 711 774 uirtus
721 717 747 769 in
759 718 822 781 lieo,
834 718 900 783 quim
913 717 931 765 in

141 790 217 841 nolu.
231 791 276 841 Sed
290 790 315 839 in
327 790 394 841 nobis
406 804 453 842 non
467 793 502 840 est
515 790 604 839 tantum
615 802 662 839 una
678 789 794 853 processio
811 792 889 853 verbi,
901 788 931 839 ssd

141 862 233 925 mults3
246 861 301 926 quia
311 875 341 912 ex
353 875 399 913 uno
412 862 482 911 verm
492 860 518 911 in
533 860 599 911 nobis
611 860 717 925 procedit
731 860 931 925 andnumans

142 931 247 985 similiter
257 948 287 984 ex
299 947 345 983 uno
360 946 436 983 amore
450 931 508 983 alius
520 945 592 986 amor.
603 934 662 995 Ergo
675 935 699 982 et
710 932 735 981 in
743 934 790 983 neo
802 938 858 984 sunt
867 934 933 998 plures

141 1005 300 1068 processiones
312 1004 380 1069 qnlrn
398 1003 459 1055 dua.

174 1078 218 1128 Sed
232 1081 310 1128 contra
323 1080 372 1139 est,
382 1074 442 1139 quod
454 1075 480 1125 in
489 1074 537 1133 Deo
549 1088 596 1125 non
608 1078 663 1127 sunt
672 1074 718 1127 nisi
728 1076 773 1125 cluo
784 1077 933 1139 poceoentcs,

142 1148 229 1202 scilicet
242 1147 311 1199 Filius
324 1150 348 1198 et
359 1146 459 1213 Spiritus
471 1150 564 1200 sanctus
577 1161 582 1195 :
596 1160 650 1209 ergo
666 1150 720 1199 sunt
732 1146 766 1201 ihi
783 1148 875 1199 antina
893 1150 933 1199 dus

141 1220 308 1284 processiones.

173 1292 329 1358 (Coretusro.
345 1318 376 1329 -
391 1290 447 1341 Cirrn
460 1290 618 1355 processiones
631 1290 659 1341 in
673 1290 757 1341 uiuus
769 1297 893 1355 sequantur
906 1306 936 1340 ac-

142 1364 217 1415 tiones
228 1365 392 1427 immanentes,
406 1378 460 1427 que¹
471 1363 496 1416 in
508 1368 590 1413 natura
600 1361 750 1413 intellectuali
763 1367 787 1413 et
798 1363 877 1415 divina
891 1366 934 1415 sunl

140 1436 231 1487 ancum
241 1438 302 1499 dna,
317 1435 461 1499 iutetttpere
477 1439 501 1485 et
512 1434 585 1497 celle,
597 1434 649 1485 dnae
660 1436 778 1487 dumtaxat
787 1437 935 1499 proceaeiones

141 1512 194 1569 sunt
207 1507 342 1572 iectionis,
355 1506 420 1557 verbi
431 1506 519 1558 scilicet
528 1511 552 1556 et
565 1506 657 1557 amoris
665 1504 678 1570 1)

173 1580 309 1645 Respondeo
326 1578 447 1631 dicendum
463 1576 526 1642 quod
546 1578 703 1641 processiones
721 1576 746 1629 in
768 1577 854 1629 diriuis
872 1578 935 1641 accipi

141 1664 187 1701 non
201 1653 313 1715 possunt,
330 1649 374 1698 nisi
388 1648 513 1701 secundun
526 1649 628 1701 actiones
641 1662 692 1712 qnae
706 1649 731 1699 in
744 1653 825 1711 agente
839 1657 936 1703 manent.

140 1722 275 1787 Hujusrnodi
293 1725 372 1775 autem
393 1720 495 1786 actiones
512 1722 537 1771 in
556 1726 636 1773 natura
653 1722 807 1773 intellectuali
823 1726 848 1773 et
867 1723 938 1774 dirius

140 1810 187 1846 non
198 1797 252 1845 sunt
267 1792 311 1844 nisi
322 1794 386 1856 dnae,
397 1794 483 1843 scilicet
494 1793 639 1858 intelligere
651 1797 676 1845 et
688 1794 749 1843 celle
760 1811 769 1843 :
782 1796 937 1854 nauseantis,

141 1868 203 1933 quod
216 1866 285 1919 etum
297 1864 388 1915 utetur
401 1878 451 1916 esse
464 1865 567 1929 operatio
581 1865 606 1915 in
619 1866 743 1929 sentiente,
755 1869 791 1917 est
801 1870 866 1919 entra
878 1873 941 1917 natu-

140 1954 189 1991 ram
202 1937 392 2000 intellectualem,
407 1951 481 2001 neque
498 1937 598 1987 totaliter
611 1941 647 1987 est
662 1940 775 1995 remotum
786 1937 800 1987 a
810 1952 892 2001 genere
906 1953 940 1987 ac-

140 2010 229 2064 tionum
241 2024 291 2076 qnae
301 2013 355 2061 sunt
362 2009 393 2059 ad
400 2013 473 2071 entre,
483 2022 537 2058 naun
546 2010 641 2057 sentire
651 2008 770 2072 perficitur
780 2024 821 2073 per
831 2011 940 2061 actioneur

141 2083 256 2145 semilis
273 2080 299 2132 in
311 2094 412 2131 sensum.
428 2078 573 2143 Relinquitur
586 2078 656 2141 igitur
671 2079 734 2145 ,quon
747 2080 810 2133 nulla
829 2081 872 2133 alia
890 2096 942 2144 pro

141 2155 214 2207 cessio
232 2154 304 2219 possit
316 2166 366 2203 esse
387 2151 412 2201 in
429 2152 476 2202 lleo
490 2151 535 2201 nisi
548 2150 616 2203 verbi
629 2156 653 2201 et
663 2153 770 2202 norwic.

172 2227 207 2281 Ad
223 2225 322 2289 primum
335 2238 389 2286 ergo
411 2223 533 2273 utendum
541 2258 550 2285 ,
564 2222 623 2285 quod
637 2222 742 2285 polenus
755 2227 791 2275 est
808 2223 942 2288 principium

141 2296 224 2359 agendi
236 2297 261 2345 in
275 2296 336 2345 eliud
346 2293 390 2359 (2),
404 2294 464 2345 unde
478 2294 604 2345 secundim
622 2294 750 2357 potentiam
764 2296 874 2359 accipitur
883 2295 942 2344 actio

141 2367 177 2416 acl
190 2371 273 2417 entra.
286 2369 315 2417 Et
324 2367 371 2430 sic,
381 2365 507 2417 secundina
518 2366 650 2417 attributum
663 2366 772 2429 potentia
783 2380 830 2416 non
838 2366 941 2429 accipitur

140 2438 255 2501 processio
276 2438 359 2488 dirius
373 2450 476 2500 persona
483 2474 492 2501 ,
507 2436 547 2487 sed
566 2434 639 2486 solim
653 2437 768 2499 processio
782 2442 943 2488 creaturarum.

171 2510 208 2560 Ad
218 2511 343 2559 sewndum
353 2508 484 2571 dicendum,
494 2506 555 2571 quod
567 2507 657 2557 imore
670 2508 743 2570 luent
752 2509 809 2559 dicit
821 2508 908 2561 Boetius
919 2508 944 2554 iu

140 2580 182 2631 tiu.
192 2580 220 2631 de
233 2580 397 2644 Hebdomon.)
410 2580 510 2644 pertinet
527 2579 556 2629 ad
568 2579 691 2630 essentiam
697 2617 707 2643 ,
724 2582 749 2630 et
763 2594 811 2633 non
824 2584 852 2632 al
866 2592 945 2643 opera-

176 2742 206 2808 (l)
218 2744 336 2803 Colligitur
346 2758 376 2789 ex
389 2745 431 2790 llh.
443 2745 471 2789 de
483 2743 567 2791 divinis
578 2744 726 2804 nominibus,
742 2757 797 2801 cup.
810 2744 825 2789 t
832 2777 839 2805 ,
854 2741 870 2805 ἓ
882 2742 893 2789 1
904 2775 908 2796 ,
919 2740 947 2795 i,

142 2807 185 2863 lo;
199 2814 225 2854 ut
236 2813 318 2865 quest.
331 2806 355 2866 5,
371 2814 415 2852 nrt.
427 2806 451 2866 l,
465 2820 553 2863 arpenn¹
566 2806 590 2852 2.

177 2877 206 2940 (Ω)
223 2880 260 2925 Sic
280 2878 309 2923 de
331 2879 407 2923 activa
425 2877 513 2923 tantnm
531 2878 574 2923 lile.
588 2880 626 2934 V,
642 2877 833 2935 &inpulsat
851 2878 894 2936 lt,
913 2878 950 2917 tvl

142 2954 196 3000 cap.
209 2942 255 3002 ts,
270 2940 313 2987 uhi
325 2940 418 2997 passiva
429 2952 522 2998 quoque
535 2953 578 2997 por
589 2940 721 3000 oppositum
735 2941 857 2989 detlnitrnr.
